5600 6809
445 769 507 828 475
1084 761 1351 830 ΙΝΒΤΙΤΠΤΙΟ
1374 762 1480 827 REL.
1505 757 1686 838 OHRJST.
1714 764 1805 825 1559.
2388 768 2451 830 476

444 954 519 1016 tatio
545 952 583 1016 de
604 949 789 1016 absolutiora
806 951 937 1032 papali,
967 951 1047 1031 quod
1074 971 1142 1014 eam
1168 949 1336 1031 fundatam
1357 971 1423 1015 esse
1474 948 1605 1027 adeptus
1622 952 1697 1025 mat,
1716 949 1924 1028 intempestive
1939 949 2067 1014 trabunt
2084 950 2127 1013 ad
2138 951 2332 1031 peculiarem
2348 954 2452 1018 euius-

444 1038 549 1101 uclunt
576 1057 597 1101 a
625 1037 796 1102 sacerdotis
817 1057 970 1119 perseum
1002 1056 1099 1116 neque
1126 1037 1161 1099 id
1189 1036 1290 1114 nmdo,
1320 1037 1374 1101 sed
1401 1057 1423 1100 a
1473 1055 1531 1114 que
1548 1053 1650 1112 usum
1673 1034 1753 1114 quod
1769 1035 1836 1097 iam
1853 1035 1995 1099 dininnus
2012 1038 2165 1099 mnurmm
2183 1037 2369 1117 disciplinae
2387 1060 2451 1106 esse

443 1124 627 1204 capnitione:
659 1128 694 1186 ut
722 1128 844 1187 tantum
872 1124 909 1187 dc
936 1120 1027 1185 rebus
1052 1122 1180 1200 delatis,
1214 1123 1366 1202 quaesitis
1393 1127 1422 1184 et
1473 1120 1676 1197 destinatum,
1705 1119 1759 1183 ubi
1786 1120 1917 1184 tollenda
1939 1127 1983 1184 est
2001 1123 2160 1204 pronioris
2183 1127 2212 1186 et
2234 1128 2322 1187 notae
2343 1125 2453 1204 nopae

443 1211 605 1289 compertis
627 1210 748 1274 iudicet.
792 1208 923 1272 Iamsi
950 1207 1422 1286 puisabonisistisdoctari·
1473 1206 1606 1286 offerusio.
1653 1204 1714 1269 Sed
1735 1205 1836 1285 paulo
1857 1212 1931 1286 post
1957 1207 2198 1272 moderationem
2216 1214 2399 1289 pervertant
2426 1217 2454 1275 et

444 1294 502 1357 bus
540 1300 681 1375 onomat,
715 1294 966 1358 reconcilieturnc
999 1291 1067 1357 Dec
1101 1297 1249 1374 peccator,
1283 1294 1421 1373 peccatis
1472 1295 1681 1371 corrumpunt,
1703 1291 1849 1355 addentes
1870 1292 1971 1356 alitem
1990 1293 2117 1357 modum
2134 1295 2323 1359 remittendi:
2343 1317 2453 1378 nempe

442 1380 630 1461 quibusdam
651 1381 800 1457 remissis,
825 1399 885 1444 mre
906 1378 993 1441 oideo
1014 1378 1092 1458 quid
1113 1379 1334 1459 respondeant:
1356 1379 1421 1443 nisi
1445 1390 1448 1421 ¹
1472 1396 1543 1440 cum
1563 1376 1753 1440 iniunctione
1770 1397 1888 1457 poenae
1909 1383 1937 1442 et
1958 1377 2193 1459 satisfactionis.
2239 1380 2281 1443 In
2302 1402 2361 1461 quo
2382 1385 2453 1448 suns

443 1466 524 1546 quod
543 1467 639 1547 fateri
661 1470 802 1546 copentm
823 1464 1053 1544 infructuosum
1079 1485 1144 1529 esse
1171 1465 1325 1544 quidquid
1346 1485 1421 1545 pro-
1446 1495 1448 1533 ι
1472 1462 1641 1542 sacrificiis
1662 1464 1715 1526 ins
1736 1468 1884 1545 arrepunt
1904 1464 2106 1544 dimidiandi,
2128 1467 2211 1546 qnod
2228 1465 2318 1531 Deus
2339 1468 2453 1548 ubique

443 1553 571 1615 rcuntiat
597 1552 740 1616 sacerdos
761 1551 798 1613 de
821 1550 966 1612 remissis
980 1550 1131 1629 peccatis,
1159 1570 1293 1631 quoram
1312 1551 1421 1614 recita-
1445 1541 1448 1578 ¹
1472 1550 1508 1612 in
1535 1548 1669 1612 solidum
1696 1547 1784 1612 rioms
1809 1550 1969 1627 promisit.
2023 1551 2125 1631 Qunam
2153 1552 2236 1616 enim
2268 1552 2451 1633 sinpliciter

444 1638 556 1702 tionem
578 1637 723 1713 aiulierit
746 1636 900 1714 quamdiu
921 1635 989 1698 alia
1006 1655 1067 1698 non
1085 1637 1267 1700 animant-nr
1283 1657 1305 1699 a
1321 1640 1419 1699 reatu.
1466 1635 1691 1715 poenitetntiam
1712 1633 1983 1716 eenamcenam,
2000 1637 2134 1717 partitio
2155 1637 2230 1700 liaeo
2251 1637 2297 1702 oel
2318 1641 2451 1719 acceptia

444 1721 499 1785 En
510 1729 604 1801 parte
620 1721 789 1800 corititcntis
805 1740 899 1800 quam
913 1722 1093 1800 perniciosa
1110 1722 1253 1786 anxietas
1270 1723 1421 1786 ammedera
1466 1739 1603 1800 prorsm
1623 1721 1777 1801 saerilepa
1799 1725 1852 1783 est.
1886 1720 2022 1785 Perinde
2040 1723 2122 1786 enim
2143 1723 2222 1786 calet
2244 1744 2281 1788 ac
2303 1725 2333 1787 si
2350 1744 2451 1788 sacer·

443 1808 521 1870 tiam
542 1809 714 1871 deuinctam
735 1811 841 1884 teneat,
868 1805 941 1869 ltine
955 1811 1051 1885 patet,
1074 1808 1156 1886 quod
1177 1807 1252 1870 dum
1274 1807 1421 1870 recumbit
1472 1806 1542 1883 dos,
1572 1804 1691 1869 tribuni
1705 1824 1876 1885 personam
1896 1808 2069 1885 sustinens,
2098 1807 2166 1872 Deo
2184 1810 2380 1874 intercederet
2399 1831 2452 1875 nce

442 1892 478 1955 in
495 1894 663 1957 sacerdotis
682 1892 904 1969 discretionem,
927 1896 962 1954 ut
982 1891 1159 1973 mannitur,
1178 1893 1260 1956 riibil
1278 1914 1315 1956 en
1333 1891 1420 1957 cerba
1446 1896 1448 1928 ¹
1471 1892 1560 1955 uellet
1577 1890 1681 1954 Deum
1699 1891 1772 1970 pati
1793 1910 1879 1954 mera
1901 1912 1961 1955 sua
1982 1892 2166 1958 liberalitate
2187 1895 2223 1957 iu
2243 1897 2382 1977 pretium
2403 1917 2451 1960 re-

416 1975 507 2041 ·Dei
533 1984 665 2042 statuere
686 1983 795 2056 potest.
840 1977 891 2041 Ab
914 1977 965 2040 bis
990 1978 1132 2043 omnibus
1153 1977 1300 2042 absurdis
1321 1977 1421 2042 libera
1472 1979 1586 2056 emere,
1614 1978 1679 2041 nisi
1706 1977 1763 2054 ptri
1789 1977 1832 2040 ad
1852 1977 2048 2041 tribunitium
2070 1979 2255 2044 subsellium
2269 1987 2452 2062 prostratus

442 2064 641 2128 etimmunis
662 2069 707 2127 est
728 2065 868 2128 doctrina
886 2084 980 2142 peram
999 2064 1162 2128 tradimus.
1193 2062 1421 2128 Conditionolis
1472 2063 1618 2140 iacuerit,
1641 2062 1762 2141 illicque
1782 2064 1824 2125 sit
1844 2064 2021 2128 mulctatus.

442 2149 525 2212 enim
551 2155 595 2214 est
622 2149 773 2213 absolutio
801 2154 836 2212 ut
857 2149 989 2229 considat
1003 2155 1146 2228 peccator
1167 2149 1228 2214 sibi
1244 2151 1421 2231 propitium
1561 2152 1611 2211 24.
1670 2149 1748 2212 Tota
1779 2146 1839 2212 buc
1869 2169 1993 2213 sumrm
2025 2150 2120 2214 redit:
2150 2152 2181 2216 si
2212 2150 2319 2216 Deum
2347 2153 2450 2232 facere

442 2253 507 2297 esse
528 2234 647 2314 Deum,
675 2235 763 2299 modo
790 2236 907 2299 sineem
935 2236 971 2298 in
995 2234 1114 2300 Obristi
1136 2237 1291 2316 sacrificio
1313 2236 1422 2316 cepio
1472 2235 1566 2298 celim
1585 2234 1787 2314 confessionis
1806 2232 1901 2297 buius
1921 2234 2050 2314 fictitiae
2068 2242 2214 2314 autorem,
2236 2256 2343 2301 mrum
2362 2240 2450 2302 nani

443 2320 717 2402 commonuerat,
740 2321 962 2400 etacpuiescat
981 2321 1099 2385 oblatae
1120 2323 1183 2385 sibi
1201 2323 1333 2404 pratiae.
1367 2321 1421 2384 Ita
1472 2325 1565 2384 tatem
1595 2320 1739 2402 conequi,
1770 2321 1863 2384 siccati
1890 2323 2063 2385 manistraai
2093 2321 2245 2403 falsarias
2273 2323 2308 2387 in
2334 2325 2450 2403 paucis

442 2425 550 2470 errare
571 2428 633 2471 nori
651 2412 758 2488 potest,
781 2408 835 2487 qui
850 2428 911 2488 pro
933 2406 1034 2488 officio
1049 2408 1233 2486 praeconis,
1256 2408 1338 2486 quod
1359 2407 1421 2471 sibi
1472 2426 1550 2486 quos
1577 2407 1671 2470 citant
1697 2405 1780 2469 locis.
1828 2407 1931 2486 Quum
1956 2427 2027 2471 aero
2047 2407 2161 2488 palam
2188 2409 2230 2473 sit
2263 2409 2357 2492 lepem
2384 2430 2450 2474 esse

442 2510 481 2555 ea
502 2491 566 2557 Dei
587 2493 678 2557 uerbo
699 2494 848 2557 dictatum
869 2498 927 2570 est,
951 2493 1137 2575 promulpat.
1183 2492 1329 2557 Peccator
1350 2513 1421 2557 uero
1473 2491 1511 2554 ab
1538 2491 1714 2554 bominibus
1741 2492 1934 2571 impositam,
1962 2493 2030 2558 dico
2058 2498 2085 2556 et
2111 2495 2308 2574 tyrannicam
2336 2515 2401 2559 esse
2423 2501 2450 2560 ct

443 2582 557 2642 mnam
585 2586 614 2644 et
638 2578 793 2658 liquidam
820 2579 1039 2643 absolutionum
1061 2579 1205 2659 amplecti
1225 2583 1340 2658 potest,
1367 2580 1421 2642 ubi
1473 2597 1542 2640 cum
1568 2577 1632 2642 Dei
1664 2578 1788 2640 iniuria
1820 2577 1931 2655 latam
1964 2579 2019 2658 qui
2050 2577 2138 2643 uerbo
2164 2601 2221 2644 sico
2248 2583 2450 2646 conscientias

441 2663 576 2744 sinipleoc
597 2665 655 2730 illa
676 2664 807 2728 conditio
829 2665 997 2744 apponitur
1018 2666 1056 2729 de
1073 2665 1285 2745 amplexanda
1304 2663 1423 2728 Oltristi
1473 2664 1648 2745 ostrinpens
1671 2663 1737 2726 cult
1759 2662 1796 2725 ab
1813 2661 1972 2726 bominum
1989 2665 2120 2744 imperio
2137 2666 2255 2731 solutas
2274 2687 2347 2731 esse.
2377 2667 2450 2731 Iam

440 2751 557 2831 pratia,
587 2751 757 2815 secumdum
776 2751 949 2832 pectoralem
970 2750 1060 2814 iilam
1080 2752 1227 2833 acopistri
1249 2751 1422 2832 ipsiusne
1473 2769 1568 2829 quum
1589 2749 1632 2812 ad
1653 2749 1849 2811 obtinendam
1871 2749 1995 2812 veniam
2015 2752 2181 2815 nenessitas
2202 2752 2271 2816 eim
2293 2754 2340 2816 rei
2355 2773 2450 2831 prae-

440 2835 563 2915 pulam,
592 2857 671 2917 pirae
698 2837 794 2917 impie
820 2842 924 2915 spreta
951 2837 988 2899 in
1003 2841 1126 2916 papatu
1146 2838 1227 2917 fuit:
1252 2837 1422 2900 secundam
1472 2833 1620 2917 scribitur
1645 2853 1743 2914 quam
1763 2833 1853 2898 Deus
1880 2834 1977 2898 uoluit
2001 2855 2067 2900 esse
2087 2835 2230 2914 liberam,
2257 2837 2326 2901 dico
2353 2839 2449 2902 sacri-

440 2920 533 2997 sideru
555 2928 643 2986 tuam
663 2922 720 3001 liat
741 2921 797 2985 tibi
820 2922 952 3004 (Matth.
975 2929 1003 3000 9,
1023 2924 1089 3006 29).
1473 2921 1588 3001 lepium
1614 2939 1679 2984 esse
1700 2919 1828 2983 minime
1849 2919 2018 2985 tolerabile:
2047 2922 2124 3001 quia
2152 2922 2234 2986 nibil
2254 2920 2323 2986 Dea
2346 2924 2448 3004 acopis

531 3011 580 3071 23.
629 3009 729 3089 (timia
761 3008 880 3073 insulse
910 3009 1075 3086 misceant,
1106 3028 1186 3088 quae
1217 3007 1254 3070 de
1287 3008 1422 3072 dacium
1467 3007 1645 3086 proprium,
1655 3003 1678 3089 ¹)
1701 3024 1797 3084 qnam
1813 3011 1941 3086 peccata
1961 3008 2119 3083 canibus,
2142 3008 2176 3070 in
2197 3028 2256 3088 quo
2276 3006 2362 3070 rioms
2383 3009 2448 3072 sita

437 3096 587 3172 potestate
613 3095 695 3158 docet
722 3095 894 3173 scriptura,
916 3094 1055 3173 promisi
1081 3114 1129 3156 me
1155 3093 1233 3157 alibi
1253 3094 1420 3172 dicturum,
1472 3096 1517 3157 est
1547 3092 1646 3156 salus.
1689 3091 1745 3156 Ad
1776 3090 1850 3155 baec
1881 3093 2001 3156 ostendi
2026 3092 2176 3156 invectam
2199 3094 2323 3157 demum
2347 3094 2449 3174 fuisse

443 3177 571 3242 alona
588 3182 646 3244 erit
658 3181 861 3260 opportunior
878 3180 914 3241 in
932 3180 1091 3242 tractando
1108 3179 1258 3260 repimine
1269 3179 1420 3243 eeclesiae.
1471 3176 1550 3242 banc
1571 3177 1776 3258 tyrannidem
1799 3196 1895 3257 quam
1914 3177 2007 3259 foeda
2023 3176 2167 3242 barbarie
2187 3199 2355 3259 oppressus
2372 3184 2449 3244 esset

443 3261 644 3329 Meminerint
664 3272 766 3328 tanuen
784 3265 905 3327 lectores
920 3269 1122 3343 praepostere
1145 3265 1187 3328 ad
1207 3264 1421 3329 auricularem
1471 3264 1614 3328 mundus.
1643 3264 1746 3329 Domi
1761 3267 1927 3343 praeterea
1948 3263 2044 3346 lepem
2062 3283 2127 3328 esse
2142 3266 2329 3345 pestiferam
2347 3265 2449 3349 qua2)

442 3353 469 3412 et
501 3356 647 3415 secretam
685 3350 904 3429 antepassionem
940 3348 1084 3429 tor'queri,
1123 3370 1202 3429 puae
1228 3351 1351 3431 partim
1383 3353 1421 3415 de
1445 3376 1448 3437 p
1471 3349 1518 3413 cel
1538 3349 1574 3411 in
1594 3349 1836 3430 desperationem
1851 3350 2041 3430 praedpitat
2061 3349 2195 3414 miseras
2216 3351 2355 3428 aritinus,
2382 3351 2451 3416 ubi·

441 3435 594 3517 ecanpelii
616 3434 864 3516 praedieatione,
892 3435 1015 3515 partim
1047 3436 1085 3499 de
1111 3437 1421 3500 excommunicatione
1445 3440 1448 3531 ξ
1470 3455 1589 3515 cunque
1609 3436 1689 3516 eipet
1705 3434 1769 3499 Dei
1786 3434 1894 3513 timor,
1913 3434 1969 3514 vel,
1990 3434 2045 3498 ubi
2066 3440 2111 3500 est
2131 3437 2283 3500 securitas
2303 3437 2451 3501 inanibus

442 3540 464 3582 a
488 3520 611 3585 Christo
640 3521 824 3584 dictasunt.
872 3521 977 3600 Quare
998 3520 1073 3585 dum
1095 3522 1258 3600 obtutum,
1286 3523 1339 3585 ius
1360 3523 1421 3587 sol·
1444 3534 1448 3614 t
1470 3520 1632 3584 blanditiis
1652 3519 1835 3597 andorn
1858 3522 1960 3602 mapis
1981 3520 2104 3587 hebetat.
2142 3522 2300 3587 Postremo
2322 3523 2450 3604 esposui

403 3642 407 3649 ι
441 3607 533 3670 cendi
554 3607 662 3670 datum
684 3626 748 3670 esse
770 3605 930 3686 apostolis,
959 3607 1040 3686 quod
1060 3608 1231 3672 sacerdotes
1253 3612 1419 3684 coerceant,
1444 3617 1447 3722 Ι
1471 3626 1670 3686 quascunque
1691 3605 1826 3686 affaunt
1845 3607 2052 3687 mitipationcs
2073 3627 2136 3672 non
2158 3607 2222 3671 alio
2243 3608 2366 3672 tondere
2386 3608 2449 3674 nisi

435 3696 564 3769 peecata
596 3691 658 3755 sibi
689 3693 797 3773 apnita
829 3693 1023 3770 remittendo,
1060 3692 1179 3772 talsum
1211 3697 1237 3756 et
1268 3694 1420 3774 friuolam
1444 3727 1447 3764 ι
1469 3696 1504 3755 ut
1525 3692 1692 3769 inculcant,
1713 3691 1870 3756 obscurent
1892 3712 1928 3756 ac
1945 3692 2115 3772 depravent
2133 3714 2251 3775 puram
2267 3695 2448 3772 doctrinam,

437 3777 636 3855 principium
656 3779 741 3843 sumi
757 3778 869 3859 palam
890 3783 948 3842 est:
973 3779 1051 3859 quia
1073 3780 1225 3843 absolutio
1246 3797 1325 3859 quae
1344 3778 1419 3858 ndei
1468 3778 1588 3859 succus
1608 3781 1712 3840 autem
1733 3776 1885 3840 atenac
1907 3779 2080 3858 impietates
2101 3783 2209 3861 tapam.

442 3862 551 3938 seruit,
583 3862 663 3927 nildl
696 3864 785 3928 alind
813 3869 856 3928 est
882 3885 978 3944 quam
1005 3866 1216 3929 testimonium
1241 3865 1350 3929 veniae
1382 3886 1420 3929 ec
1558 3867 1606 3924 25.
1643 3861 1672 3945 ⁸)
1685 3862 1834 3928 Tertium
1856 3862 1963 3928 locum
1985 3865 2198 3928 satisfactioni
2220 3865 2256 3927 in
2278 3865 2448 3946 poeniten-

438 3949 582 4027 pratuita
599 3949 750 4030 ecartpelii
765 3951 975 4030 promissione
992 3956 1168 4032 scriptum,
1189 3951 1288 4015 altera
1306 3955 1417 4028 antem,
1471 3949 1518 4012 tia
1540 3947 1719 4029 assignant,
1728 3951 1757 4030 ⁴)
1779 3947 1820 4011 de
1832 3968 1897 4029 qua
1908 3948 2066 4031 quidquid
2076 3949 2249 4028 blaterant,
2272 3973 2338 4014 nno
2350 3952 2448 4016 verbo

440 4052 520 4111 puae
548 4054 586 4096 en
613 4035 783 4114 disciplina
810 4037 952 4100 ecclesiae
967 4037 1096 4114 pendet,
1125 4036 1208 4101 nibil
1235 4037 1278 4102 ad
1304 4042 1420 4102 secreta
1470 4035 1617 4099 subverti
1645 4041 1760 4114 potest
1804 4033 1931 4097 Dicunt
1959 4056 2025 4098 non
2052 4036 2201 4100 sufficere
2222 4037 2404 4117 poenitenti
2430 4059 2450 4100 a

437 4123 575 4196 peccata,
603 4122 657 4184 sed
684 4121 726 4184 ad
750 4122 925 4200 exemplum
946 4124 1049 4202 mapis
1056 4167 1062 4178 ι
1063 4123 1211 4201 pertinet,
1239 4123 1419 4189 attollatur
1470 4119 1655 4201 praeteritis
1675 4119 1772 4183 malis
1794 4119 1967 4198 abstinere,
1990 4132 2023 4184 et
2040 4141 2148 4186 mores
2169 4121 2205 4184 in
2222 4121 2339 4185 melius
2362 4143 2449 4184 com-

433 4203 564 4285 publica
584 4207 727 4270 ecclesiae
748 4207 881 4286 offermio.
919 4206 1006 4285 Quod
1025 4212 1130 4271 auton
1150 4208 1221 4271 binc
1243 4209 1317 4273 inde
1337 4209 1419 4274 testi·
1471 4214 1613 4283 mutare,
1637 4205 1702 4270 nisi
1724 4203 1764 4269 de
1788 4205 1829 4269 iis
1852 4206 2043 4288 quaefacta
2065 4216 2145 4270 sunt
2166 4206 2342 4271 satisfaciat
2364 4205 2446 4269 Dec.

439 4291 546 4353 monia
568 4291 743 4369 corradunt,
765 4291 878 4372 qnibm
895 4290 1023 4371 probent
1044 4313 1107 4356 non
1127 4295 1269 4372 sufficere
1289 4294 1338 4358 nel
1359 4293 1419 4359 sali
1469 4291 1553 4356 Esse
1576 4299 1687 4356 autem
1708 4291 1814 4355 multa
1834 4291 2045 4371 adminicula,
2070 4290 2186 4373 quibus
2207 4298 2339 4371 peecata
2361 4289 2447 4353 redi-

439 4373 508 4439 Deo
529 4377 576 4440 ¹nel
598 4377 689 4441 laicis
710 4378 847 4457 minitari
862 4381 1011 4456 peecata,
1039 4378 1105 4442 nisi
1126 4380 1271 4444 sacerdos
1291 4381 1333 4444 sit
1353 4400 1420 4462 cop
1469 4398 1615 4442 mamus:
1638 4377 1815 4461 lacrymas,
1836 4377 1975 4455 ieiunia,
1998 4377 2190 4452 oblationes,
2211 4374 2358 4438 caritatis
2376 4376 2448 4440 offi-

439 4461 539 4539 uitor,
562 4463 735 4543 putidam
752 4463 902 4543 puderula
922 4471 965 4528 est
986 4484 1092 4528 eorum
1114 4464 1287 4547 diliperdia.
1332 4464 1419 4529 Nam
1470 4464 1528 4528 cia.
1572 4463 1620 4527 Iis
1636 4464 1818 4528 Dominum
1840 4463 2091 4545 propitiandum,
2110 4462 2151 4525 iis
2173 4459 2283 4523 dubim
2304 4460 2449 4526 iustitiae

439 4547 470 4609 si
501 4548 632 4625 mando
649 4549 860 4629 peccatoribus
886 4551 1018 4615 suadent
1043 4551 1154 4616 uetusti
1178 4555 1289 4632 patres
1320 4557 1354 4614 ut
1386 4572 1419 4615 se
1469 4548 1536 4614 Dei
1552 4548 1775 4631 persolvenda,
1798 4550 1838 4612 iis
1855 4547 2094 4630 compensanda
2112 4545 2239 4622 deficta,
2257 4544 2298 4609 iis
2315 4547 2449 4611 veniam

439 4639 600 4696 econmoet
626 4634 714 4715 apud
741 4655 836 4698 suum
851 4641 1025 4715 pastorem,
1054 4638 1092 4701 de
1118 4639 1296 4702 recitatione
1316 4637 1419 4718 accipi
1470 4635 1686 4700 emerendam.
1732 4633 1893 4714 Quamvis
1921 4633 2009 4697 enim
2030 4632 2183 4714 largitate
2204 4631 2448 4697 misericordiae

440 4737 501 4780 nara
520 4724 634 4797 potest,
665 4741 745 4800 quae
772 4726 844 4784 tunc
871 4723 906 4785 in
931 4743 995 4786 usu
1020 4743 1082 4786 non
1104 4723 1176 4802 suit.
1221 4723 1355 4801 Deinde,
1384 4728 1419 4786 ut
1470 4721 1601 4803 culpam
1623 4719 1794 4798 remiserit,
1820 4740 1959 4800 poenam
1980 4727 2091 4781 mmen
2112 4717 2253 4781 retinere
2276 4716 2448 4799 disciplina

440 4802 566 4867 sinistri
591 4805 719 4882 suerunt
741 4806 939 4871 Lcmbnrdns
965 4813 993 4870 et
1013 4809 1149 4886 similes,
1177 4808 1322 4874 ridentem
1343 4811 1419 4874 data
1469 4807 1626 4871 iustitiae:
1663 4805 1750 4868 hanc
1782 4825 1852 4868 esse
1885 4824 2023 4885 poenam
2055 4824 2139 4885 quae
2172 4803 2447 4869 satisfactionibus

441 4905 535 4965 opera
564 4887 655 4952 libris
675 4891 863 4957 adulterinis
882 4892 985 4974 fuisse
1005 4895 1140 4972 addicti,
1170 4916 1302 4974 qumnm
1322 4916 1419 4975 prae-
1470 4889 1659 4955 redimenda
1685 4889 1737 4953 sit.
1782 4889 1825 4952 In
1853 4889 1939 4954 hanc
1966 4896 2076 4953 tamen
2104 4910 2266 4954 summam
2295 4889 2448 4955 recidunt

442 4975 527 5032 natu
559 4973 729 5053 deciperent
758 4979 923 5059 simplices.
978 4979 1071 5045 Recte
1107 4982 1233 5061 quidun
1269 4982 1417 5064 fatentur,
1469 4977 1595 5054 omnia,
1620 4995 1679 5038 nos
1699 4973 1831 5056 quidem
1855 4975 1960 5040 aDei
1979 4974 2155 5040 clementia
2175 4974 2369 5040 delictorum
2390 4997 2447 5040 ve-

441 5056 519 5136 pnia
544 5060 766 5137 peonitentiam
797 5085 917 5144 seraper
942 5067 1106 5130 minitatur
1133 5067 1264 5144 solutio,
1296 5065 1418 5130 nmium
1469 5062 1558 5125 niam
1588 5061 1778 5141 impetrare,
1812 5060 1870 5126 sed
1902 5061 2125 5127 intercedente
2157 5061 2273 5126 merito
2301 5083 2445 5143 operum,

408 5154 412 5163 “
435 5142 568 5223 proprie
594 5143 751 5208 uincentum
778 5167 902 5214 manere
930 5151 986 5215 ubi
1011 5153 1085 5232 quis
1105 5153 1297 5233 poenitentia
1318 5155 1418 5215 tactus
1469 5146 1585 5229 quibus
1615 5154 1822 5227 peccatorum
1853 5168 1941 5213 noxa
1971 5155 2214 5230 compensetur,
2247 5168 2310 5228 quo
2337 5147 2447 5213 debita

441 5233 500 5306 est,
529 5229 672 5309 quamuis
700 5233 836 5296 temdum
861 5236 1020 5315 consessus
1044 5238 1156 5318 suerit:
1187 5238 1313 5318 ideoque
1345 5241 1418 5300 tunc
1441 5236 1445 5329 Ι
1470 5303 1673 5312 .-.„...-

440 5315 625 5380 sacerdotum
651 5337 712 5380 nors
742 5321 806 5381 tam
831 5323 986 5390 rmuittere
1007 5329 1134 5404 peccata
1160 5343 1256 5405 quam
1276 5342 1419 5403 monarc-

440 5402 522 5465 tiore
548 5408 576 5466 et
604 5402 762 5467 declarare
790 5407 923 5471 remissa
945 5429 1018 5473 esse.
1065 5410 1252 5491 Quanquam
1273 5409 1308 5471 in
1328 5407 1417 5472 cerba
1538 5402 1567 5471 1)
1586 5402 1661 5456 EM·
1678 5420 1744 5457 ’Μ
1763 5405 1925 5476 nonnullae:
1962 5405 2100 5484 ropitium.
2161 5403 2283 5484 2)‚V²'d⁶
2305 5420 2343 5455 ⁰²²
2360 5404 2445 5472 tepen-

440 5487 624 5553 declarandi
652 5509 793 5553 nassum
821 5513 955 5557 errorem
985 5495 1148 5559 insinuant
1194 5495 1418 5559 eameumriiam
1470 5473 1549 5526 dum:
1573 5490 1654 5553 (1⁰⁸9,
1678 5490 1744 5554 Μ.
1760 5490 1826 5554 ’ἕω
1850 5422 1997 5527 ”miii
2077 5473 2107 5538 3)
2134 5473 2218 5553 iteca
2240 5472 2278 5525 “d
2302 5471 2367 5551 ⁰⁰:
2390 5470 2445 5523 ῙΧ·

441 5572 639 5670 unrocum
659 5576 703 5673 n,
716 5576 814 5640 bon
835 5579 1000 5644 doctrino·
1036 5581 1124 5661 aad
1144 5546 1248 5646 lanu
1269 5584 1416 5657 arcana,
1466 5543 1655 5665 ’ἔἽῗθὲῗἹῗὲ
1673 5543 1851 5672 {batt
1864 5541 1991 5665 ttici:
2007 5541 2331 5670 mititatis-tte.
2357 5540 2445 5662 „bib

441 5676 477 5719 m
496 5658 578 5737 facie
600 5660 741 5726 ecclesiae
761 5661 893 5744 absolvi,
917 5667 973 5747 qui
993 5666 1060 5730 iam
1080 5687 1185 5732 coram
1203 5666 1274 5735 Dec
1294 5667 1418 5732 ueniam
1469 5681 1527 5734 ean
1546 5682 1609 5734 dist.
