5600 6809
446 721 507 783 ssi
1088 706 1354 779 msclnamo
1376 709 1481 774 seen.
1495 656 1687 776 ¹efflusi.
1714 715 1805 778 1559.
2383 722 2447 784 ecc

445 903 597 986 quidamd
623 900 781 966 maculam
806 901 946 983 asperpit
975 920 1065 966 sacro
1090 901 1159 964 eius
1185 897 1320 975 nomini,
1352 897 1419 959 iam
1464 901 1594 978 propter
1614 902 1753 962 nostram
1773 897 1942 962 ruditatem
1968 919 2047 980 quac
2070 920 2132 965 non
2156 901 2251 982 facile
2272 903 2319 968 vel
2338 906 2448 970 statim

445 990 573 1056 additur
593 988 725 1052 dicum
746 987 852 1052 simile
873 990 902 1051 ct
920 985 986 1066 fere
1006 984 1089 1050 idem
1109 989 1218 1063 uotum,
1240 989 1275 1048 ut
1290 1001 1419 1064 repnnm
1469 982 1673 1064 apprehendit
1688 982 1767 1063 quid
1781 981 1983 1048 sitDeumin
1998 985 2113 1050 mundo
2128 1006 2266 1068 repnare.
2299 988 2366 1054 Hoc
2374 1011 2448 1074 erpo

443 1076 511 1142 einis
530 1073 684 1138 adueniat.
728 1070 801 1137 Etsi
828 1077 932 1137 autern
957 1072 1046 1154 repni
1067 1070 1163 1136 liuius
1188 1068 1329 1151 delinitio
1349 1071 1420 1131 ante
1470 1068 1614 1150 enepotice
1639 1087 1760 1133 summe
1784 1067 1955 1134 absurdum
1981 1090 2042 1134 non
2061 1072 2135 1136 erit:
2161 1077 2232 1136 tuno
2251 1072 2356 1138 Deum
2379 1076 2448 1156 fore

444 1182 464 1226 a
485 1159 574 1225 nolis
586 1157 694 1238 posita
714 1162 766 1235 cst,
787 1157 916 1222 breviter
932 1176 1015 1220 nunc
1035 1162 1145 1236 repeto,
1167 1155 1273 1220 Deum
1288 1173 1419 1235 repnare
1470 1174 1571 1235 repom
1588 1153 1622 1216 in
1639 1154 1762 1232 mundo,
1783 1154 1837 1217 ubi
1853 1173 1886 1219 se
1904 1156 2087 1221 omneseius
2103 1157 2253 1222 voluntati
2273 1160 2447 1226 sidiicient.

444 1246 499 1310 ulii
519 1244 657 1308 homines
684 1247 748 1306 tam
776 1243 828 1306 sui
855 1242 1053 1323 abrrepatione
1079 1262 1174 1322 quam
1194 1240 1305 1305 mundi
1326 1244 1419 1302 terre·
1473 1236 1574 1302 Porro
1591 1238 2449 1325 nonapiturlricdcarconaciusooluntathuaomnia

443 1350 560 1411 noeque
579 1329 662 1394 oilae
682 1333 852 1407 contemptu
873 1327 963 1391 illius
983 1327 1124 1392 iustitiae
1145 1347 1177 1391 se
1199 1326 1360 1401 addicunt,
1383 1327 1419 1386 ut
1470 1324 1649 1389 moderatur
1668 1329 1696 1389 et
1717 1326 1751 1387 in
1771 1344 1863 1388 sumn
1883 1324 1977 1406 {inem
1999 1326 2139 1391 destinat.
2186 1328 2336 1408 &mmsis
2362 1335 2448 1396 enim
2517 1391 2526 1410 ,

445 1418 487 1482 ad
517 1415 670 1481 coelestem
702 1415 799 1477 citam
831 1412 975 1492 aspiret.
1026 1410 1081 1476 Ita
1107 1412 1189 1477 duae
1220 1417 1292 1476 sunt
1323 1409 1420 1505 luins
1470 1409 1657 1505 tumultuose
1685 1414 1777 1506 satan
1803 1414 1831 1473 et
1858 1410 2007 1509 homines
2023 1417 2130 1477 contro
2155 1415 2262 1495 ipsum
2290 1417 2447 1497 feramur,

444 1496 1161 1668 mmmmmccclx
1183 1513 1420 1665 trimme?
1468 1495 2449 1676 iffiffliii'ii'ilfidtdltciilwdllffld

445 1672 580 1753 spiritus
599 1671 653 1735 sui
670 1670 783 1733 virtute
809 1669 962 1751 corripui,
987 1667 1097 1733 ddnde
1123 1674 1159 1732 ut
1185 1688 1296 1733 sensus
1317 1685 1421 1731 omnes
1471 1685 1522 1729 eos
1547 1667 1646 1746 faciat
1673 1666 1754 1746 quod
1780 1665 1919 1731 decremt
1973 1665 2034 1732 Sed
2059 1668 2110 1734 liic
2137 1673 2262 1735 notatur
2287 1672 2356 1738 alia
2382 1672 2449 1739 Dei

445 1763 564 1822 nostros
583 1755 695 1836 formet
714 1753 757 1818 ad
778 1754 907 1833 imperii
928 1754 981 1817 sni
1002 1753 1188 1834 obsequimn.
1225 1753 1338 1833 Itaque
1358 1770 1420 1815 non
1471 1749 1621 1828 oduntas,
1647 1771 1753 1831 nempe
1774 1752 1825 1815 oui
1846 1753 2006 1831 respondet
2026 1753 2237 1820 uoluntarium
2258 1757 2459 1840 obsequium,-

444 1842 507 1909 atii
527 1841 699 1924 lepitimum
720 1839 860 1904 ordinem
881 1843 980 1903 tenent
1007 1839 1043 1901 in
1063 1838 1121 1903 liae
1135 1859 1243 1918 prece,
1271 1838 1337 1901 nisi
1364 1836 1420 1917 qui
1471 1836 1598 1916 idcoque
1614 1837 1798 1900 nominatim
1813 1839 1968 1917 condimur
1984 1839 2100 1903 coetum
2116 1845 2232 1920 terroe;
2247 1844 2325 1922 quia
2335 1844 2447 1927 ampeli,

445 1948 466 1992 a
487 1947 520 1991 se
540 1926 623 2006 ipsis
644 1925 813 2005 incipiunt,
844 1944 950 2005 nempe
976 1929 1010 1987 ut
1034 1929 1211 2006 purpcntnr
1238 1922 1420 2003 corruptelis
1471 1926 1506 1985 ut
1524 1921 1559 1985 in
1579 1919 1706 1986 Psalmo
1728 1921 1815 2005 (103,
1827 1922 1883 2005 20)
1904 1922 2030 2002 dicitur,
2051 1930 2157 2004 sponte
2173 1926 2319 1992 obediunt
2330 1929 2398 1994 Deo
2419 1934 2448 1994 et

445 2011 595 2089 munibus,
622 2031 703 2094 qnae
729 2009 937 2089 tranquillum
963 2010 1053 2092 repni
1070 2007 1134 2074 Dei
1155 2014 1271 2074 statum
1291 2012 1419 2088 potur-
1471 2007 1580 2071 intenti
1600 2011 1674 2070 sunit
1694 2007 1736 2071 ad
1757 2009 1949 2088 exsequenda
1969 2009 2038 2075 eius
2058 2011 2156 2076 iussa.
2207 2011 2356 2078 lniemar
2376 2035 2447 2097 erpo

445 2099 532 2176 iant,
562 2101 590 2161 et
611 2097 786 2177 puritatem
812 2094 963 2175 inficiunt.
1009 2094 1080 2158 lam
1106 2096 1183 2175 quia
1209 2095 1335 2160 uerbum
1355 2093 1421 2157 Dei
1472 2097 1591 2172 optare,
1619 2093 1700 2157 sicut
1726 2093 1760 2155 in
1787 2094 1867 2158 coelo
1888 2093 1969 2158 nilril
1987 2097 2109 2177 peritur
2128 2097 2195 2160 nisi
2215 2118 2254 2162 ec
2274 2097 2338 2164 Dei
2358 2105 2447 2179 irritu,

445 2185 550 2248 instm
567 2182 679 2264 sceptri
696 2179 777 2262 repii
793 2184 846 2258 est,
859 2178 1048 2259 precariltic
1064 2178 1213 2259 iubanur,
1230 2186 1266 2244 ut
1281 2180 1422 2245 omnium
1466 2178 1649 2260 placideque
1680 2178 1785 2260 ampeli
1815 2177 1859 2242 ad
1889 2199 2008 2244 munem
2046 2182 2258 2248 rectitudinem
2288 2185 2448 2266 compositi

445 2273 559 2333 mentes
587 2272 615 2332 et
641 2266 735 2331 corda
754 2265 948 2330 uoluntariae
968 2266 1036 2330 etus
1062 2265 1247 2330 obedientiae
1267 2265 1421 2330 subiiciat.
1472 2268 1559 2340 sant,
1589 2264 1635 2327 sic
1662 2268 1794 2341 mrum,
1828 2265 1913 2327 marii
1938 2268 2131 2332 contumacia
2157 2273 2185 2332 et
2210 2271 2368 2350 praedato
2393 2291 2447 2335 ea·

448 2352 593 2436 Quodfit
618 2351 674 2416 aii
699 2369 815 2414 arcano
840 2351 974 2431 spiritus
999 2351 1051 2414 sui
1077 2350 1223 2415 instinctu
1249 2350 1423 2432 efficaciam
1471 2349 1592 2427 stincta,
1610 2348 1761 2414 eimmodi
1778 2349 1907 2431 imperio
1923 2351 2171 2434 submisitque
2187 2355 2223 2419 id
2239 2355 2363 2435 pumen
2376 2376 2447 2438 pos·

399 2480 402 2484 -
445 2439 530 2506 cerii
555 2438 608 2504 sui
636 2437 765 2515 exserit,
796 2441 830 2500 ut
856 2437 987 2502 ernineat
1012 2437 1047 2500 in
1073 2456 1132 2515 quo
1159 2440 1291 2501 meretur
1316 2435 1422 2519 produ
1472 2434 1620 2512 tutantes,
1648 2435 1754 2498 carnis
1774 2439 1898 2500 nostrae
1922 2436 2090 2503 desideriis
2110 2440 2326 2506 renuntiamus
2333 2466 2343 2520 ;
2370 2441 2446 2523 auia

227 2536 232 2543 '
356 2590 361 2602 ,
445 2524 581 2590 honoris.
631 2521 744 2587 Postea
770 2521 814 2586 ad
838 2522 953 2604 impios
980 2521 1157 2587 ducendae
1183 2522 1332 2600 conuenit,
1365 2520 1422 2600 qui
1472 2520 1539 2585 nisi
1559 2520 1632 2601 quis
1652 2520 1780 2601 affectus
1800 2540 1875 2585 suos
1895 2520 1963 2586 Deo
1984 2523 2117 2605 resipuit
2143 2545 2181 2590 ae
2195 2527 2358 2605 permittat
2378 2528 2446 2592 eius

440 2608 646 2694 pervicaciter
666 2611 694 2672 et
714 2608 876 2687 desperato
896 2607 1001 2687 furore
1022 2608 1091 2672 eius
1111 2608 1243 2686 impaio
1264 2607 1421 2702 resistunt.
1473 2604 1633 2702 uoluntati,
1655 2610 1806 2703 quartum
1825 2606 1916 2704 inse
1936 2612 1995 2685 est,
2017 2629 2051 2673 se
2066 2611 2202 2690 opponit,
2224 2612 2348 2691 quarido
2364 2611 2447 2677 nihil

447 2695 594 2846 lectt
603 2691 1018 2843 diuitem&
1038 2692 1422 2843 dicimini,
1472 2691 2447 2862 sescenisnummis

446 2829 569 2943 (torreat,2
603 2863 742 2929 aliorum
774 2827 963 2927 indomitam·
988 2799 1168 2944 &penam
1197 2864 1328 2946 franpit.
1379 2861 1423 2928 Id
1467 2881 1530 2941 pro
1550 2881 1606 2926 suo
1628 2860 1759 2927 arbitrio
1780 2867 1959 2958 nos'rcpat3
1980 2885 2076 2945 neque
2095 2866 2130 2930 id
2149 2831 2263 2945 soloin:
2280 2869 2334 2933 sed
2350 2869 2447 2933 etiam

447 2951 581 3033 quotidie
600 2949 672 3030 iteri
692 2947 861 3029 optandum
881 2953 933 3027 est,
954 2952 991 3012 ut
1010 2948 1073 3013 sibi
1095 2947 1183 3014 Deus
1203 2949 1346 3015 eudesius
1366 2947 1423 3012 ool·
1472 2952 1509 3012 ut
1527 2967 1625 3012 nouas
1645 2952 1759 3012 utentes
1779 2967 1930 3028 novosque
1951 2951 2088 3030 animos,
2112 2952 2228 3020 nostris
2248 2953 2283 3016 in
2308 2953 2447 3016 nihilum

307 3078 310 3084 2
447 3036 527 3119 lipat
546 3054 585 3100 ea
605 3034 747 3098 omnibus
766 3034 880 3099 mundi
894 3033 1021 3116 plapis,
1047 3054 1102 3098 eas
1128 3055 1255 3099 numero
1268 3037 1424 3116 propapet
1472 3033 1616 3112 redactis,
1637 3037 1723 3111 meet,
1744 3053 1782 3096 ne
1802 3052 1892 3113 quem
1911 3036 2083 3101 sentiamus
2099 3037 2135 3101 in
2154 3036 2242 3102 neiis
2260 3038 2446 3118 cupiditatis

447 3127 539 3202 atcere
559 3123 684 3202 arpent,
711 3119 803 3184 donis
823 3120 893 3183 suis
915 3119 1084 3199 locupletet,
1106 3118 1277 3202 lepitimum
1298 3119 1334 3184 in
1356 3117 1423 3184 iilis
1473 3123 1590 3183 motem
1616 3137 1711 3199 quam
1736 3137 1857 3183 merum
1887 3138 2069 3185 consensum
2094 3142 2163 3187 nem
2189 3124 2256 3187 eius
2282 3123 2444 3188 voluntate.

445 3207 585 3273 udinem
605 3203 757 3282 stabiliat,
778 3224 818 3268 ec
844 3205 982 3287 opposito
996 3209 1176 3284 prosternat
1196 3225 1300 3270 omnes
1319 3223 1424 3286 picrae
1475 3203 1519 3268 In
1538 3223 1670 3283 summ,
1691 3223 1730 3268 ue
1750 3203 1827 3286 quid
1847 3224 1886 3268 ec
1901 3203 1990 3270 nolis
2010 3206 2142 3274 velimus
2163 3208 2235 3290 ipsi,
2256 3208 2310 3273 sed
2329 3214 2363 3272 nt
2380 3209 2447 3289 spi-

445 3292 603 3357 doctrinoe
623 3295 652 3354 et
671 3289 835 3373 relipionis
855 3289 969 3368 hostes,
996 3290 1128 3370 dissipet
1154 3310 1260 3356 eorum
1280 3290 1422 3367 consilia,
1474 3291 1558 3355 ritus
1583 3289 1653 3353 eius
1678 3289 1774 3365 eorda
1801 3294 1909 3355 nostra
1936 3290 2096 3373 munet,
2126 3313 2185 3374 ouo
2209 3294 2295 3359 initus
2325 3294 2447 3360 ouem

445 3382 573 3443 mnatus
593 3375 727 3440 deiicid.
764 3373 852 3441 Unde
869 3379 999 3456 apparet
1014 3395 1075 3440 non
1089 3375 1212 3456 frustm
1228 3375 1316 3441 nobis
1326 3395 1423 3456 prae
1472 3375 1633 3440 discamus
1649 3394 1758 3439 amare
1774 3395 1855 3455 quae
1870 3376 1900 3440 ei
1914 3375 2051 3456 placent,
2072 3379 2174 3445 odisse
2194 3399 2265 3444 oero
2283 3399 2362 3461 auae
2382 3380 2446 3446 dis·

447 3463 513 3543 cipi
546 3461 687 3527 studium
718 3460 893 3541 quotidiani
918 3480 1122 3543 propressus:
1153 3462 1232 3544 auia
1262 3480 1424 3542 nunquam
1469 3461 1593 3543 plicent.
1641 3458 1727 3525 Unde
1746 3459 1800 3524 na
1820 3480 1937 3542 anomia
1956 3463 2105 3543 seanitm,
2125 3469 2161 3528 nt
2181 3465 2356 3546 quicunque
2377 3466 2445 3530 eius

446 3553 512 3614 tam
528 3547 599 3612 bene
620 3547 727 3629 apitur
743 3567 812 3612 cum
829 3547 920 3610 rebus
936 3545 1096 3625 iunianis,
1118 3551 1153 3612 ut
1174 3547 1327 3612 discessis
1341 3565 1423 3626 pur·
1472 3545 1624 3612 uoluntati
1638 3550 1812 3628 repupnant
1828 3547 1964 3626 affectus,
1985 3567 2036 3612 eos
2051 3569 2149 3614 canos
2163 3549 2311 3615 etirritos
2326 3550 2444 3616 reddat

446 3635 589 3717 patisqm
611 3631 760 3697 citiorum
784 3631 930 3696 sordibus
946 3631 1044 3713 plena
1061 3633 1171 3711 Jtmeat
1191 3652 1228 3696 cc
1253 3633 1354 3715 uipera
1374 3632 1423 3696 in-
1558 3629 1613 3695 En
1628 3633 1739 3713 prima
1757 3632 1823 3697 tria
1842 3633 1948 3712 capita
1962 3634 2162 3714 precationis,
2185 3635 2221 3699 in
2244 3633 2356 3715 quom
2370 3655 2445 3717 poc-

446 3719 584 3800 tepritass
633 3716 801 3782 Plenitudo
829 3722 932 3782 autem
959 3718 1029 3782 eius
1057 3718 1100 3783 ad
1126 3718 1272 3783 ultimum
1302 3715 1422 3781 Christi
1472 3716 1577 3782 cordis
1595 3717 1697 3781 solam
1716 3715 1781 3782 Dei
1798 3716 1935 3800 plcriam
1947 3739 2031 3800 prae
2050 3718 2149 3784 oculis
2167 3718 2279 3784 trabere
2298 3721 2443 3799 conuenit,

448 3804 615 3868 adrentum
634 3802 848 3883 proteriditur,
876 3823 935 3884 quo
966 3802 1090 3868 Paulus
1122 3802 1227 3868 Deum
1254 3803 1360 3867 munia
1385 3803 1420 3865 in
1472 3802 1590 3867 omissa
1610 3802 1709 3866 nostri
1729 3803 1856 3880 ratione,
1875 3823 1929 3868 nec
1944 3808 2080 3884 spectata
2096 3803 2163 3869 ulla
2178 3809 2285 3870 nostra
2302 3806 2442 3885 inditate,

448 3888 591 3954 omnibus
615 3886 683 3969 fore
709 3887 791 3952 docet
818 3888 850 3972 (l
871 3887 946 3953 Oor.
968 3891 1016 3968 15,
1039 3886 1105 3972 28).
1148 3888 1251 3970 Atque
1277 3888 1324 3952 ita
1348 3887 1422 3952 liaeo
1472 3907 1551 3968 puae
1572 3888 1693 3952 tametsi
1719 3887 1811 3971 torpa
1837 3889 1911 3954 inde
1936 3887 2026 3954 nobis
2043 3891 2202 3971 provenit,
2229 3891 2280 3956 ite
2299 3897 2402 3956 tamen
2422 3911 2444 3956 a

443 3973 583 4055 precatio
603 3971 758 4037 retrahere
778 3994 834 4038 nos
855 3973 938 4039 debet
959 3996 980 4039 a
1001 3974 1111 4040 mmrdi
1127 3972 1319 4055 camputis,
1340 3993 1422 4055 quoe
1472 3972 1560 4037 nolus
1580 3973 1757 4054 quaerenda
1777 3993 1838 4038 non
1858 3979 1911 4039 est.
1946 3972 2034 4040 Haec
2054 3980 2157 4040 audem
2174 3978 2281 4042 omnia
2300 3978 2444 4058 quamvis

446 4079 503 4123 nas
523 4078 545 4122 a
565 4057 634 4124 Deo
654 4063 811 4138 separant,
832 4060 998 4139 quominus
1018 4079 1148 4142 repnum
1168 4061 1237 4125 eius
1257 4060 1344 4125 intra
1364 4079 1422 4124 nos
1471 4079 1525 4124 ncc
1545 4059 1759 4142 repitentibus,
1787 4079 1841 4124 nec
1867 4059 2056 4141 optamibus,
2083 4081 2137 4126 nec
2150 4061 2327 4142 petentibm
2347 4063 2443 4140 nobis,

446 4144 562 4227 cipeat3
582 4143 679 4209 simei
699 4144 860 4209 accendere
881 4145 1022 4210 studium
1047 4145 1277 4226 mortificandae
1304 4145 1420 4223 carnis,
1471 4165 1528 4210 suo
1553 4144 1756 4209 nihilominus
1780 4149 1912 4225 tempore
1931 4147 2050 4211 euenire
2070 4151 2218 4226 oporteat,
2240 4148 2377 4229 optanda
2397 4153 2445 4212 ta-

440 4234 596 4311 postremo
617 4229 661 4293 ad
681 4229 783 4294 crucis
802 4230 998 4294 tolerantiam
1018 4249 1076 4295 nos
1095 4232 1271 4296 instituere:
1296 4229 1421 4311 quando
1471 4249 1541 4294 men
1568 4234 1596 4294 ct
1617 4230 1775 4311 poscenda
1800 4228 1888 4295 nobis
1912 4235 1993 4295 sunt.
2036 4229 2137 4312 quue
2162 4232 2265 4313 facere
2290 4253 2351 4296 non
2378 4233 2443 4296 leve
2485 4241 2489 4250 “

446 4313 501 4380 lsoe
528 4315 617 4380 niodo
645 4314 710 4379 ont
730 4311 820 4379 Deus
850 4334 980 4396 reanum
1005 4335 1099 4380 suum
1118 4316 1304 4398 propapari.
1356 4314 1421 4379 Nee
1471 4335 1581 4396 operae
1596 4316 1735 4396 pretium
1750 4320 1802 4394 est,
1820 4320 1858 4379 ut
1872 4316 1920 4380 sic
1935 4335 1991 4380 nos
2012 4336 2116 4382 servos
2136 4337 2202 4382 esse
2220 4338 2257 4383 uc
2275 4317 2361 4397 filios
2377 4315 2443 4380 Dei

446 4420 519 4465 cero
536 4401 641 4481 inique
656 4400 819 4481 fundum
835 4405 879 4464 est
895 4401 1075 4467 antenorem
1090 4400 1243 4466 hominem
1252 4401 1420 4480 corrumpi,
1472 4405 1616 4466 testemur
1641 4405 1669 4464 et
1693 4398 1912 4481 profiteamur,
1945 4402 2013 4466 eius
2043 4400 2152 4466 honori
2183 4401 2278 4484 (qaod
2305 4401 2443 4466 Domino

446 4486 536 4550 modo
552 4486 683 4550 interior
700 4489 867 4550 rmwodur.
900 4484 987 4549 Haec
1003 4486 1086 4550 enim
1102 4487 1190 4568 repni
1206 4485 1271 4551 Dei
1287 4486 1420 4552 conditio
1464 4486 1612 4567 patrique
1632 4485 1769 4567 debetur)
1788 4491 1938 4567 quantum
1959 4487 1993 4551 in
2009 4487 2098 4552 nobis
2112 4492 2158 4552 est
2176 4486 2338 4565 studeretes,
2361 4508 2444 4551 cere·

446 4575 500 4649 est,
521 4575 556 4634 ut
571 4571 649 4635 dum
669 4589 726 4634 uos
746 4569 929 4635 subiiaimus
951 4572 1019 4635 eius
1036 4571 1189 4650 iustitiae,
1208 4571 1328 4653 pieriae
1344 4589 1421 4637 suae
1472 4591 1531 4652 aue
1551 4572 1722 4650 ctpenitus
1743 4571 1870 4636 addicti.
1913 4571 2025 4653 Itaque
2044 4572 2099 4653 oni
2118 4571 2173 4638 loc
2193 4571 2302 4652 affectu
2322 4592 2360 4638 aa
2379 4577 2444 4637 stu·

446 4659 597 4721 consortes
614 4655 732 4722 reddat.
762 4655 830 4720 Hoc
844 4655 889 4735 fit,
908 4656 983 4719 dum
999 4654 1312 4722 luceinacoeritatem
1328 4676 1421 4721 suam
1471 4657 1524 4723 dio
1545 4656 1773 4739 prornoocndae
1800 4656 1863 4721 Dei
1887 4656 2008 4739 ploriae
2033 4677 2096 4722 non
2114 4661 2239 4739 pdum,
2272 4663 2307 4722 ut
2333 4678 2443 4723 nomen

446 4741 537 4806 nocis
567 4760 688 4820 semper
716 4741 909 4806 incrementis
940 4741 1117 4822 illustrans,
1150 4743 1262 4822 micus
1291 4747 1420 4808 satanm
1472 4739 1536 4806 Dei
1557 4741 1773 4822 sanctificetur,
1794 4746 1831 4806 ut
1850 4742 1918 4807 eius
1938 4763 2066 4825 reptmm
2086 4743 2240 4821 adveniat,
2261 4747 2296 4808 ut
2313 4743 2373 4824 fiat
2392 4764 2442 4806 oo

447 4826 594 4908 repnipue
613 4827 684 4890 eius
702 4825 843 4892 tenebrae
860 4847 897 4891 ac
917 4826 1077 4892 meridacia
1097 4831 1286 4906 evanescunt,
1308 4827 1421 4892 cestin-
1471 4827 1578 4892 luntas
1596 4828 1674 4906 eius,
1694 4828 1721 4892 ii
1741 4846 1837 4908 neque
1857 4827 1938 4893 inter
1954 4828 2040 4909 tilios
2060 4832 2089 4892 ct
2107 4848 2211 4895 semes
2226 4828 2291 4895 Dei
2309 4827 2444 4893 iaicndi

446 4915 598 4992 puantnr,
619 4917 766 4993 pereant,
786 4931 868 4977 suos
888 4913 1037 4994 protepit,
1064 4914 1198 4995 spiritus
1218 4913 1272 4977 sui
1298 4911 1420 4978 auxilio
1471 4917 1561 4991 sunt,
1581 4932 1618 4978 ac
1643 4912 1900 4993 quenadmodum
1919 4912 1993 4981 iaec
2013 4915 2119 4980 ornnia
2137 4913 2205 4980 illis
2232 4914 2340 4979 inritis
2359 4912 2442 4993 fient,

447 4995 485 5058 in
499 4995 710 5060 rectitudinem
727 4994 846 5080 diripit,
865 4999 951 5064 etad
961 5000 1230 5079 perseuerantiam
1246 4998 1420 5078 confirma&
1471 4999 1518 5063 ita
1538 4999 1574 5061 in
1592 4996 1800 5078 confusionem
1820 4997 1887 5063 illis
1906 4999 2007 5064 cedent
2026 5019 2064 5065 ac
2084 4999 2252 5065 interitum.

447 5078 568 5160 impias
587 5100 658 5145 oero
677 5080 812 5146 hostium
832 5083 1075 5164 conspirationes
1095 5084 1214 5161 daicit,
1235 5083 1373 5147 insidias
1393 5086 1421 5146 et
1557 5087 1608 5146 44.
1655 5080 1802 5162 Sequitur
1821 5102 1904 5164 pars
1928 5085 2079 5151 orationis
2104 5085 2240 5150 secunda
2259 5085 2295 5149 in
2314 5104 2379 5166 qua
2399 5082 2443 5148 ad

445 5164 576 5248 fraudes
591 5164 725 5245 discidit,
743 5169 872 5232 ocenmit
889 5168 1039 5246 malitiae,
1050 5169 1261 5250 pervicaciam
1276 5167 1421 5244 retundit,
1471 5173 1594 5232 nostras
1619 5168 1770 5234 utilitates
1795 5168 2023 5236 descendimus:
2048 5190 2110 5235 non
2134 5171 2259 5253 quidem
2284 5175 2320 5234 nt
2338 5168 2443 5252 ploria

387 5279 391 5285 ·
446 5250 539 5316 donec
565 5251 688 5350 tandem
715 5253 932 5351 antichristum
958 5253 1075 5332 spiritu
1100 5254 1167 5319 oris
1193 5253 1246 5317 sni
1273 5253 1421 5352 confimat,
1472 5252 1537 5317 Dei
1562 5253 1663 5319 ualere
1690 5255 1796 5333 iussa,
1822 5275 1903 5336 quae
1928 5260 1999 5321 teste
2021 5254 2124 5321 Paulo
2152 5257 2246 5320 ctiam
2268 5255 2305 5319 in
2330 5253 2394 5320 cilo
2413 5258 2444 5317 ct

447 5343 838 5503 mwlll‘iiii
852 5336 1422 5502 difficillimi&
1467 5342 1554 5506 lima
1565 5337 2444 5507 iifflfflffiiilddwdli

449 5506 541 5570 meriti
555 5508 591 5571 in
606 5508 693 5573 coela
720 5505 806 5587 Quod
820 5509 942 5572 tancetsi
953 5527 1074 5591 arepno
1084 5510 1154 5574 eius
1162 5509 1315 5591 dependet,
1326 5527 1423 5589 neque
1473 5529 1553 5590 mus,
1573 5512 1656 5592 quod
1675 5510 1992 5591 Deuspeniliariter
2010 5511 2076 5576 tria
2094 5515 2164 5577 cota
2184 5508 2247 5574 sibi
2267 5509 2442 5588 vindicam,

450 5590 489 5655 ai
506 5591 810 5673 eopotestdisimcpi,
828 5592 1424 5677 nonsmstratamenseorsnmadditm
1474 5615 1530 5662 nos
1549 5596 1593 5660 ad
1612 5617 1646 5662 se
1665 5597 1860 5678 totocssrapit,
1888 5601 1924 5660 ut
1942 5597 2091 5678 pietaten
2116 5594 2332 5660 nostrumnon
2352 5595 2444 5659 niodo
