5600 6809
399 765 459 826 597
627 760 717 826 LIB.
740 760 800 824 ΠΙ.
842 761 906 825 Dlll
929 757 1064 826 MODO
1086 753 1436 824 PEROIPIENDAE
1459 756 1650 825 OHRISrI
1672 759 1890 826 GRATIAE.
1936 759 2035 826 OAP.
2058 759 2169 826 X'VII.
2339 769 2402 829 598

396 950 526 1016 11111111
547 949 648 1034 igitur
669 949 818 1012 omnium
840 947 1137 1030 transgressionum
1158 945 1269 1028 culpa,
1297 947 1371 1028 qui-
1421 943 1495 1008 ideo
1526 946 1606 1011 iusti
1633 967 1827 1029 apparemus
1855 969 1964 1013 coram
1990 948 2077 1026 Deo,
2110 951 2279 1032 quincius
2305 952 2402 1016 inno-

396 1035 459 1100 bus
477 1035 703 1119 impediuntur
722 1033 872 1098 homines
893 1032 1128 1116 nequidquam
1145 1029 1225 1096 Deo
1239 1038 1371 1114 gratum
1423 1029 1531 1095 1111111
1563 1039 1784 1116 conteguntur
1816 1043 1947 1099 nostrae
1979 1034 2183 1117 iniquitates,
2224 1037 2270 1101 sic
2302 1057 2402 1118 opera

396 1121 576 1204 proferant,
609 1120 737 1202 sepulto
769 1120 869 1185 etiam
900 1114 1152 1201 imperfectionis
1180 1116 1258 1180 vitio
1284 1116 1371 1199 quod
1423 1124 1535 1181 nostra
1562 1116 1649 1181 iusta
1669 1125 1748 1183 suut
1776 1127 1810 1182 et
1832 1118 2010 1197 habentur,
2041 1121 2119 1202 quia
2139 1121 2296 1204 quidquid
2319 1122 2401 1187 alias

396 1207 482 1271 bona
503 1227 629 1289 quoquo
651 1227 750 1288 opera
771 1204 901 1269 foedare
923 1203 1020 1278 solet,
1044 1222 1126 1286 quac
1144 1204 1230 1268 fiunt
1250 1223 1270 1267 a
1291 1203 1371 1267 fide-
1422 1201 1494 1266 uitii
1516 1202 1551 1266 iu
1571 1203 1651 1284 ipsis
1672 1213 1729 1281 est,
1753 1202 1878 1271 Christi
1900 1205 2043 1287 puritate
2064 1206 2230 1287 sepultum
2251 1229 2316 1271 nou
2338 1208 2401 1272 im·

396 1291 481 1356 libus
507 1292 592 1358 bone
614 1313 726 1374 opera,
754 1292 841 1356 iusta
862 1297 1052 1366 censentur,
1080 1289 1133 1354 vel
1162 1287 1262 1371 (quod
1284 1288 1371 1352 idem
1423 1292 1566 1367 putatur.
1610 1288 1664 1352 Ita
1684 1290 1801 1354 merito
1824 1289 1930 1355 dicore
1953 1310 2134 1372 possumus,
2158 1293 2227 1357 sola
2248 1293 2312 1357 fide
2333 1315 2400 1358 non

397 1376 460 1461 est)
481 1379 516 1441 iu
537 1377 696 1441 iustitiam
717 1379 929 1458 imputantur.
1422 1379 1552 1436 tantum
1573 1394 1634 1438 noe
1656 1371 1713 1443 sed
1734 1396 1832 1456 opera
1853 1377 1954 1440 etiam
1976 1385 2090 1441 nostra
2110 1377 2288 1443 iustificari.
2327 1379 2401 1443 Iam

483 1468 511 1527 9.
556 1463 655 1528 Nunc
687 1461 770 1525 mihi
801 1463 830 1526 si
861 1461 935 1545 quis
962 1459 1051 1526 istud
1078 1460 1215 1526 obiectet
1242 1458 1283 1524 ad
1309 1459 1370 1523 im·
1422 1457 1449 1522 si
1471 1457 1536 1522 ista
1558 1459 1791 1542 qualiscunque
1820 1481 1957 1544 operum
1984 1462 2110 1526 iustitia
2138 1484 2157 1526 a
2185 1462 2248 1527 fide
2271 1472 2304 1528 et
2325 1486 2401 1548 gra-

395 1548 607 1632 pugnandam
625 1547 702 1612 fidei
711 1547 878 1625 iustitiam,
897 1547 1040 1629 primum
1052 1545 1267 1628 interrogabo,
1291 1566 1371 1610 num
1422 1543 1508 1608 tuita
1527 1544 1754 1610 iustificatione
1777 1548 1912 1628 pendet,
1941 1556 1974 1611 et
1996 1549 2036 1611 ab
2059 1569 2098 1612 ca
2119 1549 2272 1623 efficitur,
2304 1548 2401 1615 debet

397 1635 494 1698 homo
516 1634 623 1698 iustus
645 1640 816 1698 1111111111
842 1633 883 1697 ob
904 1653 1009 1697 unum
1034 1637 1094 1694 aut
1112 1632 1253 1695 alterum
1276 1650 1370 1695 sanc-
1422 1629 1483 1694 sub
1511 1651 1585 1694 eam
1606 1629 1744 1709 includi,
1773 1640 1806 1696 et
1835 1642 1988 1715 tanquam
2015 1633 2151 1698 effectus
2179 1656 2294 1699 causae
2321 1655 2401 1700 suae

396 1728 467 1784 tum
489 1741 578 1802 opus,
601 1719 735 1801 reliquis
747 1719 835 1785 vitae
851 1717 1002 1800 operibus
1022 1717 1105 1800 legis
1126 1716 1368 1799 transgressor?
1422 1713 1476 1863 3111
1503 1715 1549 1778 ita
1574 1715 1703 1798 loquar)
1732 1715 1953 1798 subordinari3
1981 1727 2109 1782 tantum
2134 1720 2225 1785 abest
2252 1728 2290 1785 ut
2316 1721 2400 1804 erigi

396 1805 479 1871 Plus
497 1827 596 1889 quam
613 1803 792 1871 absurdum
814 1803 946 1887 quidem
968 1811 1026 1867 est
1068 1801 1195 1866 Deinde
1206 1802 1371 1885 requiram
1444 1798 1538 1864 obeat
1566 1799 1607 1863 ad
1636 1802 1727 1865 illam
1750 1802 1802 1867 vel
1824 1803 2056 1869 destruendam
2078 1805 2131 1868 vel
2152 1806 2399 1871 obscurandam.

397 1913 440 1955 an
467 1891 507 1955 ob
534 1890 639 1955 multa
662 1911 789 1972 quoque
819 1891 903 1955 bona
929 1910 1042 1971 opera,
1072 1888 1101 1952 si
1124 1887 1256 1970 quidem
1275 1910 1369 1971 prae-
1422 1881 1479 1950 Sic
1496 1885 1622 1951 Paulus
1634 1887 1745 1970 (Rom.
1765 1894 1795 1966 4,
1816 1889 1858 1972 7),
1882 1897 1919 1953 ut
1939 1898 2140 1972 extorqueat,
2164 1892 2401 1956 beatitudinem

397 1976 602 2042 varicatiouis
629 1975 739 2058 aliqua
766 1977 800 2039 in
821 1984 915 2058 parte
943 1996 1020 2040 reus
1042 1973 1190 2038 tenetur?
1237 1973 1286 2038 Ne
1309 1974 1369 2038 hoo
1422 1979 1569 2035 nostram
1594 1972 1660 2037 Dei
1691 1974 1927 2050 miseridordiae,
1962 1996 2027 2039 non
2061 1976 2211 2058 operibus
2240 1986 2397 2055 constare,

395 2062 527 2144 quidem
548 2061 744 2127 contendere
766 2061 912 2138 audebit,
940 2060 1137 2126 reclamante
1166 2059 1247 2142 logis
1275 2081 1368 2125 sanc·
1421 2063 1518 2140 urget
1549 2059 1692 2122 maxime
1724 2057 1807 2123 illud
1839 2059 1979 2126 Davidis
2007 2060 2109 2143 (Psal.
2137 2066 2192 2138 32,
2225 2063 2271 2146 1);
2311 2063 2399 2128 beati

305 2193 308 2197 .
396 2148 498 2226 tione,
527 2145 778 2229 maledictosque
804 2168 918 2212 omnes
946 2146 1183 2228 proclamante,
1218 2145 1274 2227 qui
1302 2166 1369 2209 non
1421 2161 1561 2223 quorum
1583 2143 1738 2208 remissae
1767 2152 1846 2209 sunt
1871 2146 2059 2229 iniquitates
2087 2156 2120 2211 et
2146 2169 2285 2229 quorum
2312 2155 2399 2213 tecta

395 2232 505 2298 omnia
524 2232 608 2316 legis
627 2231 784 2297 mandata
800 2231 842 2295 ad
859 2232 1014 2296 ultimum
1031 2230 1242 2312 impleverint
1254 2230 1367 2314 (Deut
1422 2238 1502 2292 sunt
1533 2236 1678 2310 peccata;
1712 2229 1827 2296 beatus
1854 2233 1906 2296 cui
1934 2252 2001 2296 non
2033 2234 2208 2314 imputavit
2234 2233 2399 2298 Dominus

396 2318 526 2401 2116).
555 2317 610 2382 Ad
626 2319 708 2383 haec
726 2317 813 2383 ultra
833 2317 1033 2401 progrediar,
1055 2316 1142 2381 sitne
1165 2317 1271 2380 ullum
1288 2338 1369 2399 opus
1421 2320 1601 2395 peccatum
1635 2312 1674 2379 Si
1696 2315 1770 2397 quis
1792 2323 1907 2382 contra
1927 2317 2082 2381 obtrudat
2103 2319 2276 2383 innumera
2293 2320 2400 2400 elogia

396 2403 483 2485 quod
516 2402 637 2468 nullius
669 2404 867 2485 impuritatis
900 2411 958 2467 aut
988 2402 1242 2485 imperfectionis
1275 2403 1370 2485 argui
1421 2399 1539 2480 quibus
1556 2398 1686 2465 videtur
1707 2400 1874 2467 beatitudo
1896 2403 2048 2485 operibus
2066 2403 2137 2468 dari
2160 2403 2284 2486 (qualia
2304 2411 2397 2468 sunt:

394 2487 576 2554 mereatur?
625 2489 672 2552 Et
693 2489 853 2571 quomodo
874 2497 960 2554 esset
980 2509 1090 2554 coram
1117 2487 1157 2553 iis
1179 2487 1281 2552 oculis
1301 2487 1370 2570 qui-
1422 2483 1538 2549 beatus
1560 2485 1612 2548 vir
1632 2488 1689 2567 qui
1710 2486 1805 2552 timot
1826 2489 2023 2566 Dominum,
2046 2490 2100 2570 qui
2123 2490 2297 2554 miseretur
2317 2510 2400 2571 pau·

394 2574 456 2638 bus
477 2595 538 2640 nec
560 2573 673 2637 stellae
694 2574 774 2640 satis
796 2574 937 2639 mundae
959 2581 1054 2651 sunt,
1078 2594 1138 2639 neo
1160 2574 1269 2656 augeli
1290 2573 1369 2638 satis
1422 2569 1524 2651 peris,
1547 2569 1602 2651 qui
1625 2591 1691 2634 non
1713 2571 1894 2640 ambulavit
1913 2576 1950 2639 iu
1971 2575 2105 2640 oonsilio
2129 2574 2320 2656 impiorum,
2343 2577 2399 2656 qui

395 2660 474 2724 insti
494 2657 580 2808 pleb.
599 2663 629 2736 4,
655 2658 729 2741 18)?
763 2661 817 2725 Ita
840 2660 970 2724 nullum
990 2667 1123 2724 exstare
1143 2660 1266 2724 bonum
1287 2679 1370 2742 opus
1422 2654 1540 2718 suffert
1568 2656 1794 2735 tentationem
1822 2657 1909 2724 beati
1936 2663 1991 2742 qui
2019 2659 2207 2725 custodiunt
2233 2660 2400 2739 iudicium,

396 2766 493 2809 conce
516 2765 571 2808 ere
589 2751 731 2827 cogetur,
752 2744 838 2828 quod
858 2764 927 2809 non
948 2753 982 2809 et
1002 2745 1158 2827 appositis
1180 2744 1243 2810 sibi
1262 2752 1370 2809 trans·
1421 2739 1632 2816 immaculati,
1651 2760 1810 2823 pauperes
1820 2745 1946 2826 spiritu,
1965 2747 2069 2822 mites,
2090 2744 2322 2824 misericordes,
2340 2753 2399 2810 etc.

395 2829 624 2912 gressionibus,
647 2836 681 2901 et
701 2850 761 2895 sua
780 2831 884 2913 ipsius
905 2831 1112 2912 corruptione
1134 2830 1296 2912 pollutum
1317 2830 1369 2907 sit,
1421 2825 1510 2890 Psal
1534 2829 1603 2903 112,
1627 2830 1638 2887 l
1650 2848 1658 2904 ;
1676 2826 1774 2892 Prov.
1798 2833 1845 2906 14,
1861 2835 1916 2908 213
1943 2831 2031 2896 Psal.
2054 2836 2080 2908 1,
2104 2836 2137 2907 1;
2166 2831 2273 2896 Iacob.
2297 2835 2400 2912 1,12;

394 2937 437 2979 ne
458 2916 602 2980 iustitiae
624 2915 781 2982 honorem
803 2923 920 2980 teneat
962 2914 1059 2996 Quod
1080 2916 1110 2981 si
1131 2922 1259 2981 constat
1281 2916 1370 2980 aiu·
1423 2910 1511 2975 Psal.
1541 2913 1617 2988 106,
1642 2915 1875 2992 311119,1;
1903 2916 2022 2980 Matth.
2046 2920 2081 2993 5,
2102 2916 2136 2997 3)
2164 2938 2230 2980 non
2260 2917 2402 2983 efficient

395 3001 589 3066 stificatioue
610 3001 686 3065 fidei
708 3002 883 3084 proficisci,
911 3008 950 3065 ut
971 3022 1070 3084 opera
1089 3003 1219 3083 impura
1240 3001 1369 3082 alioqui,
1423 2996 1597 3078 quominus
1630 3018 1746 3061 verum
1779 2999 1823 3063 sit
1855 3000 1941 3081 quod
1976 3003 2022 3067 ait
2050 3001 2184 3065 Paulus.
2236 3000 2401 3082 Quoniam

394 3087 573 3164 immunda,
597 3085 776 3163 dimidiata
798 3087 934 3171 indigna
954 3086 1019 3151 Dei
1040 3093 1226 3169 conspectu,
1250 3087 1371 3150 uedmn
1423 3082 1512 3145 euim
1540 3080 1597 3145 illa
1623 3103 1705 3165 quae
1731 3084 1978 3166 praedicantur,
2012 3088 2121 3150 omnia
2152 3108 2321 3167 nunquam
2354 3090 2401 3154 sic

395 3193 520 3249 amore,
548 3173 691 3237 iustitiae
717 3173 935 3256 imputentur:
964 3171 1043 3255 quid
1069 3172 1168 3236 huius
1195 3172 1370 3237 iactatione
1423 3173 1501 3231 suut
1527 3168 1564 3231 iu
1590 3167 1723 3233 homine
1751 3177 1790 3234 ut
1818 3172 1891 3235 Deo
1914 3177 2077 3254 propterea
2104 3172 2139 3234 id
2166 3171 2362 3253 approbetur,
2376 3173 2400 3256 ¹)

396 3257 562 3322 destruere
582 3257 674 3322 illam
692 3259 888 3335 moliuntur,
911 3279 995 3340 quac
1017 3258 1132 3323 sinon
1154 3265 1256 3336 esset,
1285 3258 1370 3324 hano
1423 3253 1607 3330 conficitur,
1641 3254 1797 3320 miserum
1830 3278 1959 3339 semper
1990 3278 2061 3322 osse
2095 3257 2262 3322 hominem
2290 3257 2353 3321 nisi
2382 3279 2402 3322 1

396 3344 519 3406 frustra
547 3343 725 3408 iactareut?
770 3344 814 3408 Vi
857 3364 993 3408 reumue
1019 3350 1151 3425 partum
1179 3344 1284 3408 facero
1312 3364 1371 3408 vo-
1422 3339 1554 3402 miseria
1574 3360 1634 3421 per
1657 3342 1785 3405 veniam
1803 3352 2012 3426 peccatorum
2028 3343 2200 3407 eximatur.
2235 3340 2403 3422 Quoniam

395 3427 493 3493 lunt?
544 3428 595 3491 Eo
627 3429 717 3493 enim
749 3437 805 3495 ten
828 3436 890 3494 unt
919 3430 1093 3512 impiorum
1124 3427 1219 3493 dicta
1274 3429 1371 3494 Fidei
1423 3444 1501 3507 ergo
1530 3425 1685 3491 universa
1713 3447 1797 3509 quae
1826 3430 1998 3511 scripturis
2024 3428 2229 3493 extolluntur
2261 3427 2403 3492 beatitu-

395 3514 660 3578 iustificatiouem
684 3515 896 3597 principium,
924 3513 1194 3591 timdamentum,
1227 3536 1369 3592 causam,
1423 3507 1510 3573 dinis
1539 3530 1675 3594 genera,
1707 3512 1802 3577 irrita
1829 3515 2016 3594 concidunt,
2045 3521 2082 3578 ut
2108 3514 2233 3579 nullius
2257 3514 2402 3578 fructum

395 3606 636 3682 argumentum,
658 3600 875 3666 substantiam
894 3622 1030 3683 operum
1046 3600 1190 3666 iustitiae
1211 3622 1370 3666 essenon
1422 3595 1581 3677 percipiat
1607 3597 1705 3663 homo
1733 3599 1826 3665 donec
1852 3600 2083 3666 beatitudinem
2109 3608 2319 3682 peccatorum
2350 3622 2402 3665 ro·

395 3691 535 3767 possunt
560 3685 712 3764 infitiari;
738 3686 936 3751 concludunt
963 3693 1074 3752 tamen
1102 3685 1166 3750 fide
1188 3707 1254 3750 non
1277 3687 1370 3751 iusti·
1423 3680 1578 3746 missione
1600 3683 1732 3764 adeptus
1751 3685 1864 3765 fuerit,
1893 3707 1976 3769 quae
1997 3685 2116 3751 deindo
2137 3686 2202 3750 illis
2222 3685 2332 3751 locum
2353 3685 2402 3751 fa·
2486 3732 2489 3740 ·

395 3769 486 3834 ficari
509 3770 690 3849 hominem,
717 3772 802 3854 quod
828 3771 914 3836 bona
939 3793 1065 3855 quoque
1094 3791 1193 3855 opera
1219 3773 1255 3836 in
1275 3773 1370 3838 iusti·
1423 3767 1497 3845 ciat,
1521 3768 1670 3850 sequitur
1692 3769 1778 3835 hanc
1800 3791 1959 3837 essenon
1977 3770 2246 3836 modosummam
2260 3778 2401 3854 etprae-

395 3857 474 3918 tiam
497 3863 699 3937 reputentur.
744 3855 945 3923 Omittamus
967 3879 1044 3941 orgo
1065 3858 1146 3922 istas
1167 3858 1315 3940 ineptias,
1338 3864 1371 3922 et
1423 3853 1561 3935 cipuam,
1583 3853 1641 3918 sed
1652 3857 1791 3934 unicam,
1815 3857 1878 3922 nisi
1895 3856 1979 3921 forte
1996 3857 2079 3922 velis
2100 3858 2140 3922 ab
2157 3857 2222 3922 illis
2239 3857 2401 3936 enervari,

395 3940 481 4023 quod
508 3962 561 4005 res
589 3949 639 4006 est
664 3942 840 4007 fateamur:
871 3944 899 4008 si
926 3965 947 4008 a
968 3943 1043 4008 fidei
1064 3943 1292 4008 iustificatione
1314 3943 1370 4008 de-
1422 3958 1505 4019 quae
1527 3939 1563 4002 in
1582 3959 1621 4003 ea
1643 3938 1711 4004 sola
1732 3943 1924 4008 consistunt.
1957 3943 2064 4008 Multo
2081 3943 2148 4007 iam
2169 3944 2279 4007 miuus
2301 3944 2402 4008 ratio·

394 4025 524 4108 pendet,
543 4027 775 4111 qualiscunque
793 4027 924 4093 taudem
942 4037 1102 4106 consetur,
1124 4050 1260 4110 operum
1277 4029 1371 4093 iusti·
1423 4023 1475 4087 nis
1501 4032 1552 4088 est
1579 4045 1639 4088 cur
1665 4047 1725 4091 nos
1746 4029 1940 4093 conturbare
1964 4027 2080 4093 debeat
2102 4028 2276 4111 appellatio
2297 4028 2401 4095 iusto-

396 4113 455 4190 tia,
483 4133 550 4178 uon
577 4112 672 4177 modo
693 4134 753 4197 per
778 4113 863 4180 hano
887 4114 970 4178 nihil
991 4114 1157 4191 imminui,
1183 4113 1241 4179 sed
1262 4115 1370 4196 potius
1423 4130 1512 4188 rum,
1550 4131 1633 4191 quae
1666 4109 1816 4178 fidelibus
1848 4114 2040 4197 plerumque
2072 4114 2235 4181 tribuitur.
2291 4113 2400 4180 Iustos

395 4198 595 4276 confirmari,
622 4219 688 4280 quo
715 4199 871 4263 nimirum
898 4199 949 4264 vis
975 4200 1044 4263 eius
1069 4200 1232 4280 potentior
1254 4199 1369 4265 elucet.
1423 4201 1512 4259 certe
1544 4216 1564 4259 a
1596 4197 1683 4261 vitae
1716 4200 1933 4265 sanctimonia
1965 4201 2151 4282 nuncupari
2182 4200 2300 4276 fateor;
2341 4197 2400 4264 sed

394 4283 508 4366 Neque
520 4284 619 4348 etiam
637 4285 684 4350 sic
701 4292 854 4366 putemus
876 4284 1095 4348 commendari
1107 4286 1369 4367 postgratuitam
1423 4301 1525 4362 quum
1553 4282 1589 4345 iu
1614 4283 1759 4348 iustitiae
1787 4285 1933 4351 studium
1954 4287 2060 4370 magis
2080 4285 2274 4349 incumbant
2301 4304 2400 4366 quam

395 4369 780 4453 iustificationemopera,
802 4377 842 4433 ut
862 4378 895 4434 et
915 4371 986 4452 ipsa
1003 4370 1158 4434 inlocum
1171 4370 1370 4436 iustificandi
1422 4365 1582 4430 iustitiam
1603 4369 1707 4450 ipsam
1725 4369 1895 4452 impleant,
1916 4372 2175 4454 qualemcunque
2197 4370 2283 4433 hanc
2303 4369 2399 4432 iusti·
2522 4445 2524 4449 Ι

395 4455 536 4520 hominis
552 4464 665 4537 postea
676 4455 861 4533 succedant,
884 4464 943 4521 aut
959 4454 1119 4520 eiusmodi
1133 4456 1277 4521 oificium
1294 4479 1369 4522 cum
1422 4450 1504 4516 tiam
1530 4452 1607 4518 fidoi
1628 4454 1850 4520 iustificationi
1878 4456 1993 4524 cedere
2016 4478 2076 4540 par
2097 4463 2160 4532 681,
2188 4453 2276 4517 unde
2299 4452 2401 4518 habet

395 4540 459 4604 fide
480 4543 673 4623 partiantur.
716 4541 788 4607 Nisi
817 4542 905 4606 enim
930 4550 1087 4625 perpetuo
1115 4549 1246 4606 maneat
1266 4542 1371 4608 solida
1422 4536 1457 4601 id
1478 4539 1564 4619 quod
1587 4547 1644 4604 est

395 4625 472 4688 fidei
493 4627 686 4707 iustificatio,
707 4627 840 4693 illorum
856 4627 1081 4693 immundities
1098 4627 1275 4711 detegetur.
1310 4629 1370 4693 Ni·
1513 4629 1559 4689 ll.
1604 4623 1673 4691 Sed
1699 4627 1889 4693 enimcum
1909 4626 2027 4694 Iacobo
2048 4625 2122 4709 plus
2144 4623 2252 4689 adhuc
2274 4623 2400 4707 negotii

396 4709 443 4772 hil
466 4718 574 4774 autern
596 4713 754 4778 absonum
776 4727 840 4791 est,
861 4715 908 4780 sic
929 4713 994 4779 fide
1014 4713 1179 4779 hominem
1201 4715 1371 4780 iustificari
1422 4709 1515 4774 uobis
1537 4721 1661 4776 restare
1683 4713 1784 4792 aiunt,
1807 4714 1918 4795 utqui
1936 4718 2049 4795 aperta
2066 4730 2144 4776 voce
2160 4707 2255 4774 nobis
2276 4730 2399 4794 repug-

396 4800 434 4859 ut
454 4815 521 4858 uon
541 4796 611 4877 ipse
631 4798 728 4864 modo
748 4801 857 4865 iustus
878 4801 930 4878 sit,
953 4798 1011 4866 sed
1031 4820 1130 4882 opera
1150 4820 1277 4883 quoque
1300 4803 1370 4867 eius
1422 4803 1487 4860 not
1527 4798 1633 4862 Docet
1654 4801 1743 4863 enim
1765 4798 1810 4882 (2,
1833 4804 1870 4861 14
1889 4796 1992 4881 seqq.)
2015 4805 2048 4861 et
2065 4793 2235 4860 Abraham
2256 4815 2299 4860 ex
2320 4814 2399 4879 ope-

395 4901 495 4960 supra
517 4879 709 4964 dignitatem
729 4886 817 4950 iusta
837 4893 1042 4951 censeantur.
1422 4881 1513 4948 ribus
1533 4883 1634 4948 fuisse
1654 4884 1879 4962 iustificatum,
1903 4889 1935 4947 et
1956 4902 2015 4947 nos
2037 4901 2163 4964 quoque
2184 4900 2298 4945 omnes
2320 4901 2398 4964 ope-

485 4970 533 5029 10.
577 4966 651 5032 Hac
681 4970 807 5034 ratione
838 4971 1064 5051 concedemus,
1099 4994 1167 5037 non
1197 4973 1369 5056 partialem
1422 4969 1512 5033 ribus
1540 4969 1724 5048 iustificari,
1752 4992 1819 5034 non
1842 4967 1911 5032 sola
1937 4966 2011 5032 fide.
2056 4964 2146 5046 Quid
2167 4966 2292 5051 igitur?
2322 4988 2398 5049 per·

339 5082 344 5086 ·
395 5050 492 5116 modo
522 5052 558 5115 iu
590 5052 741 5134 operibus
773 5055 931 5121 iustitiam
966 5057 1067 5141 (quod
1099 5059 1161 5142 ipsi
1189 5057 1368 5125 adversarii
1422 5054 1597 5120 trahentno
1618 5055 1653 5118 111
1675 5062 1841 5120 certamen
1853 5053 1995 5135 Papium
2017 5074 2092 5119 cum
2114 5051 2248 5118 Iacobo?
2283 5051 2322 5118 si
2343 5050 2398 5118 Ia'·

394 5137 526 5219 volunt)
553 5136 611 5201 sed
638 5137 774 5219 perinde
801 5160 821 5204 a
844 5143 973 5222 probari
1000 5144 1072 5208 Deo
1099 5166 1137 5211 ac
1170 5145 1199 5208 si
1227 5146 1369 5227 perfecta
1421 5138 1538 5205 oobum
1553 5146 1622 5223 'pro
1652 5140 1777 5205 Christi
1798 5139 1948 5204 ministro
1971 5137 2106 5217 habent,
2135 5138 2182 5204 sio
2209 5138 2399 5221 accipienda

395 5223 607 5304 absolutaque
633 5222 724 5287 foret
775 5161 843 5288 sed
869 5225 897 5291 si
923 5227 1169 5294 meminerimus
1196 5252 1260 5313 quo
1292 5232 1367 5296 fun·
1420 5234 1472 5290 est
1497 5227 1567 5291 eius
1593 5227 1767 5303 sententia,
1795 5245 1838 5289 ue
1864 5244 1885 5288 a
1911 5222 2044 5290 (11111111
2072 5245 2131 5308 per
2156 5246 2192 5290 os
2218 5224 2317 5289 Pauli
2348 5222 2398 5289 lo·

396 5309 548 5374 damento
559 5308 720 5387 fulciatur,
743 5309 850 5374 soluta
870 5310 934 5374 erit
950 5312 1056 5376 omnis
1067 5312 1251 5381 difficultas.
1280 5316 1367 5381 Gra-
1420 5319 1540 5393 queute
1572 5310 1750 5374 dissentiat.
1802 5307 1946 5392 Spiritus
1975 5330 2035 5393 per
2073 5331 2109 5376 os
2140 5309 2238 5374 Pauli
2270 5309 2396 5387 asserit,

395 5402 466 5458 tum
494 5395 590 5467 euim,
608 5414 690 5478 opue
718 5402 795 5461 tuno
822 5394 954 5460 demum
982 5415 1053 5461 esse
1073 5397 1189 5480 incipit
1213 5400 1271 5465 ubi
1293 5422 1368 5465 cum

395 5481 493 5545 venia
513 5479 698 5563 suscipitur.
732 5480 837 5546 Porro
857 5478 945 5546 unde
966 5485 1073 5559 venia,
1095 5482 1159 5546 nisi
1181 5484 1258 5564 quia
1275 5484 1368 5553 Deus

395 5586 455 5631 noe
475 5576 509 5631 el
528 5576 643 5633 nostra
663 5567 773 5633 omnia
792 5568 828 5631 ln
841 5565 974 5633 (lhrlslo
995 5566 1164 5631 intuetur?
1199 5566 1367 5647 Quemad-
1489 5601 1519 5666 1)
1537 5597 1583 5651 δι’,
1606 5600 1718 5666 ΜΨ
1743 5600 1798 5655 ffl
1816 5598 1884 5655 1559
1905 5601 1993 5656 pm
2015 5600 2126 5655 mm
2149 5604 2174 5651 ep
2191 5604 2330 5661 mmm
2353 5597 2391 5664 ⁶!

395 5650 530 5717 modum
550 5673 630 5736 ergo
651 5653 797 5735 nosipsi,
821 5652 877 5719 ubi
893 5653 930 5717 111
941 5651 1112 5718 (1111111111
1132 5653 1224 5718 insiti
1244 5673 1367 5732 sumtis,
1422 5668 1476 5721 Ed.
1492 5666 1617 5735 praead.
1638 5667 1672 5721 X.
1691 5667 1831 5726 701111·
1847 5669 2009 5737 1111111(Τ.
2028 5667 2098 5737 tp.
2116 5665 2190 5733 787).

2135 5751 2191 5808 380
