5600 6809
404 784 467 848 909
2346 781 2409 844 910

743 777 834 844 LIB.
856 778 917 843 IV.
961 778 1025 843 DE
1048 774 1285 843 uxuuRNIS
1308 775 1474 844 MEDIIS
1497 776 1562 842 AD
1586 773 1817 843 SALUTEM.
1860 774 1963 842 CAP.
1980 776 2063 841 xm

406 967 513 1034 116616
534 974 584 1032 661
606 973 699 1031 16616
720 967 885 1043 severitas,
909 964 967 1030 sed
988 966 1109 1031 sufficit
1130 965 1306 1029 verborum
1329 984 1382 1028 ea-
1407 965 1411 991 ¹
1435 964 1568 1045 sionem,
1591 985 1689 1047 quam
1711 963 1914 1030 demonstrat
1930 965 2065 1042 Paulus,
2089 970 2117 1029 si
2139 986 2205 1029 non
2224 964 2408 1031 661166616-

406 1055 552 1138 stigatio,
580 1074 682 1136 eaque
710 1053 849 1117 1661661
879 1059 1030 1134 6616166,
1053 1072 1136 1133 quae
1157 1072 1224 1115 non
1246 1071 1382 1132 exaspe·
1435 1072 1487 1115 res
1509 1071 1656 1116 seorsum
1677 1050 1711 1114 id
1733 1052 1870 1129 faciant,
1900 1050 1957 1115 sed
1986 1052 2116 1116 conscia
2146 1061 2181 1116 et
2208 1052 2409 1135 approbante

405 1149 458 1204 ret
474 1146 678 1223 peecatorem
696 1161 757 1204 nec
776 1137 964 1216 confundat,
988 1138 1045 1203 sed
1063 1136 1199 1202 redueat
1220 1136 1261 1200 ad
1280 1157 1314 1200 66
1333 1137 1382 1218 16·
1435 1136 1582 1201 eeclesia:
1606 1138 1642 1200 in
1665 1159 1739 1201 eum
1759 1137 1882 1202 66111661
1905 1136 2038 1201 modum
2056 1144 2095 1200 ut
2110 1136 2215 1220 plebis
2232 1138 2408 1202 multitudo

405 1247 490 1302 sum,
510 1233 547 1290 ut
563 1226 669 1308 magis
683 1223 825 1308 gaudeat
843 1245 878 1288 se
896 1230 1088 1299 correctum,
1108 1244 1207 1304 quam
1223 1221 1381 1286 tristetur.
1435 1244 1502 1286 non
1524 1229 1618 1306 regat
1640 1224 1808 1301 actionem,
1832 1222 1888 1288 sed
1906 1223 2057 1288 observet
2073 1230 2113 1286 ut
2130 1223 2223 1287 testis
2241 1230 2274 1287 et
2291 1233 2408 1303 custos,

406 1311 553 1394 Flagitia
580 1319 692 1375 autem
719 1310 844 1375 acriore
871 1308 1016 1374 remedio
1045 1308 1198 1392 castigari
1220 1309 1381 1373 convenit.
1434 1329 1477 1372 ne
1499 1308 1577 1391 quid
1599 1329 1658 1390 per
1679 1309 1849 1373 libidinem
1872 1330 1891 1372 6
1911 1309 2024 1391 666616
2046 1316 2189 1390 geratur.
2230 1310 2314 1372 Tota
2331 1332 2409 1374 vero

406 1397 520 1478 Neque
543 1398 632 1461 enim
654 1396 734 1461 satis
762 1395 862 1461 66161
888 1395 994 1477 isqui
1020 1394 1106 1458 edito
1135 1394 1214 1457 16611
1241 1395 1382 1475 6116111611
1435 1395 1572 1459 actionis
1599 1396 1714 1471 serice,
1747 1402 1880 1477 praeter
1904 1396 2047 1458 nominis
2069 1395 2133 1459 Dei
2161 1396 2408 1475 invocationem,

407 1483 565 1559 16616616,
599 1483 744 1565 graviter
776 1481 944 1545 eeclesiam
972 1480 1080 1557 laesit,
1115 1479 1223 1544 verbis
1252 1486 1382 1543 tantum
1435 1501 1508 1543 eam
1529 1480 1725 1563 gravitatem
1747 1481 1868 1545 habere
1890 1479 1987 1545 debet
2007 1501 2092 1562 quae
2114 1480 2238 1546 Christi
2255 1501 2409 1564 praesen·
2482 1520 2485 1527 ·

406 1569 587 1650 castigetur
594 1593 602 1646 ;
634 1565 691 1631 sed
713 1567 837 1650 privari
867 1566 908 1630 ad
936 1575 1066 1648 tempus
1089 1586 1209 1629 666666
1237 1586 1381 1629 commu·
1407 1620 1409 1629 .
1435 1567 1515 1630 tiam
1548 1587 1626 1647 prae
1659 1588 1693 1630 se
1720 1568 1819 1644 16161,
1855 1574 1893 1631 61
1920 1565 2055 1630 dubium
2083 1588 2150 1630 non
2177 1566 2221 1631 611
2241 1568 2321 1649 quin
2340 1569 2410 1649 ipse

404 1655 503 1718 61666
526 1653 630 1730 debet,
654 1653 756 1716 denec
778 1653 1020 1735 resipiscentiae
1038 1672 1117 1716 6666
1139 1649 1238 1714 fidem
1259 1651 1380 1715 1666111.
1407 1632 1409 1667 ¹

403 1739 520 1821 Neque
542 1741 630 1804 enim
652 1739 778 1803 Paulus
799 1740 834 1802 16
857 1737 1068 1802 Corinthium
1090 1738 1265 1801 verborum
1286 1737 1382 1801 modo

404 1825 629 1908 obiurgatione
652 1827 765 1901 utitur,
790 1823 847 1888 661
870 1823 910 1888 ab
933 1823 1068 1887 ecclesia
1091 1823 1247 1900 eliminat,
1271 1832 1381 1905 repre-

404 1910 583 1992 henditque
612 1909 805 1975 Corinthios
832 1909 918 1991 quod
953 1907 1080 1973 tamdiu
1115 1930 1192 1973 eum
1219 1908 1379 1973 tulissent.

404 1995 503 2061 Hanc
543 1996 705 2061 rationem
739 1997 847 2060 tenuit
885 2004 980 2060 161116
1013 2015 1050 2060 ae
1089 1994 1204 2058 melior
1237 1994 1380 2071 ecclesia,

404 2102 507 2163 quum
538 2083 666 2164 vigeret
699 2081 845 2164 legitima
873 2081 1076 2164 gubernatio.
1127 2079 1164 2145 Si
1193 2081 1265 2162 quis
1293 2081 1381 2144 enim

404 2168 567 2250 flagitium
590 2167 722 2250 aliquod
743 2175 992 2250 perpetraverat
1013 2166 1101 2230 unde
1120 2174 1273 2231 exortum
1295 2178 1382 2230 esset

1435 1673 1493 1716 suo
1514 1650 1633 1718 iudicio
1653 1653 1846 1735 praesideat

1522 1742 1550 1800 8.
1595 1737 1668 1802 Hoc
1690 1747 1800 1802 tamen
1820 1737 1992 1821 praeteriri
2014 1758 2079 1801 non
2103 1735 2213 1816 debet,
2236 1738 2336 1803 talem
2359 1760 2409 1805 se-

1436 1824 1608 1888 veritatem
1631 1823 1745 1888 decere
1775 1824 1945 1888 ecclesiam
1964 1845 2047 1905 quae
2071 1844 2146 1888 eum
2175 1825 2293 1907 spiritu
2314 1847 2409 1889 6166·

1436 1909 1619 1973 suetudinis
1647 1911 1819 1975 coniuncta
1848 1910 1901 1972 sit.
1952 1907 2091 1991 Semper
2119 1910 2208 1973 enim
2234 1909 2410 1993 diligenter

1435 1994 1618 2059 cavendum
1658 2004 1721 2074 661,
1767 1994 2042 2078 quemadmodum
2086 1995 2245 2078 praecipit
2282 1996 2409 2061 Paulus

1435 2081 1470 2165 (2
1490 2079 1563 2145 Cor.
1585 2086 1613 2158 2,
1635 2081 1683 2165 7),
1712 2103 1754 2145 66
1776 2080 1988 2146 absorbeatur
2010 2102 2030 2144 a
2052 2080 2187 2145 tristitia
2209 2082 2238 2146 16
2260 2083 2294 2145 16
2312 2103 2409 2164 quem

1435 2167 1717 2231 animadvertitur.
1774 2165 1830 2231 Sic
1863 2166 1953 2229 enim
1980 2187 2021 2229 ex
2048 2165 2191 2230 remedio
2219 2168 2314 2231 fieret
2339 2169 2409 2232 exi-

293 2862 295 2866 ‘
404 2852 500 2929 tiam,
530 2874 613 2934 quac
641 2853 784 2934 receptio
807 2854 936 2935 saepius
959 2873 979 2915 a
1001 2854 1167 2938 Cypriane
1182 2852 1206 2937 ¹)
1234 2875 1301 2937 pax
1323 2876 1379 2919 1ο-

405 2253 652 2331 offendiculum,
686 2253 830 2334 primum
862 2273 881 2315 6
914 2272 1024 2317 666166
1057 2272 1175 2316 coenae
1206 2252 1381 2334 participa-
1434 2252 1525 2315 tium.
1570 2253 1697 2316 Verum
1720 2274 1762 2317 ex
1783 2254 1850 2316 fine
1870 2253 1989 2316 melius
2011 2252 2098 2315 sumi
2119 2254 2239 2334 poterit
2260 2252 2408 2319 modera»

403 2338 495 2402 tiene
529 2340 707 2415 abstinere,
742 2339 860 2403 deinde
887 2353 1050 2404 61661661
1073 2338 1145 2402 Deo
1174 2359 1244 2403 sese
1272 2339 1380 2402 humi·
1433 2338 1532 2401 tionis
1566 2339 1689 2421 regula.
1741 2338 1827 2402 Nam
1855 2359 1958 2421 quum
1985 2338 2046 2402 hoe
2078 2339 2113 2401 in
2146 2340 2408 2405 excommunica-

404 2423 500 2500 liare‚
529 2431 563 2488 61
589 2446 699 2489 661661
727 2425 863 2489 66616616
890 2425 1124 2506 poenitentiam
1146 2425 1261 2489 testari
1288 2425 1380 2490 iube-
1433 2425 1726 2506 tionequeeratur,
1745 2432 1783 2487 ut
1802 2424 1843 2488 ad
1861 2424 2096 2508 peonitentiam
2115 2421 2312 2506 perducatur
2333 2447 2408 2507 pec·

404 2507 510 2573 batur.
565 2510 672 2574 Erant
714 2519 822 2573 autem
857 2511 1008 2575 solennes
1047 2511 1129 2573 ritus
1162 2510 1218 2591 qui
1251 2510 1380 2594 iniungi
1405 2528 1407 2599 1
1433 2517 1524 2573 66161
1557 2519 1591 2573 61
1617 2510 1705 2573 16616
1731 2509 1882 2592 exempla
1909 2510 2108 2573 tollanture
2135 2509 2258 2588 medio,
2291 2532 2333 2575 ne
2355 2510 2408 2576 vel

404 2593 504 2676 lapsis
526 2594 683 2673 solebant,
706 2604 745 2660 ut
766 2605 876 2660 666661
901 2596 1121 2677 666611661166
1142 2595 1272 2660 indicia.
1314 2596 1381 2662 Ubi
1405 2601 1408 2674 1
1433 2595 1518 2658 61616
1540 2594 1653 2659 audiat
1675 2595 1799 2660 Christi
1822 2618 1942 2660 nomen
1959 2593 2017 2660 'vel
2040 2593 2081 2659 ad
2110 2596 2328 2663 imitationem
2352 2597 2408 2661 alii

404 2682 451 2745 sic
485 2678 656 2745 1611166166
691 2692 762 2745 6161
796 2690 833 2744 61
865 2682 1068 2746 satisfactum
1100 2682 1254 2747 ecelesiae
1287 2682 1379 2760 foret,
1403 2682 1407 2761 ¹,
1432 2689 1663 2764 provocentur,
1694 2681 1776 2745 haec
1804 2682 1831 2745 si
1862 2680 2077 2757 intuebimur,
2112 2680 2222 2746 licebit
2242 2682 2336 2747 facile
2358 2683 2408 2746 iu·
2524 2686 2533 2707 ‘

403 2773 476 2840 tum
497 2788 557 2847 per
574 2788 732 2831 manuum
751 2768 993 2848 impositionem
1012 2767 1229 2850 recipiebatur
1250 2767 1286 2830 in
1304 2790 1380 2851 gra-
1433 2765 1541 2830 dicare
1574 2787 1742 2848 quousque
1774 2767 1928 2850 progredi
1957 2776 1990 2830 61
2023 2766 2078 2830 ubi
2111 2765 2260 2832 desinere
2292 2767 2408 2833 debeat

1432 2853 1596 2917 severitas.
1637 2852 1737 2935 Ergo,
1762 2853 1818 2916 ubi
1839 2853 2060 2934 poenitentiae
2082 2874 2162 2916 suae
2183 2853 2408 2918 testimonium

403 2944 513 3015 cat-ur,
548 2939 605 3019 qui
638 2939 738 3003 etiam
767 2939 925 3002 eiusmodi
959 2939 1061 3002 ritum
1089 2940 1232 3004 breviter
1259 2939 1379 3004 166611·
1432 2938 1595 3003 ecclesiae
1608 2936 1665 3001 dat
1686 2945 1844 3019 peccator,
1868 2946 1901 3001 ct
1923 2938 1984 3003 hoc
2001 2938 2188 3001 testimonio
2206 2939 2406 3018 scandalum,
2434 3006 2437 3018 ,

402 3022 459 3088 bit.
515 3023 776 3102 Paenitentiam,
811 3025 931 3105 inquit,
963 3033 1067 3108 agunt
1098 3026 1184 3089 iusto
1216 3034 1378 3108 tempore;
1432 3032 1592 3106 quantum
1615 3025 1649 3088 in
1672 3045 1707 3087 66
1729 3036 1793 3100 661,
1817 3022 1985 3101 obliterat,
2014 3044 2220 3105 nequaquam
2242 3024 2329 3088 ultra
2351 3048 2407 3088 ur-

403 3107 519 3173 deinde
553 3109 594 3173 ad
627 3110 870 3194 exomologesin
899 3112 1051 3188 veniunt,
1081 3121 1113 3174 61
1140 3132 1199 3193 661
1220 3133 1378 3176 16666616
1431 3109 1558 3193 gendus
1586 3119 1648 3174 est:
1683 3109 1770 3191 quod
1796 3111 1824 3174 si
1845 3117 1998 3193 urgetur,
2029 3108 2164 3172 modum
2192 3111 2258 3172 iam
2279 3110 2408 3174 excedit

403 3193 642 3275 impositionem
666 3196 808 3278 episcopi
829 3205 863 3259 61
892 3196 970 3260 61611
991 3198 1043 3260 166
1065 3197 1303 3260 communionis
1325 3219 1379 3262 ae-
1430 3196 1528 3279 rigor.
1580 3195 1655 3277 Qua
1687 3197 1723 3259 in
1755 3207 1847 3278 parte
1878 3195 2029 3260 excusari
2057 3194 2147 3258 nullo
2178 3192 2273 3258 modo
2300 3203 2407 3277 potest

401 3280 535 3360 cipiunt.
565 3278 764 3362 Quanquam
786 3284 832 3347 616
855 3289 1006 3364 praeerat
1023 3281 1276 3348 reconciliationi
1294 3284 1379 3364 epis·
1430 3281 1604 3348 immodica
1626 3288 1774 3347 veterum
1792 3283 1974 3357 austeritas,
1998 3302 2081 3363 quae
2099 3294 2132 3344 61
2147 3301 2282 3363 6161666
2300 3303 2320 3344 6
2337 3279 2407 3344 Do-

402 3385 501 3446 copus
524 3385 599 3429 cum
621 3388 680 3430 suo
701 3367 797 3442 clero,
821 3378 857 3431 ut
877 3369 975 3432 simul
992 3369 1096 3450 plebis
1113 3386 1309 3433 consensum
1327 3390 1379 3433 re·
1430 3368 1513 3431 mini
1534 3368 1734 3451 praescripto
1763 3366 1955 3444 dissidebat,
1984 3374 2017 3431 et
2039 3373 2111 3430 erat
2137 3366 2258 3430 mirum
2280 3367 2316 3429 16
2338 3387 2407 3431 616·

401 3451 554 3532 66116161,
580 3451 853 3532 quemadmodum
876 3453 953 3518 alibi
975 3454 1084 3519 tradit.
1431 3452 1509 3517 dum
1531 3455 1720 3537 periculosa.
1758 3454 1845 3518 Nam
1867 3475 1969 3536 quum
1990 3453 2149 3534 peccatori
2170 3453 2408 3535 poenitentiam

488 3541 516 3600 7.
561 3536 635 3601 Hac
663 3537 834 3619 disciplina
862 3540 941 3604 6166
970 3562 1066 3605 66616
1094 3540 1313 3618 eximebatur,
1341 3547 1380 3604 ut
1430 3539 1598 3604 solennem
1621 3548 1654 3604 et
1675 3540 1896 3622 privationem
1918 3559 1938 3602 a
1960 3559 2053 3603 sacra
2074 3540 2301 3603 communione
2318 3560 2407 3604 nunc

400 3622 565 3704 principes
588 3643 725 3705 quoque,
748 3647 815 3688 una
836 3645 910 3689 cum
932 3627 1078 3708 plebeiis,
1110 3648 1144 3690 se
1172 3626 1379 3690 61661616·
1430 3625 1466 3688 16
1488 3636 1629 3708 septem,
1663 3648 1752 3690 nunc
1780 3626 1816 3689 in
1838 3632 1993 3708 quatuor,
2023 3644 2111 3688 nune
2140 3626 2176 3689 in
2204 3633 2406 3702 116666666,

400 3706 538 3771 rendam
560 3708 767 3775 subiicerent.
812 3712 859 3775 Et
879 3713 1010 3776 merito:
1035 3734 1138 3794 quum
1161 3710 1286 3777 Christi
1308 3733 1379 3778 6666
1431 3733 1519 3776 6666
1550 3714 1586 3776 16
1618 3719 1723 3777 161661
1752 3712 1854 3777 vitam
1880 3710 2076 3789 indicerent,
2104 3709 2183 3792 quid
2210 3708 2287 3776 inde
2315 3710 2407 3792 sequi

399 3792 579 3872 constaret,
615 3797 667 3858 cui
696 3797 806 3860 emnia
835 3818 950 3880 regum
979 3809 1108 3881 sceptra
1135 3806 1169 3862 et
1195 3797 1380 3863 diademata
1430 3800 1539 3879 potuit
1565 3799 1630 3862 nisi
1651 3797 1706 3863 161
1726 3796 1898 3880 magnah
1944 3796 2074 3874 oerisis,
2102 3796 2156 3861 161
2179 3796 2324 3859 maxima
2352 3794 2409 3860 de-

400 3877 551 3942 submitti
588 3901 731 3962 aequum
762 3891 820 3947 est.
877 3883 935 3948 Sic
963 3884 1180 3962 Theodosius,
1215 3905 1316 3966 quum
1338 3884 1379 3948 ab
1431 3884 1592 3967 aparatio?
1643 3881 1896 3966 Similiterque
1945 3904 2042 3947 nemo
2069 3881 2126 3963 qui
2149 3881 2269 3945 iterum
2296 3880 2409 3965 lapsus

399 3963 614 4048 Ambrosi02)
648 3965 689 4030 ob
718 3967 849 4033 caedem
879 3969 1129 4035 Thessalonicae
1158 3976 1378 4054 perpetratam
1431 3978 1530 4048 esset,
1560 3969 1601 4034 ad
1624 3968 1803 4035 secundam
1823 3969 2058 4052 poenitentiam
2078 3965 2321 4046 admitteretur,
2351 3965 2409 4032 sed

399 4048 471 4114 iure
493 4052 731 4117 communionis
756 4055 907 4135 privatus
928 4066 1028 4133 66661,
1056 4057 1176 4121 6116111
1197 4078 1302 4121 omne
1315 4076 1378 4138 quo
1430 4075 1533 4138 usque
1555 4054 1597 4118 61
1626 4057 1728 4119 finem
1751 4054 1839 4119 vitae
1861 4054 2032 4119 eiiceretur
2053 4054 2094 4118 ab
2117 4052 2270 4130 ecclesia,
2292 4051 2326 4116 id
2347 4075 2408 4119 nec

399 4136 621 4201 circumdatus
650 4149 721 4202 6161
742 4140 871 4223 insigne
893 4142 1036 4226 regium;
1066 4142 1199 4206 deflevit
1219 4143 1254 4204 in
1276 4142 1378 4207 66616·
1430 4140 1510 4205 utile
1539 4149 1625 4220 erat,
1659 4161 1721 4205 nec
1750 4141 1869 4204 rationi
1897 4147 2162 4205 consentaneum.
2214 4136 2407 4220 Quicunque

399 4221 449 4287 sia
481 4222 611 4304 publice
639 4232 810 4304 peecatum
836 4248 948 4304 suum,
982 4227 1069 4309 quod
1097 4227 1234 4291 alierum
1262 4227 1378 4292 fraude
1429 4225 1532 4309 igitur
1559 4247 1638 4291 sano
1665 4225 1784 4291 iudicio
1814 4248 1886 4290 rem
1906 4224 2106 4301 aestimabit,
2136 4223 2332 4288 desiderabit
2353 4223 2407 4289 hic

398 4308 588 4389 obrepserat
594 4333 602 4387 ;
621 4311 751 4457 ,imm
773 4323 807 4375 et
829 4311 984 4397 lacrymis
1006 4315 1113 4378 oravit
1135 4314 1274 4378 veniam.
1310 4313 1377 4377 Ne·
1430 4333 1542 4377 eorum
1576 4312 1795 4395 prudentiam.
1848 4310 2046 4394 Quanquam
2074 4308 2241 4393 publicum
2268 4307 2321 4372 hic
2349 4328 2407 4390 po·

398 4412 461 4473 que
494 4394 583 4458 enim
644 4395 773 4461 6166611
806 4397 839 4460 11
881 4398 941 4463 sibi
975 4420 1045 4463 6666
1079 4398 1199 4464 debent
1233 4398 1377 4484 iudicare
1429 4399 1496 4463 tius
1528 4420 1654 4463 merem
1680 4398 1827 4481 improbo
1854 4418 1954 4479 quam
1981 4419 2036 4461 eos
2065 4416 2178 4459 omnes
2210 4414 2324 4458 accuso
2351 4394 2407 4475 qui

398 4481 512 4574 magni
534 4501 643 4563 reges,
670 4482 698 4546 61
722 4502 832 4547 eoram
855 4483 991 4549 Christe
1013 4505 1091 4567 rege
1113 4505 1230 4568 regum
1253 4485 1377 4567 suppli·
1430 4505 1467 4548 ec
1497 4485 1549 4548 661
1578 4493 1672 4563 6661,
1701 4504 1840 4567 quorum
1865 4483 2034 4549 nonnullis
2056 4478 2258 4562 displicuisse
2280 4488 2407 4543 certum

398 4569 783 4647 611616661661616661,
812 4592 873 4635 666
895 4570 961 4634 illis
983 4569 1154 4652 displicere
1177 4568 1378 4653 debet'quod
1429 4579 1493 4634 est:
1518 4570 1576 4635 sed
1598 4568 1671 4634 ideo
1692 4569 1842 4635 ferebant
1863 4569 1942 4651 quia
1963 4589 2030 4631 nen
2057 4572 2211 4647 poterant
2231 4564 2404 4647 corrigere.

397 4668 466 4744 661,
486 4650 655 4715 6661661616
684 4653 880 4720 iudicentur.
928 4656 1016 4721 Nam
1038 4678 1141 4739 quum
1163 4658 1199 4720 in
1221 4657 1296 4721 aula
1318 4678 1377 4721 sua
1429 4654 1530 4721 Certe
1552 4655 1740 4740 Cyprianus
1754 4654 1779 4741 ¹)
1802 4654 1955 4731 16616161,
1979 4671 2078 4734 quam
2098 4671 2165 4714 non
2192 4656 2307 4731 sponte
2334 4650 2405 4714 166·

397 4732 480 4797 1111111
504 4736 571 4798 1616
595 4737 730 4804 audiant
752 4750 883 4824 praeter
905 4763 1013 4807 meras
1031 4743 1278 4822 assentationes,
1302 4743 1377 4826 plus
1428 4742 1473 4806 rit
1506 4751 1574 4806 tam
1607 4741 1741 4826 rigidus.
1786 4740 1967 4815 Patientia,
1997 4736 2120 4817 inquit,
2152 4741 2185 4798 et
2211 4735 2349 4800 facilitas
2372 4743 2405 4800 61
2479 4795 2483 4803 .

395 4839 497 4967 gram
524 4827 747 4890 necessarium
781 4828 846 4893 11116
874 4836 932 4907 661,
966 4850 1027 4913 661
1059 4850 1094 4894 66
1123 4829 1329 4895 sacerdotum
1357 4850 1378 4893 a
1429 4827 1619 4893 humanitas
1656 4836 1770 4892 nostra
1802 4823 2010 4891 venientibus
2049 4829 2179 4902 praesto
2219 4827 2282 4900 est;
2326 4829 2404 4904 opto

431 4906 541 4968 omine
574 4909 703 4990 corripi.
762 4911 852 4992 Quin
884 4916 992 4998 661166
1024 4924 1137 4999 661616
1176 4914 1296 4981 debent
1333 4937 1376 4980 ne
1428 4935 1541 4978 omnes
1573 4916 1609 4978 in
1631 4915 1800 4979 eeclesiam
1827 4906 1973 4991 regredi,
2006 4917 2081 4988 opto
2103 4927 2217 4971 omnes
2245 4907 2404 4972 commili-

396 4989 1275 5083 6111166661161666616661,6666616611161111666.’
1303 5002 1376 5066 Hoc
1428 5008 1521 5066 tenes
1542 5009 1671 5066 nostros
1692 5002 1780 5062 intra
1801 4995 1927 5060 Christi
1953 5000 2066 5091 666116
2082 4999 2116 5057 61
2136 4993 2201 5058 Ι)61
2222 4995 2326 5075 patris
2347 4992 2403 5059 de·

395 5075 465 5141 lece
488 5083 659 5158 praetereo
681 5100 740 5160 per
758 5100 838 5160 quos
856 5085 1037 5150 exercenda
1054 5088 1179 5153 isthaec
1196 5087 1376 5153 iurisdictio
1428 5087 1549 5151 micilia
1576 5083 1739 5152 concludi:
1774 5081 1906 5145 remitto
1934 5078 2058 5156 omnia,
2091 5078 2197 5143 multa
2223 5078 2402 5159 dissimulo,

395 5163 447 5239 Sit,
472 5163 550 5245 quia
571 5161 650 5226 alibi
669 5163 794 5229 dictum
813 5174 871 5230 est.
915 5170 988 5234 Hoc
1010 5179 1141 5235 tantum
1163 5172 1261 5252 addc,
1284 5174 1376 5238 illam
1428 5173 1536 5238 studio
1558 5179 1592 5236 et
1613 5181 1688 5235 voto
1715 5164 1916 5249 colligendae
1937 5165 2170 5243 fraternitatis,
2198 5165 2299 5230 etiam
2320 5185 2404 5247 quae

395 5269 466 5314 esse
489 5249 670 5332 legitimam
689 5250 725 5313 in
743 5254 1056 5318 excommunicando
1074 5256 1207 5321 homine
1223 5279 1375 5342 progres-
1428 5259 1464 5322 in
1491 5257 1601 5322 Deum
1634 5253 1807 5318 commissa
1834 5259 1926 5332 sunt,
1959 5271 2025 5316 nen
2053 5249 2150 5333 pleno
2182 5249 2303 5317 iudicio
2323 5271 2403 5314 6116·

1427 5346 1531 5421 16166;
1555 5338 1776 5422 delictis‘plus
1796 5358 1895 5421 quam
1916 5343 2044 5425 6661161
2065 5335 2272 5402 remittendis
2299 5355 2404 5418 paene

1427 5429 1497 5510 ipse
1525 5424 1692 5506 delinqu03
1725 5424 1905 5507 amplecter
1935 5429 2089 5507 prompta
2118 5429 2152 5486 et
2179 5422 2278 5504 plena
2304 5420 2403 5487 dilec-

463 5555 491 5624 1)
519 5558 607 5626 Epist.
627 5557 651 5610 2.
676 5560 738 5612 libr.
759 5558 787 5620 1;
817 5560 904 5628 Epist.
930 5558 970 5612 14.
996 5561 1057 5613 libr.
1076 5560 1094 5614 3
1116 5566 1145 5614 61
1170 5562 1290 5614 61661616
1314 5563 1374 5616 libr.
1428 5600 1598 5608 -——---
1625 5600 1630 5604 -

394 5625 475 5693 epist.
494 5624 536 5678 26.
625 5626 656 5693 2)
675 5629 805 5682 Ambrae.
826 5629 886 5682 libr.
906 5628 930 5681 1.
952 5630 1030 5698 epist.
1051 5629 1075 5684 3.
1101 5632 1129 5683 16
1150 5636 1218 5682 orat.
1236 5630 1330 5683 habita
1347 5633 1375 5684 in
1711 5699 1716 5711 Ι
1934 5699 1940 5711 ι

394 5692 489 5746 sunere
508 5695 660 5749 Theodosu.
1497 5695 1527 5764 l)
1544 5697 1591 5750 Ad
1608 5696 1904 5769 (1616616666111
1922 5699 1986 5751 hbr.
2005 5696 2028 5750 1.
