<?xml version="1.0" encoding="UTF-8"?>
<!DOCTYPE html PUBLIC "-//W3C//DTD XHTML 1.0 Transitional//EN"
    "http://www.w3.org/TR/xhtml1/DTD/xhtml1-transitional.dtd">
<html xmlns="http://www.w3.org/1999/xhtml" xml:lang="en" lang="en">
 <head>
  <title>
</title>
<meta http-equiv="Content-Type" content="text/html;charset=utf-8" />
  <meta name='ocr-system' content='tesseract 3.04.00' />
  <meta name='ocr-capabilities' content='ocr_page ocr_carea ocr_par ocr_line ocrx_word'/>
</head>
<body>
  <div class='ocr_page' id='page_1' title='image "./ioanniscalvinio10calvgoog_0029.png"; bbox 0 0 5600 6809; ppageno 0'>
   <div class='ocr_carea' id='block_1_1' title="bbox 402 693 2013 820">
    <p class='ocr_par' dir='ltr' id='par_1_1' title="bbox 402 693 2013 820">
     <span class='ocr_line' id='line_1_1' title="bbox 402 693 2013 820; baseline 0.009 -14"><span class='ocrx_word' id='word_1_1' title='bbox 402 747 442 806; x_wconf 90' lang='lat'>33</span> <span class='ocrx_word' id='word_1_2' title='bbox 789 745 927 810; x_wconf 75' lang='lat' dir='ltr'>mat</span> <span class='ocrx_word' id='word_1_3' title='bbox 972 747 1035 811; x_wconf 85' lang='lat' dir='ltr'>DE</span> <span class='ocrx_word' id='word_1_4' title='bbox 1058 693 1345 814; x_wconf 73' lang='lat' dir='ltr'>coaNIrloraa</span> <span class='ocrx_word' id='word_1_5' title='bbox 1368 750 1452 816; x_wconf 87' lang='lat' dir='ltr'>DEI</span> <span class='ocrx_word' id='word_1_6' title='bbox 1474 750 1747 817; x_wconf 75' lang='lat' dir='ltr'><strong>OREA&#39;PORIS.</strong></span> <span class='ocrx_word' id='word_1_7' title='bbox 1794 752 1893 818; x_wconf 80' lang='lat' dir='ltr'>OAP.</span> <span class='ocrx_word' id='word_1_8' title='bbox 1917 753 1944 817; x_wconf 86' lang='grc' dir='ltr'>Ι.</span> <span class='ocrx_word' id='word_1_9' title='bbox 1967 754 2013 820; x_wconf 93' lang='grc' dir='ltr'>Π.</span> 
     </span>
    </p>
   </div>
   <div class='ocr_carea' id='block_1_2' title="bbox 396 931 1374 1362">
    <p class='ocr_par' dir='ltr' id='par_1_2' title="bbox 396 931 1374 1362">
     <span class='ocr_line' id='line_1_2' title="bbox 399 931 1374 1018; baseline 0.005 -21"><span class='ocrx_word' id='word_1_10' title='bbox 399 931 561 997; x_wconf 88' lang='lat' dir='ltr'>cumcirca</span> <span class='ocrx_word' id='word_1_11' title='bbox 583 939 706 1013; x_wconf 88' lang='lat' dir='ltr'>patent,</span> <span class='ocrx_word' id='word_1_12' title='bbox 729 932 929 998; x_wconf 82' lang='lat' dir='ltr'>validissima</span> <span class='ocrx_word' id='word_1_13' title='bbox 951 936 1290 1018; x_wconf 87' lang='lat' dir='ltr'>perspicacissimaque</span> <span class='ocrx_word' id='word_1_14' title='bbox 1306 939 1374 1003; x_wconf 90' lang='lat' dir='ltr'>acie</span> 
     </span>
     <span class='ocr_line' id='line_1_3' title="bbox 398 1015 1374 1104; baseline 0.005 -22"><span class='ocrx_word' id='word_1_15' title='bbox 398 1015 550 1082; x_wconf 84' lang='lat' dir='ltr'>videmur</span> <span class='ocrx_word' id='word_1_16' title='bbox 584 1018 677 1082; x_wconf 91' lang='lat' dir='ltr'>nobis</span> <span class='ocrx_word' id='word_1_17' title='bbox 709 1017 847 1100; x_wconf 88' lang='lat' dir='ltr'>praediti</span> <span class='ocrx_word' id='word_1_18' title='bbox 854 1042 861 1097; x_wconf 93' lang='lat'>;</span> <span class='ocrx_word' id='word_1_19' title='bbox 908 1028 942 1083; x_wconf 92' lang='lat' dir='ltr'>at</span> <span class='ocrx_word' id='word_1_20' title='bbox 975 1021 1031 1084; x_wconf 93' lang='lat' dir='ltr'>ubi</span> <span class='ocrx_word' id='word_1_21' title='bbox 1064 1023 1099 1084; x_wconf 90' lang='lat' dir='ltr'>iu</span> <span class='ocrx_word' id='word_1_22' title='bbox 1137 1022 1239 1086; x_wconf 91' lang='lat' dir='ltr'>solem</span> <span class='ocrx_word' id='word_1_23' title='bbox 1269 1025 1374 1104; x_wconf 91' lang='lat' dir='ltr'>suspi-</span> 
     </span>
     <span class='ocr_line' id='line_1_4' title="bbox 398 1103 1374 1188; baseline 0.004 -20"><span class='ocrx_word' id='word_1_24' title='bbox 398 1103 510 1178; x_wconf 91' lang='lat' dir='ltr'>cimus,</span> <span class='ocrx_word' id='word_1_25' title='bbox 534 1111 630 1185; x_wconf 87' lang='lat' dir='ltr'>atque</span> <span class='ocrx_word' id='word_1_26' title='bbox 659 1105 793 1169; x_wconf 78' lang='lat' dir='ltr'><strong>arrectis</strong></span> <span class='ocrx_word' id='word_1_27' title='bbox 820 1105 922 1170; x_wconf 90' lang='lat' dir='ltr'>oculis</span> <span class='ocrx_word' id='word_1_28' title='bbox 944 1107 1217 1188; x_wconf 84' lang='lat' dir='ltr'>contemplamur,</span> <span class='ocrx_word' id='word_1_29' title='bbox 1244 1109 1295 1172; x_wconf 82' lang='lat' dir='ltr'>vis</span> <span class='ocrx_word' id='word_1_30' title='bbox 1316 1108 1374 1173; x_wconf 91' lang='lat' dir='ltr'>illa</span> 
     </span>
     <span class='ocr_line' id='line_1_5' title="bbox 398 1190 1373 1275; baseline 0.008 -25"><span class='ocrx_word' id='word_1_31' title='bbox 398 1208 480 1269; x_wconf 87' lang='lat' dir='ltr'>quae</span> <span class='ocrx_word' id='word_1_32' title='bbox 505 1190 635 1271; x_wconf 79' lang='lat' dir='ltr'>egregie</span> <span class='ocrx_word' id='word_1_33' title='bbox 656 1191 688 1252; x_wconf 91' lang='lat' dir='ltr'>in</span> <span class='ocrx_word' id='word_1_34' title='bbox 706 1197 794 1254; x_wconf 88' lang='lat' dir='ltr'>terra</span> <span class='ocrx_word' id='word_1_35' title='bbox 813 1191 953 1269; x_wconf 82' lang='lat' dir='ltr'>valebat,</span> <span class='ocrx_word' id='word_1_36' title='bbox 972 1199 1062 1255; x_wconf 88' lang='lat' dir='ltr'>tanto</span> <span class='ocrx_word' id='word_1_37' title='bbox 1080 1192 1208 1275; x_wconf 80' lang='lat' dir='ltr'><strong>fulgore</strong></span> <span class='ocrx_word' id='word_1_38' title='bbox 1226 1194 1373 1275; x_wconf 90' lang='lat' dir='ltr'>protinus</span> 
     </span>
     <span class='ocr_line' id='line_1_6' title="bbox 396 1274 1373 1362; baseline 0.006 -26"><span class='ocrx_word' id='word_1_39' title='bbox 396 1274 630 1356; x_wconf 78' lang='lat' dir='ltr'>perstringitur</span> <span class='ocrx_word' id='word_1_40' title='bbox 651 1282 684 1337; x_wconf 94' lang='lat' dir='ltr'>ct</span> <span class='ocrx_word' id='word_1_41' title='bbox 701 1276 919 1353; x_wconf 86' lang='lat' dir='ltr'>confunditur,</span> <span class='ocrx_word' id='word_1_42' title='bbox 943 1285 981 1339; x_wconf 94' lang='lat' dir='ltr'>ut</span> <span class='ocrx_word' id='word_1_43' title='bbox 997 1278 1091 1341; x_wconf 87' lang='lat' dir='ltr'>fateri</span> <span class='ocrx_word' id='word_1_44' title='bbox 1110 1300 1273 1362; x_wconf 86' lang='lat' dir='ltr'>cogamur,</span> <span class='ocrx_word' id='word_1_45' title='bbox 1292 1278 1373 1342; x_wconf 93' lang='lat' dir='ltr'>illud</span> 
     </span>
    </p>
   </div>
   <div class='ocr_carea' id='block_1_3' title="bbox 397 1360 1374 1441">
    <p class='ocr_par' dir='ltr' id='par_1_3' title="bbox 397 1360 1374 1441">
     <span class='ocr_line' id='line_1_7' title="bbox 397 1360 1374 1441; baseline 0.009 -21"><span class='ocrx_word' id='word_1_46' title='bbox 397 1366 545 1422; x_wconf 92' lang='lat' dir='ltr'>nostrum</span> <span class='ocrx_word' id='word_1_47' title='bbox 573 1361 608 1422; x_wconf 91' lang='lat' dir='ltr'>iu</span> <span class='ocrx_word' id='word_1_48' title='bbox 636 1360 878 1426; x_wconf 79' lang='lat' dir='ltr'>considerandis</span> <span class='ocrx_word' id='word_1_49' title='bbox 904 1363 1042 1426; x_wconf 88' lang='lat' dir='ltr'>terrenis</span> <span class='ocrx_word' id='word_1_50' title='bbox 1071 1385 1221 1441; x_wconf 83' lang='lat' dir='ltr'>acumen,</span> <span class='ocrx_word' id='word_1_51' title='bbox 1255 1364 1310 1428; x_wconf 93' lang='lat' dir='ltr'>ubi</span> <span class='ocrx_word' id='word_1_52' title='bbox 1333 1366 1374 1429; x_wconf 91' lang='lat' dir='ltr'>ad</span> 
     </span>
    </p>
   </div>
   <div class='ocr_carea' id='block_1_4' title="bbox 1805 938 2023 1007">
    <p class='ocr_par' dir='ltr' id='par_1_4' title="bbox 1805 938 2023 1007">
     <span class='ocr_line' id='line_1_8' title="bbox 1805 938 2023 1007; baseline 0.005 -2"><span class='ocrx_word' id='word_1_53' title='bbox 1805 938 1957 1007; x_wconf 71' lang='lat' dir='ltr'>CAPUT</span> <span class='ocrx_word' id='word_1_54' title='bbox 1978 943 2023 1006; x_wconf 93' lang='grc' dir='ltr'>Π.</span> 
     </span>
    </p>
   </div>
   <div class='ocr_carea' id='block_1_5' title="bbox 1428 1080 2401 1313">
    <p class='ocr_par' dir='ltr' id='par_1_5' title="bbox 1428 1080 2401 1313">
     <span class='ocr_line' id='line_1_9' title="bbox 1428 1080 2401 1195; baseline 0.007 -34"><span class='ocrx_word' id='word_1_55' title='bbox 1428 1080 1543 1186; x_wconf 74' lang='lat' dir='ltr'>Quid</span> <span class='ocrx_word' id='word_1_56' title='bbox 1574 1082 1631 1162; x_wconf 88' lang='lat' dir='ltr'>sit</span> <span class='ocrx_word' id='word_1_57' title='bbox 1657 1083 1799 1163; x_wconf 91' lang='lat' dir='ltr'>Deum</span> <span class='ocrx_word' id='word_1_58' title='bbox 1830 1111 2101 1191; x_wconf 75' lang='lat' dir='ltr'>cognoscere,</span> <span class='ocrx_word' id='word_1_59' title='bbox 2127 1096 2172 1165; x_wconf 89' lang='lat' dir='ltr'>et</span> <span class='ocrx_word' id='word_1_60' title='bbox 2201 1085 2245 1165; x_wconf 92' lang='lat' dir='ltr'>in</span> <span class='ocrx_word' id='word_1_61' title='bbox 2276 1115 2401 1195; x_wconf 91' lang='lat' dir='ltr'>quem</span> 
     </span>
     <span class='ocr_line' id='line_1_10' title="bbox 1584 1201 2239 1313; baseline 0.009 -32"><span class='ocrx_word' id='word_1_62' title='bbox 1584 1202 1710 1282; x_wconf 89' lang='lat' dir='ltr'>finem</span> <span class='ocrx_word' id='word_1_63' title='bbox 1741 1201 1890 1282; x_wconf 89' lang='lat' dir='ltr'>tendat</span> <span class='ocrx_word' id='word_1_64' title='bbox 1922 1204 2011 1284; x_wconf 89' lang='lat' dir='ltr'>eius</span> <span class='ocrx_word' id='word_1_65' title='bbox 2043 1205 2239 1313; x_wconf 73' lang='lat' dir='ltr'><strong>cognitio.</strong></span> 
     </span>
    </p>
   </div>
   <div class='ocr_carea' id='block_1_6' title="bbox 1517 1367 2403 1451">
    <p class='ocr_par' dir='ltr' id='par_1_6' title="bbox 1517 1367 2403 1451">
     <span class='ocr_line' id='line_1_11' title="bbox 1517 1367 2403 1451; baseline 0.009 -23"><span class='ocrx_word' id='word_1_66' title='bbox 1517 1372 1542 1431; x_wconf 91' lang='lat' dir='ltr'>l.</span> <span class='ocrx_word' id='word_1_67' title='bbox 1590 1367 1662 1429; x_wconf 80' lang='lat' dir='ltr'>lam</span> <span class='ocrx_word' id='word_1_68' title='bbox 1689 1388 1760 1431; x_wconf 90' lang='lat' dir='ltr'>cero</span> <span class='ocrx_word' id='word_1_69' title='bbox 1788 1368 1852 1432; x_wconf 85' lang='lat' dir='ltr'>Dei</span> <span class='ocrx_word' id='word_1_70' title='bbox 1887 1370 2031 1431; x_wconf 74' lang='lat' dir='ltr'><em>notitiam</em></span> <span class='ocrx_word' id='word_1_71' title='bbox 2058 1371 2208 1451; x_wconf 80' lang='lat' dir='ltr'>intellipo,</span> <span class='ocrx_word' id='word_1_72' title='bbox 2242 1392 2305 1450; x_wconf 88' lang='lat' dir='ltr'>qua</span> <span class='ocrx_word' id='word_1_73' title='bbox 2339 1393 2403 1436; x_wconf 82' lang='lat' dir='ltr'>noa</span> 
     </span>
    </p>
   </div>
   <div class='ocr_carea' id='block_1_7' title="bbox 397 1444 2401 1533">
    <p class='ocr_par' dir='ltr' id='par_1_7' title="bbox 397 1444 2401 1533">
     <span class='ocr_line' id='line_1_12' title="bbox 397 1444 2401 1533; baseline 0.006 -25"><span class='ocrx_word' id='word_1_74' title='bbox 397 1444 500 1508; x_wconf 92' lang='lat' dir='ltr'>solem</span> <span class='ocrx_word' id='word_1_75' title='bbox 526 1453 662 1509; x_wconf 89' lang='lat' dir='ltr'>ventum</span> <span class='ocrx_word' id='word_1_76' title='bbox 689 1456 752 1523; x_wconf 88' lang='lat' dir='ltr'>est,</span> <span class='ocrx_word' id='word_1_77' title='bbox 786 1468 911 1511; x_wconf 90' lang='lat' dir='ltr'>meram</span> <span class='ocrx_word' id='word_1_78' title='bbox 939 1469 1009 1512; x_wconf 91' lang='lat' dir='ltr'>esse</span> <span class='ocrx_word' id='word_1_79' title='bbox 1037 1449 1275 1513; x_wconf 79' lang='lat' dir='ltr'><strong>hebetudinem.</strong></span> <span class='ocrx_word' id='word_1_80' title='bbox 1321 1451 1374 1515; x_wconf 88' lang='lat' dir='ltr'>Ita</span> <span class='ocrx_word' id='word_1_81' title='bbox 1427 1454 1515 1516; x_wconf 90' lang='lat' dir='ltr'>modo</span> <span class='ocrx_word' id='word_1_82' title='bbox 1536 1454 1727 1531; x_wconf 84' lang='lat' dir='ltr'>cormipimus</span> <span class='ocrx_word' id='word_1_83' title='bbox 1748 1453 1886 1533; x_wconf 76' lang='lat' dir='ltr'>aliquem</span> <span class='ocrx_word' id='word_1_84' title='bbox 1907 1473 1971 1517; x_wconf 90' lang='lat' dir='ltr'>esse</span> <span class='ocrx_word' id='word_1_85' title='bbox 1994 1453 2107 1532; x_wconf 89' lang='lat' dir='ltr'>Deum,</span> <span class='ocrx_word' id='word_1_86' title='bbox 2129 1456 2183 1519; x_wconf 89' lang='lat' dir='ltr'>sed</span> <span class='ocrx_word' id='word_1_87' title='bbox 2205 1456 2299 1518; x_wconf 89' lang='lat' dir='ltr'>etiam</span> <span class='ocrx_word' id='word_1_88' title='bbox 2321 1462 2401 1521; x_wconf 88' lang='lat' dir='ltr'>tene·</span> 
     </span>
    </p>
   </div>
   <div class='ocr_carea' id='block_1_8' title="bbox 395 1531 2403 1961">
    <p class='ocr_par' dir='ltr' id='par_1_8' title="bbox 395 1531 2403 1961">
     <span class='ocr_line' id='line_1_13' title="bbox 397 1531 2402 1620; baseline 0.007 -29"><span class='ocrx_word' id='word_1_89' title='bbox 397 1531 480 1593; x_wconf 91' lang='lat' dir='ltr'>etin</span> <span class='ocrx_word' id='word_1_90' title='bbox 503 1532 693 1613; x_wconf 90' lang='lat' dir='ltr'>reputandis</span> <span class='ocrx_word' id='word_1_91' title='bbox 715 1533 936 1613; x_wconf 80' lang='lat' dir='ltr'>spiritualibus</span> <span class='ocrx_word' id='word_1_92' title='bbox 959 1535 1080 1598; x_wconf 89' lang='lat' dir='ltr'>nostris</span> <span class='ocrx_word' id='word_1_93' title='bbox 1101 1536 1371 1620; x_wconf 87' lang='lat' dir='ltr'>bouiscontingit.</span> <span class='ocrx_word' id='word_1_94' title='bbox 1426 1558 1497 1601; x_wconf 78' lang='lat' dir='ltr'>mres</span> <span class='ocrx_word' id='word_1_95' title='bbox 1518 1537 1601 1617; x_wconf 91' lang='lat' dir='ltr'>quod</span> <span class='ocrx_word' id='word_1_96' title='bbox 1622 1539 1660 1600; x_wconf 91' lang='lat' dir='ltr'>de</span> <span class='ocrx_word' id='word_1_97' title='bbox 1681 1557 1714 1600; x_wconf 89' lang='lat' dir='ltr'>eo</span> <span class='ocrx_word' id='word_1_98' title='bbox 1735 1539 1816 1602; x_wconf 78' lang='lat' dir='ltr'>seire</span> <span class='ocrx_word' id='word_1_99' title='bbox 1838 1544 1946 1602; x_wconf 90' lang='lat' dir='ltr'>nostra</span> <span class='ocrx_word' id='word_1_100' title='bbox 1967 1541 2071 1620; x_wconf 72' lang='lat' dir='ltr'>refert,</span> <span class='ocrx_word' id='word_1_101' title='bbox 2099 1541 2181 1620; x_wconf 84' lang='lat' dir='ltr'>quod</span> <span class='ocrx_word' id='word_1_102' title='bbox 2203 1541 2278 1603; x_wconf 85' lang='lat' dir='ltr'>utile</span> <span class='ocrx_word' id='word_1_103' title='bbox 2300 1547 2344 1605; x_wconf 87' lang='lat' dir='ltr'>est</span> <span class='ocrx_word' id='word_1_104' title='bbox 2366 1544 2402 1606; x_wconf 87' lang='lat' dir='ltr'>in</span> 
     </span>
     <span class='ocr_line' id='line_1_14' title="bbox 395 1613 2402 1711; baseline 0.006 -33"><span class='ocrx_word' id='word_1_105' title='bbox 395 1613 596 1699; x_wconf 80' lang='lat' dir='ltr'>Quantispcr</span> <span class='ocrx_word' id='word_1_106' title='bbox 619 1619 706 1681; x_wconf 90' lang='lat' dir='ltr'>enim</span> <span class='ocrx_word' id='word_1_107' title='bbox 728 1627 822 1682; x_wconf 83' lang='lat' dir='ltr'>extra</span> <span class='ocrx_word' id='word_1_108' title='bbox 844 1626 967 1682; x_wconf 87' lang='lat' dir='ltr'>terram</span> <span class='ocrx_word' id='word_1_109' title='bbox 988 1640 1054 1683; x_wconf 90' lang='lat' dir='ltr'>non</span> <span class='ocrx_word' id='word_1_110' title='bbox 1073 1622 1272 1702; x_wconf 81' lang='lat' dir='ltr'>respicimus,</span> <span class='ocrx_word' id='word_1_111' title='bbox 1295 1643 1371 1703; x_wconf 92' lang='lat' dir='ltr'>pro·</span> <span class='ocrx_word' id='word_1_112' title='bbox 1425 1624 1495 1686; x_wconf 89' lang='lat' dir='ltr'>eius</span> <span class='ocrx_word' id='word_1_113' title='bbox 1509 1623 1652 1705; x_wconf 79' lang='lat' dir='ltr'>pluriam,</span> <span class='ocrx_word' id='word_1_114' title='bbox 1670 1624 1753 1703; x_wconf 88' lang='lat' dir='ltr'>quod</span> <span class='ocrx_word' id='word_1_115' title='bbox 1763 1624 2037 1711; x_wconf 78' lang='lat' dir='ltr'>deniqueeupedit</span> <span class='ocrx_word' id='word_1_116' title='bbox 2074 1625 2182 1705; x_wconf 89' lang='lat' dir='ltr'>Neque</span> <span class='ocrx_word' id='word_1_117' title='bbox 2193 1628 2276 1689; x_wconf 90' lang='lat' dir='ltr'>enim</span> <span class='ocrx_word' id='word_1_118' title='bbox 2288 1625 2402 1706; x_wconf 87' lang='lat' dir='ltr'>Deum,</span> 
     </span>
     <span class='ocr_line' id='line_1_15' title="bbox 395 1701 2403 1790; baseline 0.006 -27"><span class='ocrx_word' id='word_1_119' title='bbox 395 1702 467 1782; x_wconf 89' lang='lat' dir='ltr'>pria</span> <span class='ocrx_word' id='word_1_120' title='bbox 488 1701 622 1780; x_wconf 85' lang='lat' dir='ltr'>iustitia,</span> <span class='ocrx_word' id='word_1_121' title='bbox 645 1704 812 1784; x_wconf 88' lang='lat' dir='ltr'>sapientia,</span> <span class='ocrx_word' id='word_1_122' title='bbox 836 1705 957 1769; x_wconf 85' lang='lat' dir='ltr'>virtute</span> <span class='ocrx_word' id='word_1_123' title='bbox 978 1706 1114 1786; x_wconf 78' lang='lat' dir='ltr'>pulchre</span> <span class='ocrx_word' id='word_1_124' title='bbox 1136 1709 1289 1784; x_wconf 84' lang='lat' dir='ltr'>contenti,</span> <span class='ocrx_word' id='word_1_125' title='bbox 1313 1730 1371 1772; x_wconf 93' lang='lat' dir='ltr'>nc·</span> <span class='ocrx_word' id='word_1_126' title='bbox 1419 1709 1552 1787; x_wconf 80' lang='lat' dir='ltr'>proprie</span> <span class='ocrx_word' id='word_1_127' title='bbox 1573 1708 1731 1788; x_wconf 85' lang='lat' dir='ltr'>loquendo,</span> <span class='ocrx_word' id='word_1_128' title='bbox 1753 1711 1890 1790; x_wconf 75' lang='lat' dir='ltr'>coprmsci</span> <span class='ocrx_word' id='word_1_129' title='bbox 1911 1710 2050 1774; x_wconf 80' lang='lat' dir='ltr'>dicemus</span> <span class='ocrx_word' id='word_1_130' title='bbox 2068 1710 2123 1774; x_wconf 83' lang='lat' dir='ltr'>uli</span> <span class='ocrx_word' id='word_1_131' title='bbox 2150 1711 2240 1774; x_wconf 86' lang='lat' dir='ltr'>nulla</span> <span class='ocrx_word' id='word_1_132' title='bbox 2262 1716 2307 1775; x_wconf 92' lang='lat' dir='ltr'>est</span> <span class='ocrx_word' id='word_1_133' title='bbox 2328 1713 2403 1776; x_wconf 79' lang='lat' dir='ltr'>reli·</span> 
     </span>
     <span class='ocr_line' id='line_1_16' title="bbox 395 1787 2403 1877; baseline 0.005 -27"><span class='ocrx_word' id='word_1_134' title='bbox 395 1787 446 1850; x_wconf 91' lang='lat' dir='ltr'>bis</span> <span class='ocrx_word' id='word_1_135' title='bbox 473 1789 663 1860; x_wconf 76' lang='lat' dir='ltr'>suavissime</span> <span class='ocrx_word' id='word_1_136' title='bbox 693 1789 892 1867; x_wconf 86' lang='lat' dir='ltr'>blandimur,</span> <span class='ocrx_word' id='word_1_137' title='bbox 927 1801 959 1854; x_wconf 93' lang='lat' dir='ltr'>et</span> <span class='ocrx_word' id='word_1_138' title='bbox 986 1798 1115 1855; x_wconf 90' lang='lat' dir='ltr'>tantum</span> <span class='ocrx_word' id='word_1_139' title='bbox 1143 1813 1209 1856; x_wconf 93' lang='lat' dir='ltr'>non</span> <span class='ocrx_word' id='word_1_140' title='bbox 1237 1792 1370 1858; x_wconf 83' lang='lat' dir='ltr'>semidei</span> <span class='ocrx_word' id='word_1_141' title='bbox 1422 1794 1475 1874; x_wconf 76' lang='lat' dir='ltr'>pio</span> <span class='ocrx_word' id='word_1_142' title='bbox 1496 1814 1550 1858; x_wconf 88' lang='lat' dir='ltr'>nee</span> <span class='ocrx_word' id='word_1_143' title='bbox 1566 1796 1679 1873; x_wconf 86' lang='lat' dir='ltr'>pietas.</span> <span class='ocrx_word' id='word_1_144' title='bbox 1718 1794 1840 1874; x_wconf 75' lang='lat' dir='ltr'>,Atque</span> <span class='ocrx_word' id='word_1_145' title='bbox 1866 1795 1916 1858; x_wconf 85' lang='lat' dir='ltr'>bic</span> <span class='ocrx_word' id='word_1_146' title='bbox 1937 1796 2075 1859; x_wconf 70' lang='lat' dir='ltr'>nardum</span> <span class='ocrx_word' id='word_1_147' title='bbox 2096 1797 2212 1877; x_wconf 81' lang='lat' dir='ltr'>atlinpc</span> <span class='ocrx_word' id='word_1_148' title='bbox 2234 1817 2302 1859; x_wconf 87' lang='lat' dir='ltr'>eam</span> <span class='ocrx_word' id='word_1_149' title='bbox 2324 1798 2403 1861; x_wconf 89' lang='lat' dir='ltr'>noti-</span> 
     </span>
     <span class='ocr_line' id='line_1_17' title="bbox 398 1872 2403 1961; baseline 0.006 -26"><span class='ocrx_word' id='word_1_150' title='bbox 398 1872 558 1952; x_wconf 83' lang='lat' dir='ltr'>ridemur3</span> <span class='ocrx_word' id='word_1_151' title='bbox 593 1883 627 1937; x_wconf 90' lang='lat' dir='ltr'>at</span> <span class='ocrx_word' id='word_1_152' title='bbox 654 1876 681 1938; x_wconf 92' lang='lat' dir='ltr'>si</span> <span class='ocrx_word' id='word_1_153' title='bbox 710 1876 809 1939; x_wconf 90' lang='lat' dir='ltr'>semel</span> <span class='ocrx_word' id='word_1_154' title='bbox 842 1878 1042 1957; x_wconf 88' lang='lat' dir='ltr'>coeperimus</span> <span class='ocrx_word' id='word_1_155' title='bbox 1074 1878 1301 1960; x_wconf 81' lang='lat' dir='ltr'>cogitationem</span> <span class='ocrx_word' id='word_1_156' title='bbox 1336 1880 1370 1942; x_wconf 91' lang='lat' dir='ltr'>in</span> <span class='ocrx_word' id='word_1_157' title='bbox 1423 1880 1486 1941; x_wconf 86' lang='lat' dir='ltr'>tiae</span> <span class='ocrx_word' id='word_1_158' title='bbox 1512 1880 1651 1958; x_wconf 83' lang='lat' dir='ltr'>speciem,</span> <span class='ocrx_word' id='word_1_159' title='bbox 1675 1900 1740 1961; x_wconf 90' lang='lat' dir='ltr'>qua</span> <span class='ocrx_word' id='word_1_160' title='bbox 1761 1879 1899 1943; x_wconf 76' lang='lat' dir='ltr'>laninas</span> <span class='ocrx_word' id='word_1_161' title='bbox 1927 1881 1961 1943; x_wconf 88' lang='lat' dir='ltr'>in</span> <span class='ocrx_word' id='word_1_162' title='bbox 1989 1900 2022 1944; x_wconf 89' lang='lat' dir='ltr'>se</span> <span class='ocrx_word' id='word_1_163' title='bbox 2037 1882 2159 1960; x_wconf 85' lang='lat' dir='ltr'>perditi</span> <span class='ocrx_word' id='word_1_164' title='bbox 2186 1902 2223 1946; x_wconf 90' lang='lat' dir='ltr'>ac</span> <span class='ocrx_word' id='word_1_165' title='bbox 2244 1883 2403 1947; x_wconf 87' lang='lat' dir='ltr'>maledicti</span> 
     </span>
    </p>
   </div>
   <div class='ocr_carea' id='block_1_9' title="bbox 395 1959 2503 2047">
    <p class='ocr_par' dir='ltr' id='par_1_9' title="bbox 395 1959 2503 2047">
     <span class='ocr_line' id='line_1_18' title="bbox 395 1959 2503 2047; baseline 0.006 -26"><span class='ocrx_word' id='word_1_166' title='bbox 395 1959 503 2022; x_wconf 92' lang='lat' dir='ltr'>Deum</span> <span class='ocrx_word' id='word_1_167' title='bbox 525 1960 659 2042; x_wconf 88' lang='lat' dir='ltr'>erigere,</span> <span class='ocrx_word' id='word_1_168' title='bbox 683 1970 716 2024; x_wconf 88' lang='lat' dir='ltr'>et</span> <span class='ocrx_word' id='word_1_169' title='bbox 737 1961 920 2043; x_wconf 86' lang='lat' dir='ltr'>expendere</span> <span class='ocrx_word' id='word_1_170' title='bbox 942 1963 1046 2044; x_wconf 89' lang='lat' dir='ltr'>qualis</span> <span class='ocrx_word' id='word_1_171' title='bbox 1069 1964 1119 2039; x_wconf 93' lang='lat' dir='ltr'>sit,</span> <span class='ocrx_word' id='word_1_172' title='bbox 1143 1975 1175 2026; x_wconf 91' lang='lat' dir='ltr'>et</span> <span class='ocrx_word' id='word_1_173' title='bbox 1196 1985 1294 2046; x_wconf 87' lang='lat' dir='ltr'>quam</span> <span class='ocrx_word' id='word_1_174' title='bbox 1313 1986 1370 2028; x_wconf 84' lang='lat' dir='ltr'>ex·</span> <span class='ocrx_word' id='word_1_175' title='bbox 1424 1963 1529 2026; x_wconf 88' lang='lat' dir='ltr'>Deum</span> <span class='ocrx_word' id='word_1_176' title='bbox 1555 1965 1775 2044; x_wconf 81' lang='lat' dir='ltr'>redemptorem</span> <span class='ocrx_word' id='word_1_177' title='bbox 1811 1966 1845 2028; x_wconf 86' lang='lat' dir='ltr'>in</span> <span class='ocrx_word' id='word_1_178' title='bbox 1875 1963 1999 2028; x_wconf 78' lang='lat' dir='ltr'>Olrristo</span> <span class='ocrx_word' id='word_1_179' title='bbox 2025 1968 2194 2030; x_wconf 73' lang='lat' dir='ltr'>mediatore</span> <span class='ocrx_word' id='word_1_180' title='bbox 2225 1967 2398 2047; x_wconf 78' lang='lat' dir='ltr'>apprclaen-</span> <span class='ocrx_word' id='word_1_181' title='bbox 2500 1968 2503 1978; x_wconf 80' lang='lat'>&#39;</span> 
     </span>
    </p>
   </div>
   <div class='ocr_carea' id='block_1_10' title="bbox 395 2045 2397 2133">
    <p class='ocr_par' dir='ltr' id='par_1_10' title="bbox 395 2045 2397 2133">
     <span class='ocr_line' id='line_1_19' title="bbox 395 2045 2397 2133; baseline 0.005 -26"><span class='ocrx_word' id='word_1_182' title='bbox 395 2050 468 2108; x_wconf 85' lang='lat' dir='ltr'>acta</span> <span class='ocrx_word' id='word_1_183' title='bbox 488 2045 647 2123; x_wconf 89' lang='lat' dir='ltr'>iustitiae,</span> <span class='ocrx_word' id='word_1_184' title='bbox 671 2047 862 2128; x_wconf 81' lang='lat' dir='ltr'>sapientiae,</span> <span class='ocrx_word' id='word_1_185' title='bbox 885 2049 1017 2112; x_wconf 87' lang='lat' dir='ltr'>virtutis</span> <span class='ocrx_word' id='word_1_186' title='bbox 1039 2050 1108 2113; x_wconf 91' lang='lat' dir='ltr'>cius</span> <span class='ocrx_word' id='word_1_187' title='bbox 1130 2050 1299 2131; x_wconf 85' lang='lat' dir='ltr'>perfectio,</span> <span class='ocrx_word' id='word_1_188' title='bbox 1329 2049 1368 2113; x_wconf 89' lang='lat' dir='ltr'>ad</span> <span class='ocrx_word' id='word_1_189' title='bbox 1422 2050 1516 2126; x_wconf 68' lang='lat' dir='ltr'>dunt·</span> <span class='ocrx_word' id='word_1_190' title='bbox 1542 2048 1597 2112; x_wconf 90' lang='lat' dir='ltr'>sed</span> <span class='ocrx_word' id='word_1_191' title='bbox 1624 2055 1745 2112; x_wconf 80' lang='lat' dir='ltr'>tardum</span> <span class='ocrx_word' id='word_1_192' title='bbox 1772 2050 1810 2113; x_wconf 93' lang='lat' dir='ltr'>de</span> <span class='ocrx_word' id='word_1_193' title='bbox 1832 2052 1945 2128; x_wconf 86' lang='lat' dir='ltr'>prima</span> <span class='ocrx_word' id='word_1_194' title='bbox 1972 2050 2030 2114; x_wconf 91' lang='lat' dir='ltr'>illa</span> <span class='ocrx_word' id='word_1_195' title='bbox 2058 2057 2086 2114; x_wconf 92' lang='lat' dir='ltr'>et</span> <span class='ocrx_word' id='word_1_196' title='bbox 2113 2052 2250 2130; x_wconf 81' lang='lat' dir='ltr'>simplici</span> <span class='ocrx_word' id='word_1_197' title='bbox 2279 2054 2397 2133; x_wconf 86' lang='lat' dir='ltr'>loquor,</span> 
     </span>
    </p>
   </div>
   <div class='ocr_carea' id='block_1_11' title="bbox 394 2129 2398 2217">
    <p class='ocr_par' dir='ltr' id='par_1_11' title="bbox 394 2129 2398 2217">
     <span class='ocr_line' id='line_1_20' title="bbox 394 2129 2398 2217; baseline 0.004 -23"><span class='ocrx_word' id='word_1_198' title='bbox 394 2129 495 2194; x_wconf 89' lang='lat' dir='ltr'>cuius</span> <span class='ocrx_word' id='word_1_199' title='bbox 508 2134 663 2195; x_wconf 86' lang='lat' dir='ltr'>amussim</span> <span class='ocrx_word' id='word_1_200' title='bbox 691 2133 883 2196; x_wconf 82' lang='lat' dir='ltr'>conformari</span> <span class='ocrx_word' id='word_1_201' title='bbox 911 2154 971 2197; x_wconf 91' lang='lat' dir='ltr'>nos</span> <span class='ocrx_word' id='word_1_202' title='bbox 991 2144 1129 2215; x_wconf 85' lang='lat' dir='ltr'>oportet:</span> <span class='ocrx_word' id='word_1_203' title='bbox 1159 2135 1245 2217; x_wconf 91' lang='lat' dir='ltr'>quod</span> <span class='ocrx_word' id='word_1_204' title='bbox 1273 2148 1370 2199; x_wconf 88' lang='lat' dir='ltr'>antea</span> <span class='ocrx_word' id='word_1_205' title='bbox 1394 2132 1397 2209; x_wconf 89' lang='grc' dir='ltr'>Ι</span> <span class='ocrx_word' id='word_1_206' title='bbox 1422 2135 1465 2197; x_wconf 90' lang='lat' dir='ltr'>ad</span> <span class='ocrx_word' id='word_1_207' title='bbox 1485 2155 1582 2215; x_wconf 80' lang='lat' dir='ltr'>quarn</span> <span class='ocrx_word' id='word_1_208' title='bbox 1603 2156 1659 2199; x_wconf 89' lang='lat' dir='ltr'>uos</span> <span class='ocrx_word' id='word_1_209' title='bbox 1680 2136 1840 2199; x_wconf 79' lang='lat' dir='ltr'>deduceret</span> <span class='ocrx_word' id='word_1_210' title='bbox 1860 2137 2019 2216; x_wconf 78' lang='lat' dir='ltr'>penninas</span> <span class='ocrx_word' id='word_1_211' title='bbox 2039 2142 2172 2200; x_wconf 88' lang='lat' dir='ltr'>naturae</span> <span class='ocrx_word' id='word_1_212' title='bbox 2199 2139 2274 2201; x_wconf 87' lang='lat' dir='ltr'>ordo</span> <span class='ocrx_word' id='word_1_213' title='bbox 2296 2140 2326 2201; x_wconf 89' lang='lat' dir='ltr'>si</span> <span class='ocrx_word' id='word_1_214' title='bbox 2348 2139 2398 2202; x_wconf 89' lang='lat' dir='ltr'>iu-</span> 
     </span>
    </p>
   </div>
   <div class='ocr_carea' id='block_1_12' title="bbox 391 2216 1369 3242">
    <p class='ocr_par' dir='ltr' id='par_1_12' title="bbox 391 2216 1369 2793">
     <span class='ocr_line' id='line_1_21' title="bbox 393 2216 1369 2302; baseline 0.007 -25"><span class='ocrx_word' id='word_1_215' title='bbox 393 2216 428 2278; x_wconf 91' lang='lat' dir='ltr'>in</span> <span class='ocrx_word' id='word_1_216' title='bbox 461 2216 555 2280; x_wconf 92' lang='lat' dir='ltr'>nobis</span> <span class='ocrx_word' id='word_1_217' title='bbox 583 2216 665 2281; x_wconf 86' lang='lat' dir='ltr'>falso</span> <span class='ocrx_word' id='word_1_218' title='bbox 703 2219 844 2282; x_wconf 89' lang='lat' dir='ltr'>iustitiae</span> <span class='ocrx_word' id='word_1_219' title='bbox 882 2227 1055 2299; x_wconf 84' lang='lat' dir='ltr'>praetextu</span> <span class='ocrx_word' id='word_1_220' title='bbox 1092 2219 1270 2297; x_wconf 89' lang='lat' dir='ltr'>arridebat,</span> <span class='ocrx_word' id='word_1_221' title='bbox 1309 2242 1369 2302; x_wconf 91' lang='lat' dir='ltr'>pro</span> 
     </span>
     <span class='ocr_line' id='line_1_22' title="bbox 393 2303 1369 2386; baseline 0.005 -22"><span class='ocrx_word' id='word_1_222' title='bbox 393 2322 520 2365; x_wconf 89' lang='lat' dir='ltr'>summa</span> <span class='ocrx_word' id='word_1_223' title='bbox 542 2303 713 2384; x_wconf 87' lang='lat' dir='ltr'>iniquitate</span> <span class='ocrx_word' id='word_1_224' title='bbox 736 2324 811 2365; x_wconf 81' lang='lat' dir='ltr'>mcx</span> <span class='ocrx_word' id='word_1_225' title='bbox 839 2304 1014 2382; x_wconf 82' lang='lat' dir='ltr'>sordescet.;</span> <span class='ocrx_word' id='word_1_226' title='bbox 1043 2305 1128 2386; x_wconf 92' lang='lat' dir='ltr'>quod</span> <span class='ocrx_word' id='word_1_227' title='bbox 1149 2307 1285 2370; x_wconf 86' lang='lat' dir='ltr'>mirifice</span> <span class='ocrx_word' id='word_1_228' title='bbox 1308 2307 1369 2369; x_wconf 93' lang='lat' dir='ltr'>im-</span> 
     </span>
     <span class='ocr_line' id='line_1_23' title="bbox 392 2387 1369 2472; baseline 0.007 -23"><span class='ocrx_word' id='word_1_229' title='bbox 392 2387 534 2468; x_wconf 92' lang='lat' dir='ltr'>ponebat</span> <span class='ocrx_word' id='word_1_230' title='bbox 556 2388 732 2469; x_wconf 87' lang='lat' dir='ltr'>sapientiae</span> <span class='ocrx_word' id='word_1_231' title='bbox 755 2389 863 2466; x_wconf 92' lang='lat' dir='ltr'>titulo,</span> <span class='ocrx_word' id='word_1_232' title='bbox 887 2411 945 2472; x_wconf 91' lang='lat' dir='ltr'>pro</span> <span class='ocrx_word' id='word_1_233' title='bbox 974 2400 1122 2455; x_wconf 80' lang='lat' dir='ltr'>extrema</span> <span class='ocrx_word' id='word_1_234' title='bbox 1143 2391 1281 2455; x_wconf 87' lang='lat' dir='ltr'>stultitia</span> <span class='ocrx_word' id='word_1_235' title='bbox 1303 2392 1369 2456; x_wconf 89' lang='lat' dir='ltr'>foe·</span> 
     </span>
     <span class='ocr_line' id='line_1_24' title="bbox 392 2472 1368 2557; baseline 0.005 -22"><span class='ocrx_word' id='word_1_236' title='bbox 392 2472 486 2551; x_wconf 88' lang='lat' dir='ltr'>tebit;</span> <span class='ocrx_word' id='word_1_237' title='bbox 519 2472 605 2554; x_wconf 90' lang='lat' dir='ltr'>quod</span> <span class='ocrx_word' id='word_1_238' title='bbox 633 2474 763 2537; x_wconf 83' lang='lat' dir='ltr'>virtutis</span> <span class='ocrx_word' id='word_1_239' title='bbox 790 2476 904 2540; x_wconf 88' lang='lat' dir='ltr'>faciem</span> <span class='ocrx_word' id='word_1_240' title='bbox 932 2477 1226 2557; x_wconf 88' lang='lat' dir='ltr'>praeseferebat.</span> <span class='ocrx_word' id='word_1_241' title='bbox 1254 2479 1368 2542; x_wconf 87' lang='lat' dir='ltr'>miser·</span> 
     </span>
     <span class='ocr_line' id='line_1_25' title="bbox 392 2559 1368 2645; baseline 0.007 -25"><span class='ocrx_word' id='word_1_242' title='bbox 392 2559 478 2621; x_wconf 85' lang='lat' dir='ltr'>rima</span> <span class='ocrx_word' id='word_1_243' title='bbox 506 2560 696 2639; x_wconf 86' lang='lat' dir='ltr'>impotentia</span> <span class='ocrx_word' id='word_1_244' title='bbox 724 2581 793 2624; x_wconf 90' lang='lat' dir='ltr'>esse</span> <span class='ocrx_word' id='word_1_245' title='bbox 821 2571 983 2643; x_wconf 87' lang='lat' dir='ltr'>arguetur.</span> <span class='ocrx_word' id='word_1_246' title='bbox 1028 2562 1121 2626; x_wconf 80' lang='lat' dir='ltr'>Adeo</span> <span class='ocrx_word' id='word_1_247' title='bbox 1151 2562 1279 2626; x_wconf 83' lang='lat' dir='ltr'>divinae</span> <span class='ocrx_word' id='word_1_248' title='bbox 1308 2584 1368 2645; x_wconf 94' lang='lat' dir='ltr'>pu-</span> 
     </span>
     <span class='ocr_line' id='line_1_26' title="bbox 391 2644 1367 2726; baseline 0.007 -20"><span class='ocrx_word' id='word_1_249' title='bbox 391 2644 483 2706; x_wconf 90' lang='lat' dir='ltr'>ritati</span> <span class='ocrx_word' id='word_1_250' title='bbox 505 2644 590 2707; x_wconf 90' lang='lat' dir='ltr'>male</span> <span class='ocrx_word' id='word_1_251' title='bbox 611 2644 784 2726; x_wconf 85' lang='lat' dir='ltr'>respondet</span> <span class='ocrx_word' id='word_1_252' title='bbox 804 2646 890 2726; x_wconf 93' lang='lat' dir='ltr'>quod</span> <span class='ocrx_word' id='word_1_253' title='bbox 911 2647 1041 2711; x_wconf 86' lang='lat' dir='ltr'>videtur</span> <span class='ocrx_word' id='word_1_254' title='bbox 1067 2650 1103 2711; x_wconf 91' lang='lat' dir='ltr'>in</span> <span class='ocrx_word' id='word_1_255' title='bbox 1125 2648 1218 2712; x_wconf 91' lang='lat' dir='ltr'>nobis</span> <span class='ocrx_word' id='word_1_256' title='bbox 1240 2649 1367 2713; x_wconf 80' lang='lat' dir='ltr'>veleb</span> 
     </span>
     <span class='ocr_line' id='line_1_27' title="bbox 393 2729 638 2793; baseline -0.004 0"><span class='ocrx_word' id='word_1_257' title='bbox 393 2729 638 2793; x_wconf 88' lang='lat' dir='ltr'>solutissimum.</span> 
     </span>
    </p>

    <p class='ocr_par' dir='ltr' id='par_1_13' title="bbox 391 2814 1368 3242">
     <span class='ocr_line' id='line_1_28' title="bbox 478 2814 1368 2902; baseline 0.007 -26"><span class='ocrx_word' id='word_1_258' title='bbox 478 2817 524 2877; x_wconf 66' lang='lat'>3„</span> <span class='ocrx_word' id='word_1_259' title='bbox 550 2814 640 2880; x_wconf 93' lang='lat' dir='ltr'>Hinc</span> <span class='ocrx_word' id='word_1_260' title='bbox 673 2815 790 2879; x_wconf 92' lang='lat' dir='ltr'>horror</span> <span class='ocrx_word' id='word_1_261' title='bbox 828 2817 883 2880; x_wconf 91' lang='lat' dir='ltr'>ille</span> <span class='ocrx_word' id='word_1_262' title='bbox 915 2825 948 2881; x_wconf 90' lang='lat' dir='ltr'>ct</span> <span class='ocrx_word' id='word_1_263' title='bbox 985 2824 1111 2899; x_wconf 90' lang='lat' dir='ltr'>stupor,</span> <span class='ocrx_word' id='word_1_264' title='bbox 1150 2840 1213 2902; x_wconf 88' lang='lat' dir='ltr'>quc</span> <span class='ocrx_word' id='word_1_265' title='bbox 1246 2821 1368 2901; x_wconf 87' lang='lat' dir='ltr'>passim</span> 
     </span>
     <span class='ocr_line' id='line_1_29' title="bbox 391 2900 1366 2984; baseline 0.007 -20"><span class='ocrx_word' id='word_1_266' title='bbox 391 2900 552 2980; x_wconf 87' lang='lat' dir='ltr'>scriptura</span> <span class='ocrx_word' id='word_1_267' title='bbox 569 2902 685 2966; x_wconf 88' lang='lat' dir='ltr'>recitat</span> <span class='ocrx_word' id='word_1_268' title='bbox 701 2902 867 2983; x_wconf 90' lang='lat' dir='ltr'>perculsos</span> <span class='ocrx_word' id='word_1_269' title='bbox 885 2910 980 2984; x_wconf 90' lang='lat' dir='ltr'>atque</span> <span class='ocrx_word' id='word_1_270' title='bbox 998 2905 1135 2968; x_wconf 89' lang='lat' dir='ltr'>afflictos</span> <span class='ocrx_word' id='word_1_271' title='bbox 1157 2904 1257 2969; x_wconf 87' lang='lat' dir='ltr'>fuisse</span> <span class='ocrx_word' id='word_1_272' title='bbox 1272 2925 1366 2971; x_wconf 90' lang='lat' dir='ltr'>sanc·</span> 
     </span>
     <span class='ocr_line' id='line_1_30' title="bbox 391 2986 1368 3080; baseline 0.004 -32"><span class='ocrx_word' id='word_1_273' title='bbox 391 2993 449 3062; x_wconf 90' lang='lat' dir='ltr'>tos,</span> <span class='ocrx_word' id='word_1_274' title='bbox 473 2986 597 3066; x_wconf 90' lang='lat' dir='ltr'>quoties</span> <span class='ocrx_word' id='word_1_275' title='bbox 615 2986 679 3049; x_wconf 91' lang='lat' dir='ltr'>Dei</span> <span class='ocrx_word' id='word_1_276' title='bbox 696 2989 913 3080; x_wconf 70' lang='lat' dir='ltr'>praesentiam</span> <span class='ocrx_word' id='word_1_277' title='bbox 934 2990 1125 3053; x_wconf 88' lang='lat' dir='ltr'>sentiebant.</span> <span class='ocrx_word' id='word_1_278' title='bbox 1149 2988 1262 3070; x_wconf 78' lang='lat' dir='ltr'>Quum</span> <span class='ocrx_word' id='word_1_279' title='bbox 1280 2991 1368 3053; x_wconf 90' lang='lat' dir='ltr'>enim</span> 
     </span>
     <span class='ocr_line' id='line_1_31' title="bbox 392 3069 1367 3157; baseline 0.004 -23"><span class='ocrx_word' id='word_1_280' title='bbox 392 3091 445 3134; x_wconf 92' lang='lat' dir='ltr'>eos</span> <span class='ocrx_word' id='word_1_281' title='bbox 468 3069 637 3136; x_wconf 83' lang='lat' dir='ltr'>videamus</span> <span class='ocrx_word' id='word_1_282' title='bbox 659 3074 713 3154; x_wconf 91' lang='lat' dir='ltr'>qui</span> <span class='ocrx_word' id='word_1_283' title='bbox 736 3074 870 3137; x_wconf 88' lang='lat' dir='ltr'>absente</span> <span class='ocrx_word' id='word_1_284' title='bbox 898 3075 969 3155; x_wconf 91' lang='lat' dir='ltr'>ipso</span> <span class='ocrx_word' id='word_1_285' title='bbox 991 3076 1097 3139; x_wconf 90' lang='lat' dir='ltr'>securi</span> <span class='ocrx_word' id='word_1_286' title='bbox 1118 3077 1269 3157; x_wconf 90' lang='lat' dir='ltr'>firmique</span> <span class='ocrx_word' id='word_1_287' title='bbox 1291 3097 1367 3140; x_wconf 90' lang='lat' dir='ltr'>con·</span> 
     </span>
     <span class='ocr_line' id='line_1_32' title="bbox 392 3156 1366 3242; baseline 0.005 -22"><span class='ocrx_word' id='word_1_288' title='bbox 392 3156 557 3235; x_wconf 85' lang='lat' dir='ltr'>sistebant,</span> <span class='ocrx_word' id='word_1_289' title='bbox 574 3158 645 3238; x_wconf 91' lang='lat' dir='ltr'>ipso</span> <span class='ocrx_word' id='word_1_290' title='bbox 663 3158 800 3241; x_wconf 85' lang='lat' dir='ltr'>gloriam</span> <span class='ocrx_word' id='word_1_291' title='bbox 818 3181 912 3223; x_wconf 88' lang='lat' dir='ltr'>suam</span> <span class='ocrx_word' id='word_1_292' title='bbox 931 3160 1168 3239; x_wconf 86' lang='lat' dir='ltr'>manifestante,</span> <span class='ocrx_word' id='word_1_293' title='bbox 1191 3162 1237 3226; x_wconf 93' lang='lat' dir='ltr'>sic</span> <span class='ocrx_word' id='word_1_294' title='bbox 1255 3168 1366 3242; x_wconf 91' lang='lat' dir='ltr'>quate-</span> 
     </span>
    </p>
   </div>
   <div class='ocr_carea' id='block_1_13' title="bbox 1421 2220 2400 2302">
    <p class='ocr_par' dir='ltr' id='par_1_14' title="bbox 1421 2220 2400 2302">
     <span class='ocr_line' id='line_1_33' title="bbox 1421 2220 2400 2302; baseline 0.006 -20"><span class='ocrx_word' id='word_1_295' title='bbox 1421 2225 1503 2302; x_wconf 74' lang='lat' dir='ltr'>teyer</span> <span class='ocrx_word' id='word_1_296' title='bbox 1530 2220 1663 2284; x_wconf 80' lang='lat' dir='ltr'>stetisset</span> <span class='ocrx_word' id='word_1_297' title='bbox 1689 2220 1804 2285; x_wconf 84' lang='lat' dir='ltr'>Adam.</span> <span class='ocrx_word' id='word_1_298' title='bbox 1852 2220 1938 2283; x_wconf 91' lang='lat' dir='ltr'>Nam</span> <span class='ocrx_word' id='word_1_299' title='bbox 1965 2223 2022 2284; x_wconf 89' lang='lat' dir='ltr'>etsi</span> <span class='ocrx_word' id='word_1_300' title='bbox 2048 2242 2134 2284; x_wconf 88' lang='lat' dir='ltr'>nemo</span> <span class='ocrx_word' id='word_1_301' title='bbox 2162 2224 2242 2300; x_wconf 90' lang='lat' dir='ltr'>iam,</span> <span class='ocrx_word' id='word_1_302' title='bbox 2274 2225 2309 2285; x_wconf 88' lang='lat' dir='ltr'>iu</span> <span class='ocrx_word' id='word_1_303' title='bbox 2341 2223 2400 2289; x_wconf 80' lang='lat' dir='ltr'>bac</span> 
     </span>
    </p>
   </div>
   <div class='ocr_carea' id='block_1_14' title="bbox 1421 2305 2499 2386">
    <p class='ocr_par' dir='ltr' id='par_1_15' title="bbox 1421 2305 2499 2386">
     <span class='ocr_line' id='line_1_34' title="bbox 1421 2305 2499 2386; baseline 0.006 -20"><span class='ocrx_word' id='word_1_304' title='bbox 1421 2305 1552 2367; x_wconf 79' lang='lat' dir='ltr'>liunmni</span> <span class='ocrx_word' id='word_1_305' title='bbox 1572 2307 1695 2386; x_wconf 76' lang='lat' dir='ltr'>peruris</span> <span class='ocrx_word' id='word_1_306' title='bbox 1716 2308 1828 2383; x_wconf 88' lang='lat' dir='ltr'>ruina,</span> <span class='ocrx_word' id='word_1_307' title='bbox 1858 2305 1963 2369; x_wconf 89' lang='lat' dir='ltr'>Deum</span> <span class='ocrx_word' id='word_1_308' title='bbox 1989 2307 2036 2370; x_wconf 86' lang='lat' dir='ltr'>vel</span> <span class='ocrx_word' id='word_1_309' title='bbox 2054 2313 2186 2385; x_wconf 86' lang='lat' dir='ltr'>patrem,</span> <span class='ocrx_word' id='word_1_310' title='bbox 2214 2309 2260 2371; x_wconf 85' lang='lat' dir='ltr'>uel</span> <span class='ocrx_word' id='word_1_311' title='bbox 2282 2310 2399 2373; x_wconf 83' lang='lat' dir='ltr'>salutis</span> <span class='ocrx_word' id='word_1_312' title='bbox 2493 2376 2499 2386; x_wconf 77' lang='grc'><strong>,</strong></span> 
     </span>
    </p>
   </div>
   <div class='ocr_carea' id='block_1_15' title="bbox 1419 2391 2399 3241">
    <p class='ocr_par' dir='ltr' id='par_1_16' title="bbox 1419 2391 2399 3241">
     <span class='ocr_line' id='line_1_35' title="bbox 1421 2391 2398 2471; baseline 0.005 -18"><span class='ocrx_word' id='word_1_313' title='bbox 1421 2395 1574 2467; x_wconf 89' lang='lat' dir='ltr'>autorem,</span> <span class='ocrx_word' id='word_1_314' title='bbox 1607 2391 1654 2453; x_wconf 88' lang='lat' dir='ltr'>uel</span> <span class='ocrx_word' id='word_1_315' title='bbox 1682 2392 1746 2454; x_wconf 84' lang='lat' dir='ltr'>ullo</span> <span class='ocrx_word' id='word_1_316' title='bbox 1773 2392 1863 2455; x_wconf 90' lang='lat' dir='ltr'>modo</span> <span class='ocrx_word' id='word_1_317' title='bbox 1884 2393 2065 2471; x_wconf 84' lang='lat' dir='ltr'>propitium</span> <span class='ocrx_word' id='word_1_318' title='bbox 2086 2393 2202 2469; x_wconf 81' lang='lat' dir='ltr'>sentiet,</span> <span class='ocrx_word' id='word_1_319' title='bbox 2232 2394 2324 2457; x_wconf 90' lang='lat' dir='ltr'>donce</span> <span class='ocrx_word' id='word_1_320' title='bbox 2353 2395 2398 2458; x_wconf 81' lang='lat' dir='ltr'>aa</span> 
     </span>
     <span class='ocr_line' id='line_1_36' title="bbox 1421 2474 2395 2558; baseline 0.004 -19"><span class='ocrx_word' id='word_1_321' title='bbox 1421 2496 1492 2539; x_wconf 89' lang='lat' dir='ltr'>eum</span> <span class='ocrx_word' id='word_1_322' title='bbox 1523 2474 1612 2539; x_wconf 88' lang='lat' dir='ltr'>nobis</span> <span class='ocrx_word' id='word_1_323' title='bbox 1637 2476 1874 2556; x_wconf 73' lang='lat' dir='ltr'>pacificandum</span> <span class='ocrx_word' id='word_1_324' title='bbox 1905 2477 2028 2541; x_wconf 74' lang='lat' dir='ltr'>medius</span> <span class='ocrx_word' id='word_1_325' title='bbox 2057 2484 2199 2542; x_wconf 89' lang='lat' dir='ltr'>occurrat</span> <span class='ocrx_word' id='word_1_326' title='bbox 2233 2477 2395 2558; x_wconf 74' lang='lat' dir='ltr'>Ciristus5</span> 
     </span>
     <span class='ocr_line' id='line_1_37' title="bbox 1420 2561 2398 2650; baseline 0.002 -26"><span class='ocrx_word' id='word_1_327' title='bbox 1420 2561 1512 2625; x_wconf 85' lang='lat' dir='ltr'>aliud</span> <span class='ocrx_word' id='word_1_328' title='bbox 1539 2567 1641 2624; x_wconf 89' lang='lat' dir='ltr'>tamen</span> <span class='ocrx_word' id='word_1_329' title='bbox 1669 2567 1714 2625; x_wconf 82' lang='lat' dir='ltr'>est</span> <span class='ocrx_word' id='word_1_330' title='bbox 1740 2563 1853 2626; x_wconf 85' lang='lat' dir='ltr'>sentire</span> <span class='ocrx_word' id='word_1_331' title='bbox 1881 2562 1986 2625; x_wconf 88' lang='lat' dir='ltr'>Deum</span> <span class='ocrx_word' id='word_1_332' title='bbox 2005 2561 2141 2642; x_wconf 76' lang='lat' dir='ltr'>fictorem</span> <span class='ocrx_word' id='word_1_333' title='bbox 2167 2569 2309 2626; x_wconf 87' lang='lat' dir='ltr'>nostrum</span> <span class='ocrx_word' id='word_1_334' title='bbox 2336 2584 2398 2650; x_wconf 76' lang='lat' dir='ltr'>sero</span> 
     </span>
     <span class='ocr_line' id='line_1_38' title="bbox 1422 2648 2397 2730; baseline 0.004 -21"><span class='ocrx_word' id='word_1_335' title='bbox 1422 2667 1478 2710; x_wconf 88' lang='lat' dir='ltr'>uos</span> <span class='ocrx_word' id='word_1_336' title='bbox 1501 2648 1643 2726; x_wconf 84' lang='lat' dir='ltr'>potentia</span> <span class='ocrx_word' id='word_1_337' title='bbox 1669 2648 1799 2727; x_wconf 80' lang='lat' dir='ltr'>fulcire,</span> <span class='ocrx_word' id='word_1_338' title='bbox 1822 2648 2164 2730; x_wconf 70' lang='lat' dir='ltr'>providentiamque,</span> <span class='ocrx_word' id='word_1_339' title='bbox 2191 2648 2323 2712; x_wconf 89' lang='lat' dir='ltr'>bonitate</span> <span class='ocrx_word' id='word_1_340' title='bbox 2349 2651 2397 2730; x_wconf 77' lang='lat' dir='ltr'>fo</span> 
     </span>
     <span class='ocr_line' id='line_1_39' title="bbox 1420 2733 2398 2815; baseline 0.007 -22"><span class='ocrx_word' id='word_1_341' title='bbox 1420 2751 1502 2808; x_wconf 87' lang='lat' dir='ltr'>cere,</span> <span class='ocrx_word' id='word_1_342' title='bbox 1530 2734 1673 2812; x_wconf 75' lang='lat' dir='ltr'>munique</span> <span class='ocrx_word' id='word_1_343' title='bbox 1701 2733 1944 2798; x_wconf 85' lang='lat' dir='ltr'>benedictionum</span> <span class='ocrx_word' id='word_1_344' title='bbox 1974 2754 2084 2815; x_wconf 78' lang='lat' dir='ltr'>qenere</span> <span class='ocrx_word' id='word_1_345' title='bbox 2107 2736 2275 2814; x_wconf 85' lang='lat' dir='ltr'>prosequi;</span> <span class='ocrx_word' id='word_1_346' title='bbox 2306 2735 2398 2800; x_wconf 87' lang='lat' dir='ltr'>aliud</span> 
     </span>
     <span class='ocr_line' id='line_1_40' title="bbox 1420 2819 2397 2900; baseline 0.003 -20"><span class='ocrx_word' id='word_1_347' title='bbox 1420 2836 1499 2895; x_wconf 89' lang='lat' dir='ltr'>uero,</span> <span class='ocrx_word' id='word_1_348' title='bbox 1526 2819 1662 2898; x_wconf 79' lang='lat' dir='ltr'>qratiam</span> <span class='ocrx_word' id='word_1_349' title='bbox 1684 2819 1945 2882; x_wconf 79' lang='lat' dir='ltr'>reconciliationis</span> <span class='ocrx_word' id='word_1_350' title='bbox 1973 2821 2008 2882; x_wconf 93' lang='lat' dir='ltr'>in</span> <span class='ocrx_word' id='word_1_351' title='bbox 2032 2819 2155 2883; x_wconf 83' lang='lat' dir='ltr'>Cliristo</span> <span class='ocrx_word' id='word_1_352' title='bbox 2176 2819 2265 2882; x_wconf 84' lang='lat' dir='ltr'>uobis</span> <span class='ocrx_word' id='word_1_353' title='bbox 2280 2841 2397 2900; x_wconf 86' lang='lat' dir='ltr'>propo·</span> 
     </span>
     <span class='ocr_line' id='line_1_41' title="bbox 1420 2903 2399 2986; baseline 0.004 -20"><span class='ocrx_word' id='word_1_354' title='bbox 1420 2903 1515 2966; x_wconf 71' lang='lat' dir='ltr'>mium</span> <span class='ocrx_word' id='word_1_355' title='bbox 1536 2903 1686 2981; x_wconf 85' lang='lat' dir='ltr'>amplecti.</span> <span class='ocrx_word' id='word_1_356' title='bbox 1735 2904 1819 2984; x_wconf 76' lang='lat' dir='ltr'>Quia</span> <span class='ocrx_word' id='word_1_357' title='bbox 1840 2924 1912 2986; x_wconf 77' lang='lat' dir='ltr'>erqo</span> <span class='ocrx_word' id='word_1_358' title='bbox 1934 2904 2093 2968; x_wconf 85' lang='lat' dir='ltr'>Dorninus</span> <span class='ocrx_word' id='word_1_359' title='bbox 2108 2906 2253 2983; x_wconf 86' lang='lat' dir='ltr'>primum</span> <span class='ocrx_word' id='word_1_360' title='bbox 2274 2906 2399 2984; x_wconf 80' lang='lat' dir='ltr'>simpli·</span> 
     </span>
     <span class='ocr_line' id='line_1_42' title="bbox 1419 2989 2398 3072; baseline 0.003 -20"><span class='ocrx_word' id='word_1_361' title='bbox 1419 2989 1494 3052; x_wconf 88' lang='lat' dir='ltr'>cite-r</span> <span class='ocrx_word' id='word_1_362' title='bbox 1515 2992 1634 3051; x_wconf 87' lang='lat' dir='ltr'>creator</span> <span class='ocrx_word' id='word_1_363' title='bbox 1656 2995 1721 3051; x_wconf 90' lang='lat' dir='ltr'>tam</span> <span class='ocrx_word' id='word_1_364' title='bbox 1742 2990 1777 3051; x_wconf 86' lang='lat' dir='ltr'>in</span> <span class='ocrx_word' id='word_1_365' title='bbox 1798 2990 1910 3052; x_wconf 87' lang='lat' dir='ltr'>mnndi</span> <span class='ocrx_word' id='word_1_366' title='bbox 1932 2990 2063 3068; x_wconf 71' lang='lat' dir='ltr'>opificio,</span> <span class='ocrx_word' id='word_1_367' title='bbox 2084 3011 2181 3069; x_wconf 90' lang='lat' dir='ltr'>quom</span> <span class='ocrx_word' id='word_1_368' title='bbox 2202 2991 2236 3052; x_wconf 90' lang='lat' dir='ltr'>iu</span> <span class='ocrx_word' id='word_1_369' title='bbox 2257 2992 2398 3072; x_wconf 77' lang='lat' dir='ltr'>qenerali</span> 
     </span>
     <span class='ocr_line' id='line_1_43' title="bbox 1420 3074 2397 3155; baseline 0.004 -18"><span class='ocrx_word' id='word_1_370' title='bbox 1420 3075 1595 3151; x_wconf 85' lang='lat' dir='ltr'>scripturae</span> <span class='ocrx_word' id='word_1_371' title='bbox 1616 3075 1767 3152; x_wconf 88' lang='lat' dir='ltr'>doctrina,</span> <span class='ocrx_word' id='word_1_372' title='bbox 1789 3074 1900 3138; x_wconf 87' lang='lat' dir='ltr'>deinde</span> <span class='ocrx_word' id='word_1_373' title='bbox 1922 3076 1957 3137; x_wconf 89' lang='lat' dir='ltr'>in</span> <span class='ocrx_word' id='word_1_374' title='bbox 1982 3074 2100 3138; x_wconf 79' lang='lat' dir='ltr'>Christi</span> <span class='ocrx_word' id='word_1_375' title='bbox 2119 3076 2202 3155; x_wconf 78' lang='lat' dir='ltr'>tbcie</span> <span class='ocrx_word' id='word_1_376' title='bbox 2222 3077 2397 3154; x_wconf 83' lang='lat' dir='ltr'>redemptor</span> 
     </span>
     <span class='ocr_line' id='line_1_44' title="bbox 1420 3158 2396 3241; baseline 0.003 -19"><span class='ocrx_word' id='word_1_377' title='bbox 1420 3163 1563 3237; x_wconf 86' lang='lat' dir='ltr'>apparet,</span> <span class='ocrx_word' id='word_1_378' title='bbox 1591 3158 1663 3223; x_wconf 86' lang='lat' dir='ltr'>binc</span> <span class='ocrx_word' id='word_1_379' title='bbox 1684 3159 1801 3238; x_wconf 72' lang='lat' dir='ltr'>duplex</span> <span class='ocrx_word' id='word_1_380' title='bbox 1828 3161 1955 3240; x_wconf 74' lang='lat' dir='ltr'>enerqit</span> <span class='ocrx_word' id='word_1_381' title='bbox 1980 3162 2051 3223; x_wconf 86' lang='lat' dir='ltr'>eius</span> <span class='ocrx_word' id='word_1_382' title='bbox 2076 3161 2222 3241; x_wconf 80' lang='lat' dir='ltr'>eopiiitio:</span> <span class='ocrx_word' id='word_1_383' title='bbox 2256 3181 2396 3240; x_wconf 89' lang='lat' dir='ltr'>quorum</span> 
     </span>
    </p>
   </div>
   <div class='ocr_carea' id='block_1_16' title="bbox 376 3242 2398 5224">
    <p class='ocr_par' dir='ltr' id='par_1_17' title="bbox 376 3242 2398 5224">
     <span class='ocr_line' id='line_1_45' title="bbox 392 3242 2396 3326; baseline 0.003 -22"><span class='ocrx_word' id='word_1_384' title='bbox 392 3242 463 3305; x_wconf 88' lang='lat' dir='ltr'>fieri</span> <span class='ocrx_word' id='word_1_385' title='bbox 496 3263 533 3307; x_wconf 89' lang='lat' dir='ltr'>ac</span> <span class='ocrx_word' id='word_1_386' title='bbox 566 3245 766 3307; x_wconf 86' lang='lat' dir='ltr'>consternari</span> <span class='ocrx_word' id='word_1_387' title='bbox 796 3251 834 3307; x_wconf 90' lang='lat' dir='ltr'>ut</span> <span class='ocrx_word' id='word_1_388' title='bbox 865 3247 979 3309; x_wconf 90' lang='lat' dir='ltr'>mortis</span> <span class='ocrx_word' id='word_1_389' title='bbox 1019 3245 1152 3310; x_wconf 91' lang='lat' dir='ltr'>horrore</span> <span class='ocrx_word' id='word_1_390' title='bbox 1185 3246 1365 3326; x_wconf 86' lang='lat' dir='ltr'>concidant,</span> <span class='ocrx_word' id='word_1_391' title='bbox 1419 3264 1500 3307; x_wconf 89' lang='lat' dir='ltr'>nunc</span> <span class='ocrx_word' id='word_1_392' title='bbox 1516 3243 1609 3325; x_wconf 82' lang='lat' dir='ltr'>prior</span> <span class='ocrx_word' id='word_1_393' title='bbox 1630 3245 1798 3308; x_wconf 84' lang='lat' dir='ltr'>tractando</span> <span class='ocrx_word' id='word_1_394' title='bbox 1819 3250 1871 3322; x_wconf 87' lang='lat' dir='ltr'>est,</span> <span class='ocrx_word' id='word_1_395' title='bbox 1894 3245 1994 3309; x_wconf 86' lang='lat' dir='ltr'>altera</span> <span class='ocrx_word' id='word_1_396' title='bbox 2013 3246 2123 3308; x_wconf 86' lang='lat' dir='ltr'>deinde</span> <span class='ocrx_word' id='word_1_397' title='bbox 2143 3265 2199 3308; x_wconf 90' lang='lat' dir='ltr'>suc</span> <span class='ocrx_word' id='word_1_398' title='bbox 2219 3246 2329 3309; x_wconf 87' lang='lat' dir='ltr'>ordine</span> <span class='ocrx_word' id='word_1_399' title='bbox 2350 3267 2396 3310; x_wconf 90' lang='lat' dir='ltr'>se-</span> 
     </span>
     <span class='ocr_line' id='line_1_46' title="bbox 392 3328 2397 3415; baseline 0.002 -24"><span class='ocrx_word' id='word_1_400' title='bbox 392 3329 457 3392; x_wconf 90' lang='lat' dir='ltr'>imo</span> <span class='ocrx_word' id='word_1_401' title='bbox 476 3328 727 3406; x_wconf 86' lang='lat' dir='ltr'>absorbeantur,</span> <span class='ocrx_word' id='word_1_402' title='bbox 750 3337 783 3393; x_wconf 91' lang='lat' dir='ltr'>et</span> <span class='ocrx_word' id='word_1_403' title='bbox 803 3351 906 3412; x_wconf 86' lang='lat' dir='ltr'>paene</span> <span class='ocrx_word' id='word_1_404' title='bbox 928 3331 1011 3395; x_wconf 89' lang='lat' dir='ltr'>nulli</span> <span class='ocrx_word' id='word_1_405' title='bbox 1039 3332 1118 3395; x_wconf 91' lang='lat' dir='ltr'>sint:</span> <span class='ocrx_word' id='word_1_406' title='bbox 1148 3331 1367 3415; x_wconf 89' lang='lat' dir='ltr'>colligendum</span> <span class='ocrx_word' id='word_1_407' title='bbox 1419 3334 1537 3410; x_wconf 82' lang='lat' dir='ltr'>quatur.</span> <span class='ocrx_word' id='word_1_408' title='bbox 1585 3330 1771 3410; x_wconf 76' lang='lat' dir='ltr'>Qrmnquam</span> <span class='ocrx_word' id='word_1_409' title='bbox 1798 3336 1901 3400; x_wconf 63' lang='lat' dir='ltr'>auum</span> <span class='ocrx_word' id='word_1_410' title='bbox 1929 3330 2035 3394; x_wconf 89' lang='lat' dir='ltr'>Deum</span> <span class='ocrx_word' id='word_1_411' title='bbox 2062 3330 2397 3412; x_wconf 64' lang='lat' dir='ltr'>apprehenderemus</span> 
     </span>
     <span class='ocr_line' id='line_1_47' title="bbox 393 3413 2395 3501; baseline 0.002 -25"><span class='ocrx_word' id='word_1_412' title='bbox 393 3413 468 3477; x_wconf 91' lang='lat' dir='ltr'>inde</span> <span class='ocrx_word' id='word_1_413' title='bbox 490 3421 555 3490; x_wconf 92' lang='lat' dir='ltr'>est,</span> <span class='ocrx_word' id='word_1_414' title='bbox 583 3414 749 3478; x_wconf 90' lang='lat' dir='ltr'>hominem</span> <span class='ocrx_word' id='word_1_415' title='bbox 769 3415 964 3481; x_wconf 90' lang='lat' dir='ltr'>humilitatis</span> <span class='ocrx_word' id='word_1_416' title='bbox 991 3438 1069 3481; x_wconf 88' lang='lat' dir='ltr'>suae</span> <span class='ocrx_word' id='word_1_417' title='bbox 1096 3418 1261 3501; x_wconf 82' lang='lat' dir='ltr'>agnitione</span> <span class='ocrx_word' id='word_1_418' title='bbox 1283 3440 1367 3481; x_wconf 92' lang='lat' dir='ltr'>nun-</span> <span class='ocrx_word' id='word_1_419' title='bbox 1419 3420 1525 3479; x_wconf 86' lang='lat' dir='ltr'>nostra</span> <span class='ocrx_word' id='word_1_420' title='bbox 1545 3435 1607 3478; x_wconf 88' lang='lat' dir='ltr'>non</span> <span class='ocrx_word' id='word_1_421' title='bbox 1622 3421 1722 3496; x_wconf 84' lang='lat' dir='ltr'>polest</span> <span class='ocrx_word' id='word_1_422' title='bbox 1739 3418 1816 3496; x_wconf 85' lang='lat' dir='ltr'>quin</span> <span class='ocrx_word' id='word_1_423' title='bbox 1833 3416 1884 3480; x_wconf 90' lang='lat' dir='ltr'>illi</span> <span class='ocrx_word' id='word_1_424' title='bbox 1901 3417 2016 3480; x_wconf 87' lang='lat' dir='ltr'>cultum</span> <span class='ocrx_word' id='word_1_425' title='bbox 2033 3417 2169 3496; x_wconf 81' lang='lat' dir='ltr'>aliquem</span> <span class='ocrx_word' id='word_1_426' title='bbox 2185 3415 2311 3494; x_wconf 87' lang='lat' dir='ltr'>tribuat,</span> <span class='ocrx_word' id='word_1_427' title='bbox 2334 3437 2395 3481; x_wconf 87' lang='lat' dir='ltr'>non</span> 
     </span>
     <span class='ocr_line' id='line_1_48' title="bbox 393 3500 2396 3600; baseline 0.002 -39"><span class='ocrx_word' id='word_1_428' title='bbox 393 3520 491 3580; x_wconf 88' lang='lat' dir='ltr'>quam</span> <span class='ocrx_word' id='word_1_429' title='bbox 511 3501 591 3564; x_wconf 91' lang='lat' dir='ltr'>satis</span> <span class='ocrx_word' id='word_1_430' title='bbox 608 3502 700 3583; x_wconf 90' lang='lat' dir='ltr'>tangi</span> <span class='ocrx_word' id='word_1_431' title='bbox 722 3508 756 3564; x_wconf 92' lang='lat' dir='ltr'>et</span> <span class='ocrx_word' id='word_1_432' title='bbox 777 3502 875 3579; x_wconf 85' lang='lat' dir='ltr'>affici,</span> <span class='ocrx_word' id='word_1_433' title='bbox 904 3503 967 3566; x_wconf 92' lang='lat' dir='ltr'>uisi</span> <span class='ocrx_word' id='word_1_434' title='bbox 989 3509 1162 3586; x_wconf 89' lang='lat' dir='ltr'>postquam</span> <span class='ocrx_word' id='word_1_435' title='bbox 1184 3525 1218 3568; x_wconf 93' lang='lat' dir='ltr'>se</span> <span class='ocrx_word' id='word_1_436' title='bbox 1240 3504 1282 3567; x_wconf 90' lang='lat' dir='ltr'>ad</span> <span class='ocrx_word' id='word_1_437' title='bbox 1303 3505 1367 3568; x_wconf 92' lang='lat' dir='ltr'>Dei</span> <span class='ocrx_word' id='word_1_438' title='bbox 1391 3512 1394 3555; x_wconf 77' lang='grc' dir='ltr'>Ι</span> <span class='ocrx_word' id='word_1_439' title='bbox 1419 3507 1522 3565; x_wconf 90' lang='lat' dir='ltr'>tamen</span> <span class='ocrx_word' id='word_1_440' title='bbox 1539 3500 1737 3581; x_wconf 67' lang='lat' dir='ltr'>&#39;simpliciter</span> <span class='ocrx_word' id='word_1_441' title='bbox 1771 3509 1871 3566; x_wconf 71' lang='lat' dir='ltr'>tenue</span> <span class='ocrx_word' id='word_1_442' title='bbox 1892 3502 2036 3583; x_wconf 78' lang='lat' dir='ltr'>sufficiet,</span> <span class='ocrx_word' id='word_1_443' title='bbox 2069 3503 2170 3598; x_wconf 31' lang='lat' dir='ltr'>illum·</span> <span class='ocrx_word' id='word_1_444' title='bbox 2194 3521 2258 3598; x_wconf 81' lang='lat' dir='ltr'>esse</span> <span class='ocrx_word' id='word_1_445' title='bbox 2295 3523 2396 3600; x_wconf 82' lang='lat' dir='ltr'>unum</span> 
     </span>
     <span class='ocr_line' id='line_1_49' title="bbox 392 3586 2395 3668; baseline 0.002 -20"><span class='ocrx_word' id='word_1_446' title='bbox 392 3586 596 3648; x_wconf 85' lang='lat' dir='ltr'>maiestatem</span> <span class='ocrx_word' id='word_1_447' title='bbox 628 3588 837 3668; x_wconf 90' lang='lat' dir='ltr'>comparavit.</span> <span class='ocrx_word' id='word_1_448' title='bbox 881 3589 964 3652; x_wconf 84' lang='lat' dir='ltr'>Eius</span> <span class='ocrx_word' id='word_1_449' title='bbox 994 3596 1104 3652; x_wconf 88' lang='lat' dir='ltr'>autem</span> <span class='ocrx_word' id='word_1_450' title='bbox 1133 3591 1366 3654; x_wconf 89' lang='lat' dir='ltr'>consternatio-</span> <span class='ocrx_word' id='word_1_451' title='bbox 1419 3607 1510 3667; x_wconf 85' lang='lat' dir='ltr'>quem</span> <span class='ocrx_word' id='word_1_452' title='bbox 1530 3587 1569 3650; x_wconf 84' lang='lat' dir='ltr'>ab</span> <span class='ocrx_word' id='word_1_453' title='bbox 1591 3587 1735 3652; x_wconf 87' lang='lat' dir='ltr'>omnibus</span> <span class='ocrx_word' id='word_1_454' title='bbox 1755 3594 1892 3668; x_wconf 85' lang='lat' dir='ltr'>oporteat</span> <span class='ocrx_word' id='word_1_455' title='bbox 1913 3589 1971 3651; x_wconf 90' lang='lat' dir='ltr'>coli</span> <span class='ocrx_word' id='word_1_456' title='bbox 1991 3593 2020 3651; x_wconf 90' lang='lat' dir='ltr'>et</span> <span class='ocrx_word' id='word_1_457' title='bbox 2040 3588 2187 3664; x_wconf 62' lang='lat' dir='ltr'>adoram</span> <span class='ocrx_word' id='word_1_458' title='bbox 2213 3589 2280 3650; x_wconf 81' lang='lat' dir='ltr'>nisi</span> <span class='ocrx_word' id='word_1_459' title='bbox 2302 3595 2395 3652; x_wconf 82' lang='lat' dir='ltr'>dmm</span> 
     </span>
     <span class='ocr_line' id='line_1_50' title="bbox 392 3671 2397 3763; baseline 0.002 -29"><span class='ocrx_word' id='word_1_460' title='bbox 392 3671 442 3734; x_wconf 94' lang='lat' dir='ltr'>nis</span> <span class='ocrx_word' id='word_1_461' title='bbox 465 3672 615 3755; x_wconf 86' lang='lat' dir='ltr'>exempla</span> <span class='ocrx_word' id='word_1_462' title='bbox 636 3671 750 3737; x_wconf 89' lang='lat' dir='ltr'>crebra</span> <span class='ocrx_word' id='word_1_463' title='bbox 771 3673 929 3738; x_wconf 90' lang='lat' dir='ltr'>habemus</span> <span class='ocrx_word' id='word_1_464' title='bbox 947 3684 1018 3738; x_wconf 88' lang='lat' dir='ltr'>tum</span> <span class='ocrx_word' id='word_1_465' title='bbox 1040 3674 1076 3738; x_wconf 92' lang='lat' dir='ltr'>in</span> <span class='ocrx_word' id='word_1_466' title='bbox 1097 3674 1271 3752; x_wconf 91' lang='lat' dir='ltr'>iudicibus,</span> <span class='ocrx_word' id='word_1_467' title='bbox 1295 3684 1367 3738; x_wconf 91' lang='lat' dir='ltr'>tum</span> <span class='ocrx_word' id='word_1_468' title='bbox 1413 3674 1565 3754; x_wconf 80' lang='lat' dir='ltr'>persuasi</span> <span class='ocrx_word' id='word_1_469' title='bbox 1585 3674 1692 3763; x_wconf 87' lang='lat' dir='ltr'>simus¹</span> <span class='ocrx_word' id='word_1_470' title='bbox 1706 3674 1822 3753; x_wconf 73' lang='lat' dir='ltr'>sautem</span> <span class='ocrx_word' id='word_1_471' title='bbox 1843 3675 1982 3737; x_wconf 76' lang='lat' dir='ltr'>oninium</span> <span class='ocrx_word' id='word_1_472' title='bbox 2003 3673 2149 3737; x_wconf 88' lang='lat' dir='ltr'>bonorum</span> <span class='ocrx_word' id='word_1_473' title='bbox 2170 3693 2243 3749; x_wconf 89' lang='lat' dir='ltr'>esse,</span> <span class='ocrx_word' id='word_1_474' title='bbox 2262 3675 2397 3754; x_wconf 83' lang='lat' dir='ltr'>nequid</span> 
     </span>
     <span class='ocr_line' id='line_1_51' title="bbox 391 3756 2395 3840; baseline 0.002 -21"><span class='ocrx_word' id='word_1_475' title='bbox 391 3757 426 3819; x_wconf 94' lang='lat' dir='ltr'>in</span> <span class='ocrx_word' id='word_1_476' title='bbox 447 3756 616 3838; x_wconf 90' lang='lat' dir='ltr'>prophetis</span> <span class='ocrx_word' id='word_1_477' title='bbox 643 3757 730 3839; x_wconf 90' lang='lat' dir='ltr'>(Iud.</span> <span class='ocrx_word' id='word_1_478' title='bbox 755 3764 801 3834; x_wconf 87' lang='lat'>13,</span> <span class='ocrx_word' id='word_1_479' title='bbox 823 3762 878 3838; x_wconf 82' lang='lat'>22;</span> <span class='ocrx_word' id='word_1_480' title='bbox 902 3759 963 3824; x_wconf 90' lang='lat' dir='ltr'>Ies.</span> <span class='ocrx_word' id='word_1_481' title='bbox 985 3763 1012 3837; x_wconf 88' lang='grc'>6,</span> <span class='ocrx_word' id='word_1_482' title='bbox 1034 3765 1067 3839; x_wconf 82' lang='grc'>5;</span> <span class='ocrx_word' id='word_1_483' title='bbox 1089 3761 1147 3823; x_wconf 75' lang='lat' dir='ltr'>uz.</span> <span class='ocrx_word' id='word_1_484' title='bbox 1171 3765 1258 3839; x_wconf 82' lang='lat'>1,28</span> <span class='ocrx_word' id='word_1_485' title='bbox 1286 3768 1319 3824; x_wconf 91' lang='lat' dir='ltr'>et</span> <span class='ocrx_word' id='word_1_486' title='bbox 1337 3764 1365 3840; x_wconf 88' lang='lat'>3,</span> <span class='ocrx_word' id='word_1_487' title='bbox 1420 3757 1498 3822; x_wconf 84' lang='lat' dir='ltr'>alibi</span> <span class='ocrx_word' id='word_1_488' title='bbox 1520 3779 1616 3839; x_wconf 86' lang='lat' dir='ltr'>quam</span> <span class='ocrx_word' id='word_1_489' title='bbox 1635 3761 1670 3822; x_wconf 89' lang='lat' dir='ltr'>in</span> <span class='ocrx_word' id='word_1_490' title='bbox 1690 3760 1761 3838; x_wconf 85' lang='lat' dir='ltr'>ipso</span> <span class='ocrx_word' id='word_1_491' title='bbox 1783 3778 1981 3839; x_wconf 87' lang='lat' dir='ltr'>quaeramus.</span> <span class='ocrx_word' id='word_1_492' title='bbox 2027 3758 2094 3822; x_wconf 89' lang='lat' dir='ltr'>Hoc</span> <span class='ocrx_word' id='word_1_493' title='bbox 2115 3760 2161 3821; x_wconf 82' lang='lat' dir='ltr'>ilo</span> <span class='ocrx_word' id='word_1_494' title='bbox 2183 3759 2309 3839; x_wconf 85' lang='lat' dir='ltr'>accipio,</span> <span class='ocrx_word' id='word_1_495' title='bbox 2332 3779 2395 3823; x_wconf 86' lang='lat' dir='ltr'>nou</span> 
     </span>
     <span class='ocr_line' id='line_1_52' title="bbox 395 3842 2395 3928; baseline 0.002 -24"><span class='ocrx_word' id='word_1_496' title='bbox 395 3843 462 3926; x_wconf 73' lang='lat'>14),</span> <span class='ocrx_word' id='word_1_497' title='bbox 491 3842 570 3906; x_wconf 90' lang='lat' dir='ltr'>adeo</span> <span class='ocrx_word' id='word_1_498' title='bbox 598 3850 636 3906; x_wconf 93' lang='lat' dir='ltr'>ut</span> <span class='ocrx_word' id='word_1_499' title='bbox 662 3865 728 3908; x_wconf 80' lang='lat' dir='ltr'>vox</span> <span class='ocrx_word' id='word_1_500' title='bbox 756 3844 813 3908; x_wconf 90' lang='lat' dir='ltr'>illa</span> <span class='ocrx_word' id='word_1_501' title='bbox 839 3847 875 3908; x_wconf 92' lang='lat' dir='ltr'>in</span> <span class='ocrx_word' id='word_1_502' title='bbox 896 3846 960 3908; x_wconf 90' lang='lat' dir='ltr'>Dei</span> <span class='ocrx_word' id='word_1_503' title='bbox 987 3845 1106 3928; x_wconf 93' lang='lat' dir='ltr'>populo</span> <span class='ocrx_word' id='word_1_504' title='bbox 1128 3847 1248 3911; x_wconf 88' lang='lat' dir='ltr'>usitata</span> <span class='ocrx_word' id='word_1_505' title='bbox 1269 3847 1365 3910; x_wconf 86' lang='lat' dir='ltr'>foret:</span> <span class='ocrx_word' id='word_1_506' title='bbox 1418 3845 1518 3908; x_wconf 88' lang='lat' dir='ltr'>solum</span> <span class='ocrx_word' id='word_1_507' title='bbox 1539 3845 1621 3924; x_wconf 81' lang='lat' dir='ltr'>quod</span> <span class='ocrx_word' id='word_1_508' title='bbox 1642 3846 1794 3908; x_wconf 89' lang='lat' dir='ltr'>mundum</span> <span class='ocrx_word' id='word_1_509' title='bbox 1815 3843 1905 3922; x_wconf 84' lang='lat' dir='ltr'>lianc,</span> <span class='ocrx_word' id='word_1_510' title='bbox 1926 3849 1969 3907; x_wconf 86' lang='lat' dir='ltr'>ut·</span> <span class='ocrx_word' id='word_1_511' title='bbox 1982 3843 2075 3908; x_wconf 91' lang='lat' dir='ltr'>semel</span> <span class='ocrx_word' id='word_1_512' title='bbox 2095 3844 2241 3920; x_wconf 85' lang='lat' dir='ltr'>condidit,</span> <span class='ocrx_word' id='word_1_513' title='bbox 2268 3845 2315 3908; x_wconf 87' lang='lat' dir='ltr'>sic</span> <span class='ocrx_word' id='word_1_514' title='bbox 2335 3846 2395 3907; x_wconf 85' lang='lat' dir='ltr'>im-</span> 
     </span>
     <span class='ocr_line' id='line_1_53' title="bbox 391 3929 2393 4026; baseline 0.001 -36"><span class='ocrx_word' id='word_1_515' title='bbox 391 3929 580 4007; x_wconf 88' lang='lat' dir='ltr'>moriemur,</span> <span class='ocrx_word' id='word_1_516' title='bbox 615 3929 690 4011; x_wconf 89' lang='lat' dir='ltr'>quia</span> <span class='ocrx_word' id='word_1_517' title='bbox 715 3929 878 3996; x_wconf 90' lang='lat' dir='ltr'>Dominus</span> <span class='ocrx_word' id='word_1_518' title='bbox 911 3933 1060 4013; x_wconf 89' lang='lat' dir='ltr'>apparuit</span> <span class='ocrx_word' id='word_1_519' title='bbox 1082 3932 1184 3996; x_wconf 89' lang='lat' dir='ltr'>nobis.</span> <span class='ocrx_word' id='word_1_520' title='bbox 1229 3931 1307 3996; x_wconf 81' lang='lat' dir='ltr'>Ideo</span> <span class='ocrx_word' id='word_1_521' title='bbox 1335 3942 1368 3995; x_wconf 88' lang='lat' dir='ltr'>et</span> <span class='ocrx_word' id='word_1_522' title='bbox 1418 3951 1526 3994; x_wconf 87' lang='lat' dir='ltr'>menso</span> <span class='ocrx_word' id='word_1_523' title='bbox 1547 3931 1690 4008; x_wconf 84' lang='lat' dir='ltr'>potentio</span> <span class='ocrx_word' id='word_1_524' title='bbox 1717 3931 1883 4008; x_wconf 84' lang='lat' dir='ltr'>sustineat,</span> <span class='ocrx_word' id='word_1_525' title='bbox 1911 3931 2068 4009; x_wconf 84' lang='lat' dir='ltr'>sapientia</span> <span class='ocrx_word' id='word_1_526' title='bbox 2094 3930 2281 4006; x_wconf 82' lang='lat' dir='ltr'>moderetm,</span> <span class='ocrx_word' id='word_1_527' title='bbox 2298 3929 2393 4026; x_wconf 23' lang='lat' dir='ltr'>*boni-</span> 
     </span>
     <span class='ocr_line' id='line_1_54' title="bbox 391 4013 2394 4112; baseline 0.001 -36"><span class='ocrx_word' id='word_1_528' title='bbox 391 4013 526 4077; x_wconf 90' lang='lat' dir='ltr'>historia</span> <span class='ocrx_word' id='word_1_529' title='bbox 547 4014 605 4079; x_wconf 93' lang='lat' dir='ltr'>Iob</span> <span class='ocrx_word' id='word_1_530' title='bbox 629 4015 670 4078; x_wconf 88' lang='lat' dir='ltr'>ad</span> <span class='ocrx_word' id='word_1_531' title='bbox 691 4017 943 4097; x_wconf 87' lang='lat' dir='ltr'>prosternendos</span> <span class='ocrx_word' id='word_1_532' title='bbox 966 4039 1043 4081; x_wconf 88' lang='lat' dir='ltr'>suae</span> <span class='ocrx_word' id='word_1_533' title='bbox 1065 4018 1235 4094; x_wconf 87' lang='lat' dir='ltr'>stultitiae,</span> <span class='ocrx_word' id='word_1_534' title='bbox 1261 4019 1366 4099; x_wconf 93' lang='lat' dir='ltr'>impo-</span> <span class='ocrx_word' id='word_1_535' title='bbox 1418 4021 1480 4078; x_wconf 90' lang='lat' dir='ltr'>tate</span> <span class='ocrx_word' id='word_1_536' title='bbox 1500 4020 1659 4092; x_wconf 76' lang='lat' dir='ltr'>consermt</span> <span class='ocrx_word' id='word_1_537' title='bbox 1687 4015 1861 4078; x_wconf 73' lang='lat' dir='ltr'>lumnam</span> <span class='ocrx_word' id='word_1_538' title='bbox 1880 4036 1979 4097; x_wconf 74' lang='lat' dir='ltr'>peius</span> <span class='ocrx_word' id='word_1_539' title='bbox 1993 4016 2183 4112; x_wconf 84' lang='lat' dir='ltr'>praesertim</span> <span class='ocrx_word' id='word_1_540' title='bbox 2204 4017 2326 4111; x_wconf 73' lang='lat' dir='ltr'>tristitia</span> <span class='ocrx_word' id='word_1_541' title='bbox 2343 4017 2394 4079; x_wconf 89' lang='lat' dir='ltr'>iu·</span> 
     </span>
     <span class='ocr_line' id='line_1_55' title="bbox 390 4100 2390 4199; baseline 0.001 -37"><span class='ocrx_word' id='word_1_542' title='bbox 390 4100 520 4177; x_wconf 87' lang='lat' dir='ltr'>tentiae,</span> <span class='ocrx_word' id='word_1_543' title='bbox 544 4100 732 4181; x_wconf 91' lang='lat' dir='ltr'>pollutionis</span> <span class='ocrx_word' id='word_1_544' title='bbox 755 4104 951 4167; x_wconf 88' lang='lat' dir='ltr'>conscientia</span> <span class='ocrx_word' id='word_1_545' title='bbox 972 4103 1135 4181; x_wconf 89' lang='lat' dir='ltr'>homines,</span> <span class='ocrx_word' id='word_1_546' title='bbox 1160 4105 1366 4185; x_wconf 88' lang='lat' dir='ltr'>potissimum</span> <span class='ocrx_word' id='word_1_547' title='bbox 1418 4103 1558 4180; x_wconf 73' lang='lat' dir='ltr'>(licioque</span> <span class='ocrx_word' id='word_1_548' title='bbox 1578 4106 1673 4182; x_wconf 78' lang='lat' dir='ltr'>requi,</span> <span class='ocrx_word' id='word_1_549' title='bbox 1695 4101 1914 4165; x_wconf 86' lang='lat' dir='ltr'>misericordia</span> <span class='ocrx_word' id='word_1_550' title='bbox 1935 4101 2045 4179; x_wconf 88' lang='lat' dir='ltr'>toleret,</span> <span class='ocrx_word' id='word_1_551' title='bbox 2068 4101 2234 4180; x_wconf 71' lang='lat' dir='ltr'>praesidio</span> <span class='ocrx_word' id='word_1_552' title='bbox 2256 4106 2390 4199; x_wconf 73' lang='lat' dir='ltr'>tueatur,</span> 
     </span>
     <span class='ocr_line' id='line_1_56' title="bbox 390 4186 2390 4270; baseline 0 -21"><span class='ocrx_word' id='word_1_553' title='bbox 390 4205 518 4266; x_wconf 89' lang='lat' dir='ltr'>semper</span> <span class='ocrx_word' id='word_1_554' title='bbox 540 4193 770 4268; x_wconf 78' lang='lat' dir='ltr'>argumentum</span> <span class='ocrx_word' id='word_1_555' title='bbox 797 4209 817 4250; x_wconf 87' lang='lat' dir='ltr'>a</span> <span class='ocrx_word' id='word_1_556' title='bbox 845 4188 975 4252; x_wconf 88' lang='lat' dir='ltr'>divinae</span> <span class='ocrx_word' id='word_1_557' title='bbox 1003 4191 1194 4270; x_wconf 87' lang='lat' dir='ltr'>sapientiae,</span> <span class='ocrx_word' id='word_1_558' title='bbox 1221 4189 1364 4266; x_wconf 85' lang='lat' dir='ltr'>virtutis,</span> <span class='ocrx_word' id='word_1_559' title='bbox 1418 4187 1473 4250; x_wconf 91' lang='lat' dir='ltr'>sed</span> <span class='ocrx_word' id='word_1_560' title='bbox 1493 4187 1570 4266; x_wconf 85' lang='lat' dir='ltr'>quio</span> <span class='ocrx_word' id='word_1_561' title='bbox 1590 4207 1760 4266; x_wconf 88' lang='lat' dir='ltr'>nusquam,</span> <span class='ocrx_word' id='word_1_562' title='bbox 1789 4187 1836 4250; x_wconf 82' lang='lat' dir='ltr'>cel</span> <span class='ocrx_word' id='word_1_563' title='bbox 1859 4188 2034 4267; x_wconf 79' lang='lat' dir='ltr'>sopierdice</span> <span class='ocrx_word' id='word_1_564' title='bbox 2054 4207 2091 4250; x_wconf 84' lang='lat' dir='ltr'>oc</span> <span class='ocrx_word' id='word_1_565' title='bbox 2111 4187 2203 4263; x_wconf 86' lang='lat' dir='ltr'>lucis,</span> <span class='ocrx_word' id='word_1_566' title='bbox 2230 4186 2277 4249; x_wconf 85' lang='lat' dir='ltr'>cel</span> <span class='ocrx_word' id='word_1_567' title='bbox 2296 4192 2390 4250; x_wconf 62' lang='lat' dir='ltr'>tumt-</span> 
     </span>
     <span class='ocr_line' id='line_1_57' title="bbox 376 4271 2393 4366; baseline 0 -33"><span class='ocrx_word' id='word_1_568' title='bbox 376 4271 540 4352; x_wconf 80' lang='lat' dir='ltr'>’puritatis</span> <span class='ocrx_word' id='word_1_569' title='bbox 568 4271 783 4354; x_wconf 88' lang='lat' dir='ltr'>descriptione</span> <span class='ocrx_word' id='word_1_570' title='bbox 812 4273 909 4338; x_wconf 90' lang='lat' dir='ltr'>ducit.</span> <span class='ocrx_word' id='word_1_571' title='bbox 960 4274 1073 4355; x_wconf 91' lang='lat' dir='ltr'>Neque</span> <span class='ocrx_word' id='word_1_572' title='bbox 1101 4274 1239 4339; x_wconf 79' lang='lat' dir='ltr'>frustra:</span> <span class='ocrx_word' id='word_1_573' title='bbox 1275 4273 1365 4338; x_wconf 90' lang='lat' dir='ltr'>vide·</span> <span class='ocrx_word' id='word_1_574' title='bbox 1418 4273 1489 4347; x_wconf 89' lang='lat' dir='ltr'>tiae,</span> <span class='ocrx_word' id='word_1_575' title='bbox 1509 4272 1556 4334; x_wconf 88' lang='lat' dir='ltr'>cel</span> <span class='ocrx_word' id='word_1_576' title='bbox 1571 4274 1742 4350; x_wconf 81' lang='lat' dir='ltr'>potentiae,</span> <span class='ocrx_word' id='word_1_577' title='bbox 1772 4273 1819 4336; x_wconf 84' lang='lat' dir='ltr'>uel</span> <span class='ocrx_word' id='word_1_578' title='bbox 1844 4273 2051 4349; x_wconf 79' lang='lat' dir='ltr'>rectitudinis,</span> <span class='ocrx_word' id='word_1_579' title='bbox 2077 4272 2124 4335; x_wconf 87' lang='lat' dir='ltr'>ecl</span> <span class='ocrx_word' id='word_1_580' title='bbox 2152 4272 2292 4335; x_wconf 86' lang='lat' dir='ltr'>sincerae</span> <span class='ocrx_word' id='word_1_581' title='bbox 2312 4273 2393 4366; x_wconf 80' lang='lat' dir='ltr'>oeri-</span> 
     </span>
     <span class='ocr_line' id='line_1_58' title="bbox 389 4357 2392 4441; baseline 0 -22"><span class='ocrx_word' id='word_1_582' title='bbox 389 4378 461 4420; x_wconf 91' lang='lat' dir='ltr'>mus</span> <span class='ocrx_word' id='word_1_583' title='bbox 483 4358 572 4420; x_wconf 86' lang='lat' dir='ltr'>eninr</span> <span class='ocrx_word' id='word_1_584' title='bbox 594 4365 633 4420; x_wconf 93' lang='lat' dir='ltr'>ut</span> <span class='ocrx_word' id='word_1_585' title='bbox 653 4358 824 4421; x_wconf 89' lang='lat' dir='ltr'>Abraham</span> <span class='ocrx_word' id='word_1_586' title='bbox 845 4358 960 4423; x_wconf 90' lang='lat' dir='ltr'>melius</span> <span class='ocrx_word' id='word_1_587' title='bbox 989 4381 1023 4423; x_wconf 89' lang='lat' dir='ltr'>se</span> <span class='ocrx_word' id='word_1_588' title='bbox 1045 4367 1168 4423; x_wconf 91' lang='lat' dir='ltr'>terram</span> <span class='ocrx_word' id='word_1_589' title='bbox 1194 4367 1227 4423; x_wconf 92' lang='lat' dir='ltr'>et</span> <span class='ocrx_word' id='word_1_590' title='bbox 1252 4360 1365 4441; x_wconf 86' lang='lat' dir='ltr'>pulve-</span> <span class='ocrx_word' id='word_1_591' title='bbox 1418 4358 1493 4421; x_wconf 85' lang='lat' dir='ltr'>talis</span> <span class='ocrx_word' id='word_1_592' title='bbox 1511 4362 1599 4440; x_wconf 71' lang='lat' dir='ltr'>putto</span> <span class='ocrx_word' id='word_1_593' title='bbox 1618 4359 1789 4437; x_wconf 85' lang='lat' dir='ltr'>reperietur</span> <span class='ocrx_word' id='word_1_594' title='bbox 1810 4378 1890 4438; x_wconf 87' lang='lat' dir='ltr'>quae</span> <span class='ocrx_word' id='word_1_595' title='bbox 1910 4379 1972 4421; x_wconf 92' lang='lat' dir='ltr'>non</span> <span class='ocrx_word' id='word_1_596' title='bbox 1993 4357 2032 4420; x_wconf 90' lang='lat' dir='ltr'>ab</span> <span class='ocrx_word' id='word_1_597' title='bbox 2054 4359 2124 4437; x_wconf 84' lang='lat' dir='ltr'>ipsc</span> <span class='ocrx_word' id='word_1_598' title='bbox 2141 4358 2230 4434; x_wconf 75' lang='lat' dir='ltr'>fluat,</span> <span class='ocrx_word' id='word_1_599' title='bbox 2254 4362 2392 4420; x_wconf 79' lang='lat' dir='ltr'>etunius</span> 
     </span>
     <span class='ocr_line' id='line_1_59' title="bbox 387 4439 2396 4538; baseline -0.002 -33"><span class='ocrx_word' id='word_1_600' title='bbox 387 4464 456 4506; x_wconf 78' lang='lat' dir='ltr'>reru</span> <span class='ocrx_word' id='word_1_601' title='bbox 479 4450 643 4526; x_wconf 85' lang='lat' dir='ltr'>agnoscat,</span> <span class='ocrx_word' id='word_1_602' title='bbox 667 4465 706 4506; x_wconf 82' lang='lat' dir='ltr'>err</span> <span class='ocrx_word' id='word_1_603' title='bbox 726 4465 789 4525; x_wconf 93' lang='lat' dir='ltr'>quo</span> <span class='ocrx_word' id='word_1_604' title='bbox 811 4446 943 4526; x_wconf 89' lang='lat' dir='ltr'>propius</span> <span class='ocrx_word' id='word_1_605' title='bbox 962 4445 1003 4508; x_wconf 86' lang='lat' dir='ltr'>ad</span> <span class='ocrx_word' id='word_1_606' title='bbox 1021 4445 1284 4528; x_wconf 89' lang='lat' dir='ltr'>conspiciendam</span> <span class='ocrx_word' id='word_1_607' title='bbox 1296 4446 1364 4508; x_wconf 92' lang='lat' dir='ltr'>Do-</span> <span class='ocrx_word' id='word_1_608' title='bbox 1418 4445 1486 4522; x_wconf 88' lang='lat' dir='ltr'>ipse</span> <span class='ocrx_word' id='word_1_609' title='bbox 1508 4463 1569 4506; x_wconf 91' lang='lat' dir='ltr'>non</span> <span class='ocrx_word' id='word_1_610' title='bbox 1591 4444 1632 4507; x_wconf 86' lang='lat' dir='ltr'>sit</span> <span class='ocrx_word' id='word_1_611' title='bbox 1652 4464 1769 4522; x_wconf 77' lang='lat' dir='ltr'>causa3</span> <span class='ocrx_word' id='word_1_612' title='bbox 1790 4449 1826 4507; x_wconf 87' lang='lat' dir='ltr'>ut</span> <span class='ocrx_word' id='word_1_613' title='bbox 1846 4445 1919 4508; x_wconf 86' lang='lat' dir='ltr'>baec</span> <span class='ocrx_word' id='word_1_614' title='bbox 1940 4444 2055 4508; x_wconf 84' lang='lat' dir='ltr'>scilicet</span> <span class='ocrx_word' id='word_1_615' title='bbox 2075 4443 2180 4538; x_wconf 82' lang='lat' dir='ltr'>munia</span> <span class='ocrx_word' id='word_1_616' title='bbox 2200 4439 2239 4503; x_wconf 85' lang='lat' dir='ltr'>ab</span> <span class='ocrx_word' id='word_1_617' title='bbox 2257 4460 2396 4534; x_wconf 75' lang='lat' dir='ltr'>ipsoex-</span> 
     </span>
     <span class='ocr_line' id='line_1_60' title="bbox 385 4529 2396 4623; baseline -0.003 -31"><span class='ocrx_word' id='word_1_618' title='bbox 385 4529 467 4592; x_wconf 90' lang='lat' dir='ltr'>mini</span> <span class='ocrx_word' id='word_1_619' title='bbox 485 4529 625 4611; x_wconf 89' lang='lat' dir='ltr'>gloriam</span> <span class='ocrx_word' id='word_1_620' title='bbox 642 4530 778 4593; x_wconf 88' lang='lat' dir='ltr'>accessit</span> <span class='ocrx_word' id='word_1_621' title='bbox 796 4530 894 4609; x_wconf 84' lang='lat' dir='ltr'>(Gen.</span> <span class='ocrx_word' id='word_1_622' title='bbox 917 4534 965 4607; x_wconf 88' lang='grc'>18,</span> <span class='ocrx_word' id='word_1_623' title='bbox 987 4531 1057 4614; x_wconf 81' lang='grc'>27);</span> <span class='ocrx_word' id='word_1_624' title='bbox 1076 4539 1113 4594; x_wconf 92' lang='lat' dir='ltr'>ut</span> <span class='ocrx_word' id='word_1_625' title='bbox 1129 4531 1221 4595; x_wconf 82' lang='lat' dir='ltr'>Elias</span> <span class='ocrx_word' id='word_1_626' title='bbox 1244 4538 1366 4594; x_wconf 87' lang='lat' dir='ltr'>retecta</span> <span class='ocrx_word' id='word_1_627' title='bbox 1421 4535 1559 4608; x_wconf 85' lang='lat' dir='ltr'>spectare</span> <span class='ocrx_word' id='word_1_628' title='bbox 1569 4534 1708 4609; x_wconf 86' lang='lat' dir='ltr'>etpetere</span> <span class='ocrx_word' id='word_1_629' title='bbox 1718 4530 1886 4606; x_wconf 88' lang='lat' dir='ltr'>discamus,</span> <span class='ocrx_word' id='word_1_630' title='bbox 1908 4531 1996 4609; x_wconf 91' lang='lat' dir='ltr'>eique</span> <span class='ocrx_word' id='word_1_631' title='bbox 2006 4549 2077 4592; x_wconf 91' lang='lat' dir='ltr'>cum</span> <span class='ocrx_word' id='word_1_632' title='bbox 2085 4532 2264 4621; x_wconf 78' lang='lat' dir='ltr'>pretiorum</span> <span class='ocrx_word' id='word_1_633' title='bbox 2279 4529 2396 4623; x_wconf 77' lang='lat' dir='ltr'>acteone</span> 
     </span>
     <span class='ocr_line' id='line_1_61' title="bbox 387 4609 2397 4708; baseline -0.001 -30"><span class='ocrx_word' id='word_1_634' title='bbox 387 4615 467 4678; x_wconf 87' lang='lat' dir='ltr'>facie</span> <span class='ocrx_word' id='word_1_635' title='bbox 489 4616 559 4679; x_wconf 93' lang='lat' dir='ltr'>eius</span> <span class='ocrx_word' id='word_1_636' title='bbox 577 4636 744 4679; x_wconf 89' lang='lat' dir='ltr'>accessum</span> <span class='ocrx_word' id='word_1_637' title='bbox 756 4609 944 4697; x_wconf 80' lang='lat' dir='ltr'>exspectare</span> <span class='ocrx_word' id='word_1_638' title='bbox 966 4638 1031 4680; x_wconf 93' lang='lat' dir='ltr'>non</span> <span class='ocrx_word' id='word_1_639' title='bbox 1054 4619 1214 4682; x_wconf 91' lang='lat' dir='ltr'>sustineat</span> <span class='ocrx_word' id='word_1_640' title='bbox 1234 4617 1265 4698; x_wconf 89' lang='lat' dir='ltr'>(l</span> <span class='ocrx_word' id='word_1_641' title='bbox 1281 4616 1363 4698; x_wconf 90' lang='lat' dir='ltr'>Reg.</span> <span class='ocrx_word' id='word_1_642' title='bbox 1418 4621 1541 4694; x_wconf 87' lang='lat' dir='ltr'>accepta</span> <span class='ocrx_word' id='word_1_643' title='bbox 1562 4617 1687 4696; x_wconf 84' lang='lat' dir='ltr'>referre.</span> <span class='ocrx_word' id='word_1_644' title='bbox 1734 4616 1820 4678; x_wconf 90' lang='lat' dir='ltr'>Nam</span> <span class='ocrx_word' id='word_1_645' title='bbox 1841 4616 1891 4678; x_wconf 80' lang='lat' dir='ltr'>liic</span> <span class='ocrx_word' id='word_1_646' title='bbox 1911 4616 2063 4677; x_wconf 86' lang='lat' dir='ltr'>virtutum</span> <span class='ocrx_word' id='word_1_647' title='bbox 2084 4611 2147 4673; x_wconf 79' lang='lat' dir='ltr'>Dei</span> <span class='ocrx_word' id='word_1_648' title='bbox 2167 4629 2285 4706; x_wconf 33' lang='lat' dir='ltr'>&#39;seusus</span> <span class='ocrx_word' id='word_1_649' title='bbox 2306 4610 2397 4708; x_wconf 77' lang='lat' dir='ltr'>nodis</span> 
     </span>
     <span class='ocr_line' id='line_1_62' title="bbox 391 4694 2395 4793; baseline 0 -31"><span class='ocrx_word' id='word_1_650' title='bbox 391 4701 529 4783; x_wconf 79' lang='lat' dir='ltr'>la,13);</span> <span class='ocrx_word' id='word_1_651' title='bbox 553 4708 682 4763; x_wconf 86' lang='lat' dir='ltr'>tantum</span> <span class='ocrx_word' id='word_1_652' title='bbox 706 4702 812 4765; x_wconf 92' lang='lat' dir='ltr'>estin</span> <span class='ocrx_word' id='word_1_653' title='bbox 835 4710 968 4783; x_wconf 86' lang='lat' dir='ltr'>aspectu</span> <span class='ocrx_word' id='word_1_654' title='bbox 989 4701 1178 4768; x_wconf 86' lang='lat' dir='ltr'>formidinis.</span> <span class='ocrx_word' id='word_1_655' title='bbox 1224 4703 1271 4766; x_wconf 80' lang='lat' dir='ltr'>llt</span> <span class='ocrx_word' id='word_1_656' title='bbox 1288 4701 1366 4782; x_wconf 92' lang='lat' dir='ltr'>quid</span> <span class='ocrx_word' id='word_1_657' title='bbox 1418 4701 1549 4764; x_wconf 88' lang='lat' dir='ltr'>idoneus</span> <span class='ocrx_word' id='word_1_658' title='bbox 1571 4706 1616 4765; x_wconf 90' lang='lat' dir='ltr'>est</span> <span class='ocrx_word' id='word_1_659' title='bbox 1632 4701 1766 4780; x_wconf 88' lang='lat' dir='ltr'>pietatis</span> <span class='ocrx_word' id='word_1_660' title='bbox 1787 4702 1941 4782; x_wconf 69' lang='lat' dir='ltr'>mapisten</span> <span class='ocrx_word' id='word_1_661' title='bbox 1965 4719 2004 4761; x_wconf 81' lang='lat' dir='ltr'>en</span> <span class='ocrx_word' id='word_1_662' title='bbox 2030 4717 2092 4776; x_wconf 84' lang='lat' dir='ltr'>qua</span> <span class='ocrx_word' id='word_1_663' title='bbox 2114 4694 2224 4792; x_wconf 75' lang='lat' dir='ltr'>reliqio</span> <span class='ocrx_word' id='word_1_664' title='bbox 2243 4701 2395 4793; x_wconf 74' lang='lat' dir='ltr'>noscetur.</span> 
     </span>
     <span class='ocr_line' id='line_1_63' title="bbox 387 4779 2398 4879; baseline -0.001 -30"><span class='ocrx_word' id='word_1_665' title='bbox 387 4787 484 4850; x_wconf 88' lang='lat' dir='ltr'>faciat</span> <span class='ocrx_word' id='word_1_666' title='bbox 506 4787 602 4850; x_wconf 89' lang='lat' dir='ltr'>borno</span> <span class='ocrx_word' id='word_1_667' title='bbox 624 4786 761 4868; x_wconf 88' lang='lat' dir='ltr'>putredo</span> <span class='ocrx_word' id='word_1_668' title='bbox 784 4808 821 4851; x_wconf 92' lang='lat' dir='ltr'>ac</span> <span class='ocrx_word' id='word_1_669' title='bbox 841 4789 978 4865; x_wconf 87' lang='lat' dir='ltr'>vermis,</span> <span class='ocrx_word' id='word_1_670' title='bbox 1007 4810 1107 4870; x_wconf 91' lang='lat' dir='ltr'>quum</span> <span class='ocrx_word' id='word_1_671' title='bbox 1129 4791 1216 4871; x_wconf 91' lang='lat' dir='ltr'>ipsos</span> <span class='ocrx_word' id='word_1_672' title='bbox 1238 4808 1365 4870; x_wconf 90' lang='lat' dir='ltr'>quoquc</span> <span class='ocrx_word' id='word_1_673' title='bbox 1420 4785 1571 4850; x_wconf 88' lang='lat' dir='ltr'>Pietatem</span> <span class='ocrx_word' id='word_1_674' title='bbox 1592 4808 1662 4851; x_wconf 87' lang='lat' dir='ltr'>occo</span> <span class='ocrx_word' id='word_1_675' title='bbox 1682 4787 1875 4851; x_wconf 88' lang='lat' dir='ltr'>coniunctam</span> <span class='ocrx_word' id='word_1_676' title='bbox 1895 4805 1965 4849; x_wconf 82' lang='lat' dir='ltr'>euni</span> <span class='ocrx_word' id='word_1_677' title='bbox 1985 4779 2173 4877; x_wconf 71' lang='lat' dir='ltr'>amoreDei</span> <span class='ocrx_word' id='word_1_678' title='bbox 2194 4787 2398 4879; x_wconf 84' lang='lat' dir='ltr'>reuerentiam</span> 
     </span>
     <span class='ocr_line' id='line_1_64' title="bbox 387 4866 2397 4961; baseline -0 -29"><span class='ocrx_word' id='word_1_679' title='bbox 387 4872 566 4936; x_wconf 81' lang='lat' dir='ltr'>(lherubim</span> <span class='ocrx_word' id='word_1_680' title='bbox 596 4873 721 4950; x_wconf 82' lang='lat' dir='ltr'>velare,</span> <span class='ocrx_word' id='word_1_681' title='bbox 749 4873 819 4954; x_wconf 89' lang='lat' dir='ltr'>ipso</span> <span class='ocrx_word' id='word_1_682' title='bbox 842 4894 976 4955; x_wconf 87' lang='lat' dir='ltr'>pavore,</span> <span class='ocrx_word' id='word_1_683' title='bbox 1006 4875 1119 4938; x_wconf 86' lang='lat' dir='ltr'>faciem</span> <span class='ocrx_word' id='word_1_684' title='bbox 1150 4895 1245 4940; x_wconf 88' lang='lat' dir='ltr'>suam</span> <span class='ocrx_word' id='word_1_685' title='bbox 1269 4894 1365 4955; x_wconf 91' lang='lat' dir='ltr'>opor·</span> <span class='ocrx_word' id='word_1_686' title='bbox 1418 4892 1514 4950; x_wconf 83' lang='lat' dir='ltr'>quom</span> <span class='ocrx_word' id='word_1_687' title='bbox 1535 4871 1750 4949; x_wconf 71' lang='lat' dir='ltr'>beneficiorum</span> <span class='ocrx_word' id='word_1_688' title='bbox 1771 4874 1841 4936; x_wconf 78' lang='lat' dir='ltr'>ciris</span> <span class='ocrx_word' id='word_1_689' title='bbox 1863 4870 1975 4934; x_wconf 87' lang='lat' dir='ltr'>notitia</span> <span class='ocrx_word' id='word_1_690' title='bbox 1996 4866 2145 4961; x_wconf 81' lang='lat' dir='ltr'>cmmdrat.</span> <span class='ocrx_word' id='word_1_691' title='bbox 2190 4866 2295 4931; x_wconf 87' lang='lat' dir='ltr'>Donec</span> <span class='ocrx_word' id='word_1_692' title='bbox 2312 4888 2397 4932; x_wconf 82' lang='lat' dir='ltr'>enim</span> 
     </span>
     <span class='ocr_line' id='line_1_65' title="bbox 387 4952 2396 5049; baseline -0.001 -29"><span class='ocrx_word' id='word_1_693' title='bbox 387 4968 454 5021; x_wconf 85' lang='lat' dir='ltr'>teat</span> <span class='ocrx_word' id='word_1_694' title='bbox 476 4959 552 5039; x_wconf 89' lang='lat' dir='ltr'>(les.</span> <span class='ocrx_word' id='word_1_695' title='bbox 574 4962 602 5036; x_wconf 87' lang='lat'>6,</span> <span class='ocrx_word' id='word_1_696' title='bbox 623 4958 679 5041; x_wconf 85' lang='lat'>2)?</span> <span class='ocrx_word' id='word_1_697' title='bbox 725 4959 799 5024; x_wconf 90' lang='lat' dir='ltr'>Hoc</span> <span class='ocrx_word' id='word_1_698' title='bbox 832 4959 955 5024; x_wconf 88' lang='lat' dir='ltr'>scilicet</span> <span class='ocrx_word' id='word_1_699' title='bbox 984 4960 1144 5042; x_wconf 91' lang='lat' dir='ltr'>estquod</span> <span class='ocrx_word' id='word_1_700' title='bbox 1176 4959 1255 5025; x_wconf 92' lang='lat' dir='ltr'>dicit</span> <span class='ocrx_word' id='word_1_701' title='bbox 1287 4980 1361 5041; x_wconf 92' lang='lat' dir='ltr'>pro·</span> <span class='ocrx_word' id='word_1_702' title='bbox 1418 4959 1555 5021; x_wconf 88' lang='lat' dir='ltr'>sentiant</span> <span class='ocrx_word' id='word_1_703' title='bbox 1582 4957 1733 5036; x_wconf 81' lang='lat' dir='ltr'>immines,</span> <span class='ocrx_word' id='word_1_704' title='bbox 1767 4957 1835 5021; x_wconf 85' lang='lat' dir='ltr'>Deo</span> <span class='ocrx_word' id='word_1_705' title='bbox 1862 4976 1897 5049; x_wconf 78' lang='lat' dir='ltr'>se</span> <span class='ocrx_word' id='word_1_706' title='bbox 1921 4972 2026 5047; x_wconf 69' lang='lat' dir='ltr'>omniu</span> <span class='ocrx_word' id='word_1_707' title='bbox 2052 4952 2174 5031; x_wconf 87' lang='lat' dir='ltr'>debere,</span> <span class='ocrx_word' id='word_1_708' title='bbox 2201 4958 2337 5034; x_wconf 87' lang='lat' dir='ltr'>paterna</span> <span class='ocrx_word' id='word_1_709' title='bbox 2362 4973 2396 5018; x_wconf 88' lang='lat' dir='ltr'>se</span> 
     </span>
     <span class='ocr_line' id='line_1_66' title="bbox 386 5037 2397 5138; baseline -0.002 -32"><span class='ocrx_word' id='word_1_710' title='bbox 386 5044 487 5124; x_wconf 87' lang='lat' dir='ltr'>pheta</span> <span class='ocrx_word' id='word_1_711' title='bbox 507 5045 629 5108; x_wconf 84' lang='lat' dir='ltr'>Iesaias</span> <span class='ocrx_word' id='word_1_712' title='bbox 653 5046 718 5123; x_wconf 78' lang='lat'>(24,</span> <span class='ocrx_word' id='word_1_713' title='bbox 739 5046 808 5128; x_wconf 82' lang='lat'><strong>23):</strong></span> <span class='ocrx_word' id='word_1_714' title='bbox 854 5046 1022 5130; x_wconf 87' lang='lat' dir='ltr'>erubescet</span> <span class='ocrx_word' id='word_1_715' title='bbox 1057 5047 1104 5111; x_wconf 92' lang='lat' dir='ltr'>sol</span> <span class='ocrx_word' id='word_1_716' title='bbox 1132 5053 1165 5110; x_wconf 89' lang='lat' dir='ltr'>et</span> <span class='ocrx_word' id='word_1_717' title='bbox 1187 5044 1364 5111; x_wconf 79' lang='lat' dir='ltr'>confunde-</span> <span class='ocrx_word' id='word_1_718' title='bbox 1418 5044 1488 5106; x_wconf 87' lang='lat' dir='ltr'>eius</span> <span class='ocrx_word' id='word_1_719' title='bbox 1508 5064 1588 5107; x_wconf 73' lang='lat' dir='ltr'>crura</span> <span class='ocrx_word' id='word_1_720' title='bbox 1607 5044 1716 5123; x_wconf 80' lang='lat' dir='ltr'>foveri,</span> <span class='ocrx_word' id='word_1_721' title='bbox 1746 5063 1820 5138; x_wconf 34' lang='lat' dir='ltr'>eum·</span> <span class='ocrx_word' id='word_1_722' title='bbox 1836 5040 1897 5103; x_wconf 85' lang='lat' dir='ltr'>sibe</span> <span class='ocrx_word' id='word_1_723' title='bbox 1916 5057 2055 5100; x_wconf 81' lang='lat' dir='ltr'>munium</span> <span class='ocrx_word' id='word_1_724' title='bbox 2083 5037 2232 5136; x_wconf 87' lang='lat' dir='ltr'>bonorum</span> <span class='ocrx_word' id='word_1_725' title='bbox 2252 5059 2318 5102; x_wconf 88' lang='lat' dir='ltr'>esse</span> <span class='ocrx_word' id='word_1_726' title='bbox 2340 5060 2397 5102; x_wconf 82' lang='lat' dir='ltr'>au</span> 
     </span>
     <span class='ocr_line' id='line_1_67' title="bbox 385 5125 2397 5224; baseline -0.001 -33"><span class='ocrx_word' id='word_1_727' title='bbox 385 5139 441 5192; x_wconf 88' lang='lat' dir='ltr'>tur</span> <span class='ocrx_word' id='word_1_728' title='bbox 472 5130 551 5193; x_wconf 89' lang='lat' dir='ltr'>luna</span> <span class='ocrx_word' id='word_1_729' title='bbox 584 5151 684 5211; x_wconf 92' lang='lat' dir='ltr'>quum</span> <span class='ocrx_word' id='word_1_730' title='bbox 718 5131 880 5195; x_wconf 91' lang='lat' dir='ltr'>Dominus</span> <span class='ocrx_word' id='word_1_731' title='bbox 918 5133 1122 5224; x_wconf 76' lang='lat' dir='ltr'>exercituum</span> <span class='ocrx_word' id='word_1_732' title='bbox 1163 5131 1363 5214; x_wconf 81' lang='lat' dir='ltr'>regnaverit3</span> <span class='ocrx_word' id='word_1_733' title='bbox 1419 5135 1522 5207; x_wconf 81' lang='lat' dir='ltr'>tmern,</span> <span class='ocrx_word' id='word_1_734' title='bbox 1545 5135 1580 5192; x_wconf 87' lang='lat' dir='ltr'>ut</span> <span class='ocrx_word' id='word_1_735' title='bbox 1600 5129 1682 5192; x_wconf 85' lang='lat' dir='ltr'>nibil</span> <span class='ocrx_word' id='word_1_736' title='bbox 1700 5135 1790 5192; x_wconf 71' lang='lat' dir='ltr'>entra</span> <span class='ocrx_word' id='word_1_737' title='bbox 1807 5143 1914 5203; x_wconf 83' lang='lat' dir='ltr'>ipsum</span> <span class='ocrx_word' id='word_1_738' title='bbox 1930 5125 2143 5202; x_wconf 85' lang='lat' dir='ltr'>quaerendum</span> <span class='ocrx_word' id='word_1_739' title='bbox 2160 5130 2210 5201; x_wconf 81' lang='lat' dir='ltr'>sit,</span> <span class='ocrx_word' id='word_1_740' title='bbox 2232 5145 2397 5204; x_wconf 87' lang='lat' dir='ltr'>nunquam</span> 
     </span>
    </p>
   </div>
   <div class='ocr_carea' id='block_1_17' title="bbox 387 5207 2517 5300">
    <p class='ocr_par' dir='ltr' id='par_1_18' title="bbox 387 5207 2517 5300">
     <span class='ocr_line' id='line_1_68' title="bbox 387 5207 2517 5300; baseline -0.003 -22"><span class='ocrx_word' id='word_1_741' title='bbox 387 5215 448 5278; x_wconf 93' lang='lat' dir='ltr'>hoc</span> <span class='ocrx_word' id='word_1_742' title='bbox 471 5227 535 5289; x_wconf 74' lang='lat' dir='ltr'>est;</span> <span class='ocrx_word' id='word_1_743' title='bbox 559 5216 614 5279; x_wconf 92' lang='lat' dir='ltr'>ubi</span> <span class='ocrx_word' id='word_1_744' title='bbox 643 5216 824 5279; x_wconf 85' lang='lat' dir='ltr'>claritatem</span> <span class='ocrx_word' id='word_1_745' title='bbox 851 5239 944 5280; x_wconf 90' lang='lat' dir='ltr'>suam</span> <span class='ocrx_word' id='word_1_746' title='bbox 973 5220 1127 5282; x_wconf 82' lang='lat' dir='ltr'>extulerit</span> <span class='ocrx_word' id='word_1_747' title='bbox 1169 5240 1206 5282; x_wconf 92' lang='lat' dir='ltr'>ac</span> <span class='ocrx_word' id='word_1_748' title='bbox 1233 5217 1366 5300; x_wconf 88' lang='lat' dir='ltr'>propius</span> <span class='ocrx_word' id='word_1_749' title='bbox 1418 5215 1501 5278; x_wconf 90' lang='lat' dir='ltr'>eise</span> <span class='ocrx_word' id='word_1_750' title='bbox 1521 5215 1701 5278; x_wconf 85' lang='lat' dir='ltr'>uoluntaria</span> <span class='ocrx_word' id='word_1_751' title='bbox 1722 5210 1918 5276; x_wconf 84' lang='lat' dir='ltr'>observantia</span> <span class='ocrx_word' id='word_1_752' title='bbox 1944 5207 2125 5288; x_wconf 74' lang='lat' dir='ltr'>subiieimt5</span> <span class='ocrx_word' id='word_1_753' title='bbox 2151 5212 2212 5272; x_wconf 90' lang='lat' dir='ltr'>imo</span> <span class='ocrx_word' id='word_1_754' title='bbox 2233 5210 2299 5272; x_wconf 85' lang='lat' dir='ltr'>nisi</span> <span class='ocrx_word' id='word_1_755' title='bbox 2320 5210 2396 5272; x_wconf 84' lang='lat' dir='ltr'>soli·</span> <span class='ocrx_word' id='word_1_756' title='bbox 2514 5280 2517 5287; x_wconf 53' lang='grc'><em>,</em></span> 
     </span>
    </p>
   </div>
   <div class='ocr_carea' id='block_1_18' title="bbox 386 5293 2398 5814">
    <p class='ocr_par' dir='ltr' id='par_1_19' title="bbox 386 5293 2398 5392">
     <span class='ocr_line' id='line_1_69' title="bbox 386 5293 2398 5392; baseline -0.003 -29"><span class='ocrx_word' id='word_1_757' title='bbox 386 5299 581 5380; x_wconf 86' lang='lat' dir='ltr'>admoverit,</span> <span class='ocrx_word' id='word_1_758' title='bbox 610 5300 847 5366; x_wconf 88' lang='lat' dir='ltr'>lucidissimum</span> <span class='ocrx_word' id='word_1_759' title='bbox 869 5303 1017 5385; x_wconf 92' lang='lat' dir='ltr'>quodque</span> <span class='ocrx_word' id='word_1_760' title='bbox 1045 5325 1124 5387; x_wconf 90' lang='lat' dir='ltr'>prae</span> <span class='ocrx_word' id='word_1_761' title='bbox 1144 5304 1201 5367; x_wconf 91' lang='lat' dir='ltr'>illa</span> <span class='ocrx_word' id='word_1_762' title='bbox 1222 5300 1365 5367; x_wconf 84' lang='lat' dir='ltr'>tenebris</span> <span class='ocrx_word' id='word_1_763' title='bbox 1418 5301 1493 5363; x_wconf 90' lang='lat' dir='ltr'>dam</span> <span class='ocrx_word' id='word_1_764' title='bbox 1514 5302 1550 5363; x_wconf 90' lang='lat' dir='ltr'>in</span> <span class='ocrx_word' id='word_1_765' title='bbox 1572 5321 1605 5363; x_wconf 91' lang='lat' dir='ltr'>eo</span> <span class='ocrx_word' id='word_1_766' title='bbox 1621 5301 1799 5380; x_wconf 74' lang='lat' dir='ltr'>felicitatem</span> <span class='ocrx_word' id='word_1_767' title='bbox 1816 5293 1878 5358; x_wconf 84' lang='lat' dir='ltr'>sibi</span> <span class='ocrx_word' id='word_1_768' title='bbox 1895 5296 2092 5392; x_wconf 80' lang='lat' dir='ltr'>ccnstituant,</span> <span class='ocrx_word' id='word_1_769' title='bbox 2115 5314 2277 5375; x_wconf 88' lang='lat' dir='ltr'>nunqua-m</span> <span class='ocrx_word' id='word_1_770' title='bbox 2294 5314 2327 5356; x_wconf 89' lang='lat' dir='ltr'>se</span> <span class='ocrx_word' id='word_1_771' title='bbox 2344 5293 2398 5357; x_wconf 86' lang='lat' dir='ltr'>illi</span> 
     </span>
    </p>

    <p class='ocr_par' dir='ltr' id='par_1_20' title="bbox 386 5381 2250 5479">
     <span class='ocr_line' id='line_1_70' title="bbox 386 5381 2250 5479; baseline -0.003 -31"><span class='ocrx_word' id='word_1_772' title='bbox 386 5387 622 5451; x_wconf 89' lang='lat' dir='ltr'>obscurabitur.</span> <span class='ocrx_word' id='word_1_773' title='bbox 667 5386 841 5466; x_wconf 86' lang='lat' dir='ltr'>Utcunque</span> <span class='ocrx_word' id='word_1_774' title='bbox 868 5396 978 5452; x_wconf 85' lang='lat' dir='ltr'>tamen</span> <span class='ocrx_word' id='word_1_775' title='bbox 999 5388 1063 5453; x_wconf 91' lang='lat' dir='ltr'>Dei</span> <span class='ocrx_word' id='word_1_776' title='bbox 1091 5390 1259 5470; x_wconf 90' lang='lat' dir='ltr'>nostrique</span> <span class='ocrx_word' id='word_1_777' title='bbox 1280 5387 1365 5450; x_wconf 91' lang='lat' dir='ltr'>noti·</span> <span class='ocrx_word' id='word_1_778' title='bbox 1417 5407 1487 5450; x_wconf 88' lang='lat' dir='ltr'>cere</span> <span class='ocrx_word' id='word_1_779' title='bbox 1508 5392 1536 5449; x_wconf 91' lang='lat' dir='ltr'>et</span> <span class='ocrx_word' id='word_1_780' title='bbox 1557 5406 1595 5447; x_wconf 80' lang='lat' dir='ltr'>eu</span> <span class='ocrx_word' id='word_1_781' title='bbox 1617 5385 1723 5446; x_wconf 89' lang='lat' dir='ltr'>animo</span> <span class='ocrx_word' id='word_1_782' title='bbox 1741 5386 1816 5479; x_wconf 79' lang='lat' dir='ltr'>totos</span> <span class='ocrx_word' id='word_1_783' title='bbox 1834 5381 1993 5479; x_wconf 75' lang='lat' dir='ltr'>¹adducent.</span> <span class='ocrx_word' id='word_1_784' title='bbox 2192 5464 2197 5475; x_wconf 30' lang='grc' dir='ltr'>ι</span> <span class='ocrx_word' id='word_1_785' title='bbox 2245 5462 2250 5473; x_wconf 35' lang='grc' dir='ltr'>Ι</span> 
     </span>
    </p>

    <p class='ocr_par' dir='ltr' id='par_1_21' title="bbox 386 5461 2398 5565">
     <span class='ocr_line' id='line_1_71' title="bbox 386 5461 2398 5565; baseline -0.003 -32"><span class='ocrx_word' id='word_1_786' title='bbox 386 5473 434 5534; x_wconf 85' lang='lat' dir='ltr'>tia</span> <span class='ocrx_word' id='word_1_787' title='bbox 455 5480 567 5536; x_wconf 90' lang='lat' dir='ltr'>mutuo</span> <span class='ocrx_word' id='word_1_788' title='bbox 589 5474 675 5535; x_wconf 90' lang='lat' dir='ltr'>inter</span> <span class='ocrx_word' id='word_1_789' title='bbox 697 5492 731 5536; x_wconf 90' lang='lat' dir='ltr'>se</span> <span class='ocrx_word' id='word_1_790' title='bbox 758 5492 846 5534; x_wconf 83' lang='lat' dir='ltr'>nexu</span> <span class='ocrx_word' id='word_1_791' title='bbox 873 5473 939 5536; x_wconf 90' lang='lat' dir='ltr'>sint</span> <span class='ocrx_word' id='word_1_792' title='bbox 962 5474 1147 5556; x_wconf 85' lang='lat' dir='ltr'>colligatae,</span> <span class='ocrx_word' id='word_1_793' title='bbox 1176 5473 1255 5536; x_wconf 92' lang='lat' dir='ltr'>ordo</span> <span class='ocrx_word' id='word_1_794' title='bbox 1278 5478 1365 5535; x_wconf 92' lang='lat' dir='ltr'>recte</span> <span class='ocrx_word' id='word_1_795' title='bbox 1506 5475 1534 5533; x_wconf 80' lang='lat'>2.</span> <span class='ocrx_word' id='word_1_796' title='bbox 1582 5467 1694 5547; x_wconf 78' lang='lat' dir='ltr'>ltaque</span> <span class='ocrx_word' id='word_1_797' title='bbox 1726 5467 1858 5548; x_wconf 67' lang='lat' dir='ltr'>[rapidis</span> <span class='ocrx_word' id='word_1_798' title='bbox 1893 5472 2014 5565; x_wconf 81' lang='lat' dir='ltr'>tantum</span> <span class='ocrx_word' id='word_1_799' title='bbox 2037 5461 2329 5563; x_wconf 19' lang='lat' dir='ltr'>&#39;simulationibus‘</span> <span class='ocrx_word' id='word_1_800' title='bbox 2347 5462 2398 5526; x_wconf 88' lang='lat' dir='ltr'>lu-</span> 
     </span>
    </p>

    <p class='ocr_par' dir='ltr' id='par_1_22' title="bbox 388 5551 2398 5650">
     <span class='ocr_line' id='line_1_72' title="bbox 388 5551 2398 5650; baseline -0.004 -30"><span class='ocrx_word' id='word_1_801' title='bbox 388 5557 525 5621; x_wconf 91' lang='lat' dir='ltr'>docendi</span> <span class='ocrx_word' id='word_1_802' title='bbox 546 5558 690 5640; x_wconf 87' lang='lat' dir='ltr'>postulat</span> <span class='ocrx_word' id='word_1_803' title='bbox 718 5564 756 5622; x_wconf 92' lang='lat' dir='ltr'>ut</span> <span class='ocrx_word' id='word_1_804' title='bbox 781 5556 821 5622; x_wconf 93' lang='lat' dir='ltr'>de</span> <span class='ocrx_word' id='word_1_805' title='bbox 850 5557 907 5621; x_wconf 87' lang='lat' dir='ltr'>illa</span> <span class='ocrx_word' id='word_1_806' title='bbox 933 5558 1041 5639; x_wconf 88' lang='lat' dir='ltr'>priore</span> <span class='ocrx_word' id='word_1_807' title='bbox 1063 5558 1261 5621; x_wconf 88' lang='lat' dir='ltr'>disseramus</span> <span class='ocrx_word' id='word_1_808' title='bbox 1284 5558 1364 5632; x_wconf 91' lang='lat' dir='ltr'>loco,</span> <span class='ocrx_word' id='word_1_809' title='bbox 1419 5555 1505 5633; x_wconf 92' lang='lat' dir='ltr'>dunt,</span> <span class='ocrx_word' id='word_1_810' title='bbox 1533 5552 1648 5634; x_wconf 81' lang='lat' dir='ltr'>quibus</span> <span class='ocrx_word' id='word_1_811' title='bbox 1675 5554 1711 5616; x_wconf 92' lang='lat' dir='ltr'>in</span> <span class='ocrx_word' id='word_1_812' title='bbox 1732 5551 1789 5617; x_wconf 85' lang='lat' dir='ltr'>boc</span> <span class='ocrx_word' id='word_1_813' title='bbox 1819 5554 2173 5650; x_wconf 33' lang='lat' dir='ltr'>quaestiorre&#39;msestere</span> <span class='ocrx_word' id='word_1_814' title='bbox 2198 5553 2398 5646; x_wconf 80' lang='lat' dir='ltr'>propositum</span> 
     </span>
    </p>

    <p class='ocr_par' dir='ltr' id='par_1_23' title="bbox 387 5638 2398 5814">
     <span class='ocr_line' id='line_1_73' title="bbox 387 5638 2398 5732; baseline -0.004 -28"><span class='ocrx_word' id='word_1_815' title='bbox 387 5651 460 5705; x_wconf 87' lang='lat' dir='ltr'>tum</span> <span class='ocrx_word' id='word_1_816' title='bbox 482 5641 524 5706; x_wconf 86' lang='lat' dir='ltr'>ad</span> <span class='ocrx_word' id='word_1_817' title='bbox 545 5645 631 5709; x_wconf 90' lang='lat' dir='ltr'>hauc</span> <span class='ocrx_word' id='word_1_818' title='bbox 653 5643 856 5710; x_wconf 87' lang='lat' dir='ltr'>tractandam</span> <span class='ocrx_word' id='word_1_819' title='bbox 877 5651 989 5726; x_wconf 90' lang='lat' dir='ltr'>postea</span> <span class='ocrx_word' id='word_1_820' title='bbox 1011 5641 1254 5706; x_wconf 86' lang='lat' dir='ltr'>descendamus.</span> <span class='ocrx_word' id='word_1_821' title='bbox 1420 5647 1473 5718; x_wconf 87' lang='lat' dir='ltr'>est,</span> <span class='ocrx_word' id='word_1_822' title='bbox 1491 5638 1570 5720; x_wconf 85' lang='lat' dir='ltr'>quid</span> <span class='ocrx_word' id='word_1_823' title='bbox 1590 5639 1635 5702; x_wconf 86' lang='lat' dir='ltr'>sit</span> <span class='ocrx_word' id='word_1_824' title='bbox 1655 5638 1746 5705; x_wconf 87' lang='lat' dir='ltr'>Deus</span> <span class='ocrx_word' id='word_1_825' title='bbox 1752 5663 1762 5719; x_wconf 90' lang='lat'>‚·</span> <span class='ocrx_word' id='word_1_826' title='bbox 1789 5658 1886 5720; x_wconf 83' lang='lat' dir='ltr'>quum</span> <span class='ocrx_word' id='word_1_827' title='bbox 1907 5642 2032 5732; x_wconf 79' lang='lat' dir='ltr'>intersit</span> <span class='ocrx_word' id='word_1_828' title='bbox 2057 5640 2163 5698; x_wconf 86' lang='lat' dir='ltr'>nostra</span> <span class='ocrx_word' id='word_1_829' title='bbox 2186 5639 2296 5715; x_wconf 85' lang='lat' dir='ltr'>potius</span> <span class='ocrx_word' id='word_1_830' title='bbox 2316 5654 2398 5714; x_wconf 83' lang='lat' dir='ltr'>qua·</span> 
     </span>
     <span class='ocr_line' id='line_1_74' title="bbox 461 5735 2205 5814; baseline -0.005 -18"><span class='ocrx_word' id='word_1_831' title='bbox 461 5742 570 5798; x_wconf 75' lang='lat' dir='ltr'>Caluini</span> <span class='ocrx_word' id='word_1_832' title='bbox 584 5762 675 5814; x_wconf 81' lang='lat' dir='ltr'>opero.</span> <span class='ocrx_word' id='word_1_833' title='bbox 716 5746 773 5800; x_wconf 89' lang='lat' dir='ltr'>Vol.</span> <span class='ocrx_word' id='word_1_834' title='bbox 791 5745 834 5799; x_wconf 92' lang='lat'>11.</span> <span class='ocrx_word' id='word_1_835' title='bbox 1464 5782 1467 5786; x_wconf 83' lang='lat'><em>.</em></span> <span class='ocrx_word' id='word_1_836' title='bbox 2177 5735 2205 5788; x_wconf 82' lang='lat'>3·</span> 
     </span>
    </p>
   </div>
   <div class='ocr_carea' id='block_1_19' title="bbox 0 0 2804 6809">
    <p class='ocr_par' dir='ltr' id='par_1_24' title="bbox 0 0 2804 6809">
     <span class='ocr_line' id='line_1_75' title="bbox 0 0 2804 6809; baseline 0 0"><span class='ocrx_word' id='word_1_837' title='bbox 0 0 2804 6809; x_wconf 95' lang='lat' dir='ltr'> </span> 
     </span>
    </p>
   </div>
  </div>
 </body>
</html>
