5600 6809
383 742 465 806 rora
720 684 1789 809 nm.rv.ennxrnerussmn11ssnslnnrau
1833 739 2054 811 olem
2305 753 2388 816 1074

380 926 505 994 mederi
544 926 639 992 facile
672 924 765 989 erat?
804 945 863 989 our
901 932 970 990 tam
1001 927 1121 1009 supina
1152 926 1357 1010 negligentia
1409 935 1472 993 est:
1496 927 1679 1013 digniorem
1699 951 1817 997 vocare
1845 952 1939 996 suam
1968 934 2263 1015 confirmationem,
2287 957 2386 1019 quam

381 1015 532 1079 omittere
560 1032 614 1076 eos
642 1012 757 1076 sinunt
776 1011 862 1093 quod
887 1011 996 1075 omitti
1019 1012 1090 1076 eine
1112 1013 1205 1095 gravi
1227 1011 1355 1095 piaculo
1409 1014 1474 1079 Dei
1494 1015 1704 1098 baptismum,
1725 1016 1802 1100 quia
1823 1016 1859 1099 in
1881 1038 1920 1082 ea
1940 1019 2031 1084 frons
2053 1020 2124 1085 oleo
2151 1021 2326 1101 inficietur,
2348 1025 2385 1089 in

381 1121 449 1164 non
480 1097 618 1163 licebat?
648 1119 708 1163 cur
735 1117 804 1161 non
830 1096 975 1162 severius
1003 1097 1142 1181 exigrmt
1157 1118 1244 1171 ¹rem
1276 1098 1356 1163 adeo
1407 1098 1568 1183 baptismo
1595 1102 1764 1166 cranium?
1799 1103 1891 1184 quasi
1916 1125 1994 1168 vero
2021 1105 2202 1189 baptismus
2235 1108 2321 1187 oleo,
2351 1117 2386 1175 et

380 1185 597 1250 necessariam
620 1191 653 1246 et
674 1184 744 1248 eine
765 1203 829 1264 qua
851 1182 938 1248 selus
965 1182 1106 1247 obtineri
1126 1204 1193 1247 non
1225 1184 1353 1266 potest?
1408 1206 1476 1250 non
1502 1206 1587 1270 aque
1612 1196 1798 1271 peragatur.
1843 1189 1960 1253 Testor
1987 1212 2065 1256 vero
2092 1193 2163 1274 pios
2190 1214 2316 1272 omnes,
2340 1215 2384 1260 en

380 1272 446 1336 nisi
466 1271 550 1334 forte
567 1269 640 1352 quis
658 1267 766 1333 subita
782 1275 888 1332 morte
909 1267 1120 1351 praepeditus
1141 1269 1248 1332 fuerit.
1282 1267 1354 1334 Soi-
1408 1292 1476 1335 non
1503 1272 1565 1336 hoc
1592 1268 1697 1337 unum
1725 1273 1946 1338 edmolientur
1972 1276 2026 1340 isti
2055 1277 2248 1358 nebulones,
2272 1287 2310 1343 ut
2331 1301 2384 1345 sa·
2463 1321 2467 1328 ·

380 1357 470 1436 licet,
498 1353 577 1419 dum
600 1355 647 1418 ita
674 1354 812 1418 licenter
844 1355 1009 1419 contemni
1041 1354 1227 1436 patiuntur,
1257 1356 1355 1420 tacite
1408 1366 1650 1423 crementorum
1671 1358 1849 1441 puritatem
1870 1361 2030 1425 fermento
2052 1384 2111 1428 suo
2132 1363 2272 1429 vitient?
2302 1365 2384 1431 Dixi

380 1443 525 1507 fatentur
546 1461 612 1504 non
635 1440 719 1504 tenti
741 1460 812 1504 esse
835 1440 949 1522 quenti
966 1439 1147 1505 venditent.
1407 1442 1469 1509 hoe
1488 1443 1574 1520 alibi,
1594 1446 1650 1510 vix
1668 1446 1704 1508 in
1720 1446 1934 1518 sacrementis
1951 1468 2010 1529 per
2027 1448 2165 1513 rimulas
2186 1449 2383 1517 interlucere

469 1532 517 1591 10.
561 1527 732 1592 Postremo
753 1525 965 1604 constituunt,
978 1526 1003 1608 ¹)
1026 1545 1152 1590 sacrem
1171 1525 1256 1590 hano
1273 1546 1354 1590 unc·
1428 1528 1493 1592 uod
1505 1530 1570 1594 Dei
1580 1538 1638 1609 est,
1652 1531 1739 1595 inter
1754 1530 1976 1596 humanarum
1993 1532 2223 1599 inventionum
2240 1538 2381 1604 turbem.

380 1614 505 1677 tionem
526 1611 642 1676 maiori
663 1612 698 1675 in
719 1611 927 1676 veneratione
957 1609 1143 1676 habendam
1164 1632 1355 1695 essequam
1407 1549 1446 1679 fii
1468 1616 1540 1697 quis
1562 1616 1632 1680 eius
1654 1617 1702 1681 rei
1723 1624 1796 1680 tum
1812 1616 1911 1680 fidem
1939 1618 2022 1681 mihi
2037 1605 2113 1684 ⁸non
2135 1619 2289 1700 habebat,
2313 1624 2382 1688 suis

379 1700 592 1782 baptismum,
615 1697 700 1782 quod
721 1696 780 1761 illa
801 1717 1004 1760 summorum
1036 1697 1227 1778 pontificum
1248 1697 1354 1761 meni·
1406 1700 1522 1766 saltem
1539 1702 1706 1785 magistris
1723 1723 1814 1766 nunc
1832 1702 1959 1767 habeat.
1987 1704 2074 1769 Ecce
2088 1706 2266 1789 praeterite
2286 1729 2380 1791 aqua,

380 1785 443 1850 bus
460 1783 670 1867 peculiariter
698 1780 957 1860 administretur,
985 1780 1168 1865 baptismus
1190 1783 1230 1847 ab
1248 1783 1353 1847 omni-
1404 1792 1439 1850 et
1465 1786 1556 1850 nullo
1583 1808 1720 1852 numero
1753 1786 1872 1867 habita,
1896 1810 2001 1853 unum
2022 1791 2130 1854 oleum
2156 1792 2193 1853 in
2222 1793 2383 1875 baptismo

379 1871 441 1935 bus
468 1869 649 1953 vulgariter
675 1866 896 1933 sacerdotibus
923 1865 1137 1933 distribuitur.
1181 1865 1271 1947 Quid
1299 1868 1353 1934 hio
1404 1872 1651 1955 magnifaciunt
1701 1873 1771 1938 Nos
1803 1894 1882 1956 ergo
1910 1882 2026 1940 eontra
2054 1875 2202 1955 dicimus,
2237 1880 2273 1941 in
2300 1880 2381 1962 bap-

380 1956 470 2021 dices
490 1956 556 2019 nisi
572 1954 669 2038 plane
689 1954 828 2018 furiosos
846 1974 926 2032 esse,
945 1954 1001 2036 qui
1022 1955 1089 2018 suis
1110 1954 1353 2020 inventionibus
1405 1959 1502 2022 tismo
1535 1979 1661 2041 quoque
1687 1959 1830 2023 frontem
1857 1980 1941 2042 aque
1968 1959 2062 2044 tingi.
2113 1962 2295 2041 Praebeo,
2323 1986 2382 2030 ve·

379 2043 426 2106 ita
446 2040 660 2107 blandiuntur
676 2048 715 2104 ut
731 2060 810 2122 prae
826 2040 905 2122 ipsis
929 2046 1151 2104 sacrosanctas
1172 2037 1238 2104 Dei
1258 2040 1352 2104 insti-
1405 2051 1510 2107 strum
1536 2043 1646 2108 oleum
1673 2065 1740 2108 non
1768 2044 1866 2110 unius
1899 2046 2052 2112 stercoris
2078 2048 2230 2127 facimus,
2252 2050 2380 2116 sivein

378 2127 523 2192 tutiones
544 2147 658 2191 secure
681 2124 914 2189 contemnent?
959 2123 1007 2191 Os
1035 2125 1243 2208 sacrilegum,
1273 2132 1352 2190 tune
1403 2129 1574 2213 baptismo,
1597 2129 1724 2195 sivein
1741 2131 1996 2197 confirmatione.
2041 2130 2189 2212 Quodsi
2212 2135 2285 2217 quis
2328 2135 2381 2201 lu·

379 2211 614 2296 pinguedinem
639 2212 762 2276 foetore
789 2209 952 2276 duntaxat
978 2210 1143 2275 anhelitus
1172 2211 1219 2275 tui
1242 2211 1349 2294 inqui·
1405 2216 1451 2279 ris
1472 2213 1573 2281 vendi
1600 2214 1734 2299 alleget,
1763 2215 1821 2282 bac
1842 2218 1942 2298 pretii
1968 2221 2141 2283 emersione
2161 2221 2192 2284 ei
2209 2221 2288 2302 quid
2305 2158 2381 2286 boae·

380 2305 508 2376 netem,
537 2305 572 2361 et
598 2296 773 2362 verborum
804 2317 974 2361 murmure
1006 2297 1221 2375 incantatam,
1249 2296 1355 2362 eudes
1403 2301 1526 2382 alioqui
1553 2302 1667 2366 inesset
1694 2302 1840 2380 utimur,
1862 2307 1985 2367 umam
2012 2304 2097 2368 obest
2113 2309 2150 2369 at
2167 2305 2254 2387 furto
2274 2307 2380 2372 vendi·

380 2383 507 2449 Christi
528 2390 733 2448 sacramento
754 2403 773 2445 o
795 2403 927 2465 ponere,
949 2390 983 2446 et
1004 2382 1150 2447 conferre
1170 2402 1246 2446 cum
1268 2404 1352 2466 aqua
1403 2391 1472 2451 iare
1492 2386 1583 2451 liceat
1608 2386 1824 2468 foedissimam
1850 2389 2064 2470 imposturam.
2107 2391 2219 2456 Tertia
2251 2392 2379 2457 ratione

379 2470 479 2534 verbo
488 2469 553 2534 Dei
564 2404 795 2534 sanctificata?
810 2468 860 2532 At
869 2489 987 2550 parum
997 2467 1060 2533 hoo
1071 2467 1181 2550 ipsum
1193 2476 1350 2533 erattuae
1403 2471 1607 2553 impietatem
1631 2492 1725 2537 suem
1752 2473 1945 2552 traducunt,
1973 2473 2052 2538 dum
2078 2476 2185 2542 maius
2218 2477 2380 2543 virtutum

378 2553 589 2637 improbitati,
612 2554 676 2619 nisi
697 2554 798 2619 etiem
818 2555 1008 2636 praeferres.
1041 2553 1134 2618 Haeo
1156 2560 1234 2618 sunt
1255 2575 1351 2619 sene-
1404 2563 1618 2641 augmentum
1636 2559 1776 2623 conferri
1792 2559 2088 2625 inconfirmatione
2101 2563 2260 2644 garriunt,
2279 2583 2379 2646 quem

379 2647 432 2705 tae
453 2640 540 2705 sedis
561 2660 729 2722 response,
758 2638 840 2704 haec
862 2639 1031 2722 apostolici
1053 2639 1190 2721 tripodis
1209 2639 1348 2705 oracula
1402 2643 1437 2706 in
1459 2641 1631 2725 baptismo.
1665 2644 1879 2726 Impositione
1895 2667 2055 2710 manuum
2077 2648 2214 2730 apostoli
2234 2647 2380 2714 visibiles

379 2723 447 2791 Sed
463 2725 596 2809 quidem
613 2746 726 2790 eorum
743 2724 838 2802 hano,
853 2744 1049 2808 suaquoque
1108 2725 1219 2790 inione
1235 2726 1351 2790 effrae-
1403 2727 1537 2811 spiritus
1559 2729 1682 2813 gratias
1703 2729 1984 2796 administrarent
2029 2729 2103 2811 Qua
2124 2733 2161 2797 in
2182 2754 2219 2797 re
2239 2733 2380 2799 istorum

378 2832 465 2890 nem,
487 2812 650 2876 insaniem
673 2816 851 2893 coeperunt
865 2810 1002 2892 paulum
1019 2831 1052 2873 m
1095 2811 1190 2876 erari.
1221 2811 1350 2891 Maiori,
1403 2814 1460 2896 pin
1508 2813 1568 2878 edo
1590 2835 1625 2879 se
1646 2813 1841 2880 foecundam
1863 2815 2027 2879 ostendit?
2073 2815 2141 2882 Sed
2169 2819 2302 2885 valeant
2322 2818 2379 2886 isti

377 2897 540 2979 inquiunt,
550 2896 580 2981 2)
608 2897 819 2961 veneratione
846 2894 983 2961 colenda
1007 2903 1070 2960 est:
1099 2898 1182 2961 forte
1214 2916 1282 2961 non
1309 2896 1350 2961 ob
1403 2920 1458 2964 mo
1482 2907 1642 2979 eretores,
1664 2901 1720 2983 qui
1747 2900 1956 2983 saerilegium
1981 2923 2087 2965 unum
2115 2904 2229 2968 multis
2247 2906 2379 2971 sacrile-

377 2983 535 3047 meiorem
566 2983 724 3052 virtutem
745 2989 778 3046 et
799 2981 974 3047 utilitatem
996 3003 1095 3064 quam
1117 2984 1271 3061 conferat,
1294 2980 1353 3048 sed
1403 2986 1467 3068 giis
1494 2986 1653 3068 operiunt.
1702 2983 1817 3051 Nodus
1839 2984 2017 3069 gordianus
2045 2995 2109 3066 est,
2130 3010 2227 3071 quem
2246 2989 2379 3055 ebrum·

378 3070 456 3151 quie
477 3089 497 3132 a
518 3067 719 3152 dignioribus
747 3067 858 3146 detur,
881 3067 971 3132 etin
993 3066 1133 3150 digniori
1155 3077 1248 3150 parte
1280 3090 1351 3133 cor·
1402 3091 1481 3154 pere
1502 3072 1607 3137 satius
1628 3071 1672 3137 eit
1693 3091 1791 3155 quem
1813 3072 1850 3135 in
1872 3070 2079 3138 dissolvendo
2100 3080 2269 3157 tantopere
2288 3075 2381 3161 labo-¹

377 3155 530 3237 porisfit,
552 3153 587 3217 id
608 3154 715 3218 estin
736 3154 857 3233 fronte;
879 3153 934 3218 vel
955 3154 1033 3236 quia
1054 3154 1160 3218 maius
1193 3174 1351 3236 augmen-
1402 3178 1485 3222 rare.

377 3246 450 3302 turn
469 3240 633 3304 virtutum
661 3246 814 3321 praestat,
836 3239 913 3305 licet
934 3237 1117 3321 baptismus
1138 3239 1213 3322 plus
1235 3239 1277 3303 ed
1298 3261 1351 3303 re-
1477 3246 1540 3307 ⁴12.
1584 3242 1658 3307 Iam
1691 3262 1769 3308 vero
1797 3264 1900 3325 quum
1931 3244 2032 3309 verbo
2064 3244 2130 3309 Dei
2159 3250 2193 3309 et
2218 3244 2378 3327 probabili

376 3324 567 3388 missionem
598 3324 715 3391 valeat
759 3325 887 3389 Verum
906 3325 1014 3407 prima
1035 3325 1162 3389 ratione
1183 3345 1294 3389 nonne
1316 3346 1351 3389 se
1402 3328 1529 3393 ratione
1547 3327 1642 3394 defici
1663 3349 1699 3393 se
1716 3327 1839 3407 vident,
1862 3336 2063 3411 praetexunt
2083 3328 2170 3412 quod
2182 3331 2297 3408 solent,
2320 3353 2378 3397 ve-

375 3409 568 3494 Donatistes
600 3408 757 3492 produnt,
780 3412 836 3493 qui
862 3410 931 3476 vim
949 3411 1144 3475 sacramenti
1166 3430 1186 3474 a
1206 3410 1351 3474 ministri
1402 3414 1619 3480 tustissimam
1635 3434 1707 3479 esse
1728 3413 1814 3478 hano
1845 3414 2121 3493 observationem,
2145 3423 2178 3478 et
2198 3417 2378 3482 multorum

377 3494 536 3579 dignitate
568 3495 764 3560 aestimant?
809 3497 904 3575 Faxo
925 3504 1044 3574 tamem
1067 3503 1200 3562 vocetur
1222 3495 1351 3579 dignior
1403 3499 1608 3565 saeculorum
1636 3519 1796 3565 consensu
1822 3502 1997 3565 firmatam.
2047 3501 2187 3566 Etiamsi
2205 3501 2240 3567 id
2261 3523 2378 3568 verum

376 3581 581 3645 confirmatio
608 3603 629 3646 e
646 3580 804 3665 dignitate
832 3582 1022 3664 episcopalis
1048 3602 1174 3647 manus.
1225 3579 1294 3646 Sed
1322 3583 1350 3646 si
1403 3592 1503 3665 esset,
1529 3585 1614 3649 nihil
1637 3591 1750 3650 tamen
1777 3586 1936 3652 efficiunt:
1958 3607 2026 3650 non
2047 3592 2177 3651 eterra
2198 3595 2378 3654 estseera·

376 3667 449 3748 quis
482 3667 522 3732 ab
555 3667 621 3732 illis
654 3668 837 3733 suacitetur
873 3667 960 3732 unde
993 3673 1085 3732 tanta
1117 3668 1351 3751 praerogative
1402 3681 1561 3751 mentum,
1580 3669 1638 3736 sed
1655 3693 1673 3735 e
1689 3670 1792 3751 coelo;
1813 3693 1882 3736 non
1903 3693 1945 3736 ex
1962 3671 2159 3751 hominibus,
2178 3672 2235 3738 sed
2253 3674 2294 3739 ab
2311 3695 2378 3738 uno

376 3752 535 3834 episcopis
552 3750 660 3818 delate
676 3752 785 3833 firerit,
803 3775 903 3836 quam
920 3754 1081 3818 rationem
1100 3754 1238 3819 afferent
1254 3774 1349 3836 prae-
1402 3755 1484 3822 Deo.
1528 3758 1639 3823 Deum
1666 3777 1745 3822 suec
1774 3758 2030 3823 confirmationis
2059 3765 2208 3823 autorem
2238 3760 2379 3842 probent

376 3846 428 3901 ter
449 3859 544 3903 suem
565 3837 755 3903 libidinem?
790 3836 861 3905 Soli
882 3839 1021 3924 apostoli
1041 3861 1079 3904 eo
1096 3840 1168 3904 iure
1189 3840 1240 3903 usi
1263 3846 1349 3917 sunt,
1403 3850 1545 3926 oportet,
1569 3844 1597 3906 si
1619 3851 1863 3908 sacramentum
1892 3842 2007 3908 heberi
2033 3843 2158 3908 volunt
2204 3841 2273 3908 Sed
2300 3842 2379 3927 quid

376 3925 432 4004 qui
460 3924 520 3988 soli
548 3925 700 4006 spiritum
726 3932 876 3991 sanetum
908 3926 1155 3990 distribuerunt.
1206 3926 1262 3989 An
1289 3925 1350 3990 soli
1401 3934 1601 3994 vetustatem
1632 3927 1810 4007 obiectant,
1843 3949 1946 4012 quum
1973 3935 2114 4007 veteres,
2143 3925 2221 3992 dum
2248 3931 2380 4013 proprie

375 4009 518 4092 episcopi
538 4009 694 4091 apostoli?
723 4011 790 4074 imo
812 4032 855 4075 an
874 4012 1009 4076 omnino
1031 4010 1190 4093 apostoli?
1223 4010 1350 4076 Demus
1401 4013 1490 4096 loqui
1507 4012 1631 4091 volunt,
1652 4034 1817 4096 nusquam
1833 4014 1931 4096 plura
1948 4012 2074 4079 duobus
2096 4016 2309 4080 sacrementis
2326 4035 2380 4080 re-

374 4100 487 4160 temen
508 4101 542 4159 et
561 4094 665 4160 istud:
692 4117 752 4161 cur
772 4117 841 4160 non
862 4096 977 4161 eodem
998 4106 1192 4179 argumento
1215 4102 1349 4160 conten·
1403 4098 1579 4165 censeant?
1630 4095 1669 4164 Si
1697 4097 1737 4162 eb
1762 4099 1950 4165 hominibus
1982 4098 2160 4184 petendum
2188 4106 2274 4163 esset
2300 4099 2379 4165 fidei

376 4178 468 4259 dunt,
487 4181 566 4246 solis
582 4181 739 4264 episeopis
754 4189 997 4247 sacramentum
1014 4181 1184 4264 sanguinis
1199 4181 1236 4243 in
1248 4202 1351 4246 coena
1403 4192 1534 4250 nostrae
1551 4184 1761 4267 praesidium,
1780 4185 1940 4250 habemus
1957 4206 2066 4251 arcem
2079 4184 2379 4266 inexpugnabilem,

374 4263 511 4330 Domini
531 4265 761 4349 attingendum
771 4266 863 4332 esse?
881 4265 966 4350 quod
984 4267 1076 4332 laicis
1094 4263 1167 4331 ideo
1185 4266 1351 4350 denegant
1403 4289 1572 4353 nunquam
1604 4269 1772 4337 veteribus
1805 4271 1918 4356 agnita
1947 4270 2048 4337 firisse
2073 4289 2133 4352 pro
2164 4269 2379 4337 sacramentis

311 4428 314 4438 1
375 4353 452 4432 quie
472 4352 549 4417 solis
569 4351 722 4435 apostolis
740 4373 760 4417 a
781 4350 926 4417 Domino
954 4352 1067 4417 datum
1088 4352 1195 4416 fuerit
1239 4349 1278 4417 Si
1298 4373 1351 4418 so-
1403 4378 1487 4438 quee
1516 4356 1572 4420 isti
1599 4363 1805 4421 sacramenta
1835 4357 2069 4421 ementiuntur.
2131 4353 2184 4418 De
2217 4376 2378 4422 manuum

374 4433 416 4499 lis
438 4437 605 4519 apostolis,
623 4459 682 4503 cur
701 4458 766 4502 non
786 4438 947 4517 inferunt,
970 4459 1047 4521 ergo
1069 4437 1147 4503 solis
1170 4438 1349 4521 episcopis?
1402 4442 1607 4524 impositione
1628 4441 1808 4524 loquuntur
1828 4449 1956 4508 veteres
1962 4465 1971 4519 ;
1994 4440 2051 4513 sed
2073 4461 2115 4503 en
2136 4447 2379 4507 sacramentum

375 4517 444 4585 Sed
465 4523 627 4604 apostolos
648 4544 686 4588 eo
704 4523 775 4590 loco
796 4523 960 4607 simplices
981 4524 1192 4607 presbyteros
1209 4524 1350 4604 faciunt3
1403 4528 1545 4595 vocant?
1589 4528 1799 4611 Augustinus
1814 4530 1839 4612 ¹)
1862 4533 1975 4610 aperte
2006 4526 2156 4604 affirmat,
2180 4524 2265 4588 nihil
2287 4526 2379 4592 eliud

375 4625 464 4670 nune
486 4610 604 4690 capitis
626 4610 752 4693 vertigo
771 4610 835 4674 elio
853 4630 908 4674 eos
930 4611 1017 4692 repit
1034 4616 1073 4674 ut
1096 4608 1210 4674 subito.
1227 4611 1351 4692 episeo-
1403 4634 1474 4679 esse
1496 4635 1595 4696 quem
1615 4614 1804 4679 orationem
1848 4613 1963 4695 Neque
1985 4611 2039 4675 hic
2061 4609 2143 4673 mihi
2165 4610 2288 4692 putidis
2309 4613 2377 4678 suis

374 4711 433 4772 pos
455 4698 574 4756 creent.
618 4694 790 4761 Postremo
812 4716 881 4760 non
903 4703 975 4761 eret
996 4695 1161 4779 apostolus
1192 4695 1350 4775 Ananias,
1403 4698 1667 4766 distinctionibus
1695 4697 1913 4783 obganniant,
1936 4716 2003 4760 non
2032 4692 2075 4758 ed
2100 4696 2376 4762 confirmatoriam

376 4775 418 4839 ad
439 4797 536 4859 quem
557 4789 669 4843 temen
690 4782 817 4847 Paulus
839 4782 958 4847 misem
976 4789 1028 4846 est
1043 4788 1081 4846 ut
1096 4782 1206 4847 visum
1228 4782 1350 4865 recipe-
1402 4786 1629 4869 Augustinum
1654 4784 1737 4848 illud
1763 4782 1921 4859 retulisse,
1944 4778 2002 4845 sed
2030 4782 2226 4845 curatoriam
2248 4783 2301 4848 vel
2322 4792 2376 4848 re'-

375 4868 443 4941 ret,
465 4862 700 4946 baptizaretur,
719 4874 753 4931 et
773 4868 967 4951 impleretur
988 4868 1105 4952 spiritu
1128 4874 1239 4933 sancto
1261 4866 1349 4953 (Act
1403 4871 1665 4937 conciliatoriam.
1705 4869 1826 4932 Exstat
1848 4866 1931 4932 liber
1952 4872 1986 4930 et
2012 4867 2048 4930 in
2070 4866 2241 4931 hominum
2269 4869 2376 4934 meni·

376 4946 490 5031 9,17).
525 4947 657 5013 Addam
679 4955 713 5011 et
732 4951 794 5016 hoo
816 4952 859 5018 ed
880 4955 1063 5020 cumulum:
1086 4953 1114 5019 si
1140 4954 1212 5018 iure
1239 4953 1350 5019 divino
1401 4957 1465 5022 bus
1486 4967 1650 5024 versatur:
1673 4953 1758 5017 siin
1780 4951 1882 5016 elium
1908 4973 2041 5016 sensum
2074 4950 2250 5036 detorqueo
2277 4975 2376 5038 quem

375 5035 545 5115 proprium
572 5034 635 5098 hoo
655 5055 777 5098 munus
803 5039 1030 5121 episcoporum
1058 5041 1174 5118 fueret,
1202 5061 1262 5105 cur
1279 5039 1351 5105 ausi
1402 5043 1612 5127 Augustinus
1639 5040 1709 5119 ipse
1731 5037 1871 5121 scripsit,
1890 5035 1984 5116 cedo,
2006 5058 2074 5103 non
2095 5038 2247 5104 convitiis
2268 5038 2374 5120 modo,

376 5119 524 5184 suntad
554 5118 697 5202 plebeios
724 5121 933 5204 presbyteros
961 5123 1159 5188 transferre?
1194 5126 1350 5207 quemad·
1401 5150 1462 5211 pro
1484 5126 1610 5194 solenni
1633 5144 1691 5188 suo
1711 5144 1811 5204 more,
1834 5123 1892 5189 sed
1914 5124 2019 5207 sputis
2039 5145 2093 5188 me
2115 5124 2262 5190 obruant
2306 5126 2375 5191 Lo·-

374 5203 508 5269 modum
529 5206 564 5269 in
586 5205 727 5287 quadem
748 5204 902 5288 Gregorii
924 5206 1062 5289 epistole
1077 5206 1208 5291 legitur.
1216 5209 1246 5294 ⁸)
1402 5216 1513 5296 quitur
1530 5212 1618 5274 enim
1637 5207 1677 5272 de
1698 5208 1739 5274 iis
1761 5210 1817 5292 qui
1839 5231 1859 5273 a
1880 5210 2055 5275 schismate
2077 5208 2119 5275 ad
2135 5210 2288 5277 ecclesiae
2300 5210 2375 5278 uni·

464 5294 512 5355 ll.
557 5291 672 5356 Altera
692 5292 777 5356 ratio
794 5311 893 5374 quam
909 5290 1035 5371 fiivola‚
1054 5293 1166 5374 inepte
1183 5300 1217 5356 et
1234 5295 1350 5360 stolida
1401 5307 1505 5363 tatem
1522 5293 1682 5359 redibant
1721 5295 1790 5360 Eos
1816 5296 1987 5378 iteratione
2018 5294 2173 5380 baptismi
2199 5317 2280 5379 opus
2313 5295 2374 5361 he·

1402 5385 1478 5449 bere
1499 5387 1614 5464 negat;
1641 5381 1790 5465 sufficere
1817 5383 1905 5449 enim
1929 5403 2089 5447 manuum
2122 5382 2372 5464 impositionem,

376 5466 579 5474 ——-——-

446 5583 475 5704 εξ
493 5583 521 5636 c.
548 5583 589 5635 ne
606 5582 649 5634 ea
667 5599 740 5648 vero,
760 5582 854 5635 arem
872 5581 992 5635 marne.
1085 5581 1116 5649 a)
1133 5582 1209 5636 εἰει.
1227 5581 1253 5635 4.
1272 5585 1345 5638 sent.
1401 5556 1604 5562 “—

376 5651 439 5704 dist.
476 5669 523 5705 ‚e
541 5649 566 5704 2.
634 5650 665 5718 3)
684 5652 753 5704 Dist.
771 5649 813 5704 95.
832 5667 871 5704 ce
889 5651 1023 5720 pervenit.
1469 5652 1498 5720 1)
1516 5655 1591 5708 Libr.
1609 5653 1634 5708 3.
1653 5654 1687 5708 de
1705 5655 1846 5724 Baptismo
1864 5661 1959 5710 eontra
1976 5653 2110 5707 Donatist.
2129 5670 2151 5706 e.
2171 5653 2211 5708 16.

480 5736 591 5792 Geloiei
602 5752 694 5806 opere.
735 5735 794 5791 Vol.
808 5733 853 5791 11.
1042 5810 1044 5816 Ι
1434 5734 1448 5766 ⁸
2134 5737 2169 5792 68
