5600 6809
411 768 472 831 aa
750 763 840 829 616.
863 764 910 830 6.
952 763 1017 830 66
1039 759 1327 830 acommoda
1349 762 1803 831 66166661616616.
1847 766 1947 833 611.
1969 767 2067 834 161
2160 729 2164 738 ’
2351 773 2418 838 611

410 954 516 1021 vitam
539 955 608 1019 eius
629 973 740 1019 earam
762 953 855 1017 nobis
878 973 948 1017 esse
969 952 1043 1016 1611
1063 972 1101 1017 ae
1121 952 1298 1034 pretiosam
1305 975 1313 1033 ;
1341 953 1386 1018 si·
1427 917 1503 1016 ‘Dei
1535 951 1675 1032 cultum;
1709 952 1797 1036 quod
1826 977 1864 1020 eo
1892 957 2035 1037 sublato,
2069 958 2226 1041 quidquid
2258 961 2346 1025 inter
2377 980 2414 1026 se

407 1040 479 1105 mul
511 1062 589 1124 ergo
619 1037 764 1123 postulat
794 1058 877 1120 quac
910 1036 952 1101 ad
984 1037 1074 1103 111166
1105 1039 1386 1103 conservationem
1438 1038 1625 1119 aequitatis,
1642 1040 1869 1121 continentiae,
1894 1044 2127 1125 temperantiae
2151 1045 2300 1111 homines
2318 1068 2414 1112 exer-
2471 1071 2474 1087 ¹

408 1126 549 1193 66616111
575 1131 712 1208 possunt
738 1125 844 1189 officia
872 1125 1025 1189 caritatis.
1069 1124 1179 1206 Atque
1206 1125 1253 1187 ita
1274 1122 1385 1189 videre
1438 1130 1521 1199 cent,
1548 1123 1648 1188 inane
1664 1132 1726 1190 est
1754 1147 1791 1191 ae
1818 1128 1972 1194 frivolum
2000 1148 2110 1195 coram
2136 1130 2217 1195 Deo.
2262 1133 2413 1198 Dicimus

409 1220 462 1278 est
483 1219 521 1277 ut
542 1232 671 1294 semper
691 1211 786 1275 nobis
807 1210 882 1275 finis
902 1210 1068 1293 praecepti
1089 1216 1213 1274 reseret
1228 1208 1386 1292 quidquid
1437 1210 1561 1274 fontem
1589 1217 1624 1275 61
1651 1211 1816 1293 661111616;
1851 1214 1928 1297 6616
1957 1237 1999 1280 ex
2027 1235 2064 1280 eo
2099 1215 2228 1281 diseunt
2261 1217 2413 1285 homines

408 1297 476 1364 illio
497 1298 604 1363 facere
626 1304 685 1362 aut
705 1297 859 1362 iubemur
880 1303 938 1360 661
959 1304 1118 1361 vetamur.
1437 1300 1659 1378 temperanter
1685 1316 1723 1363 ac
1751 1300 1822 1362 sine
1855 1301 2013 1365 maleficio
2044 1302 2133 1365 inter
2159 1322 2195 1366 se
2222 1302 2349 1381 vivere,
2383 1305 2412 1370 si

498 1387 546 1448 10.
592 1382 661 1448 Gur
682 1392 793 1447 autem
820 1383 911 1446 Dens
932 1381 981 1445 ita
1001 1380 1093 1445 velut
1120 1379 1263 1444 dimidiis
1290 1401 1384 1463 prae-
1436 1383 1546 1446 Deum
1567 1389 1777 1461 venerantur,
1800 1392 1958 1467 tanquam
1986 1387 2065 1451 recti
2087 1393 2120 1450 et
2140 1387 2243 1469 iniqui
2260 1387 2412 1455 iudicem.

408 1470 521 1552 ceptis,
543 1489 602 1551 per
623 1466 846 1554 synecdochae
868 1467 1061 1550 significarit
1080 1467 1186 1549 magis
1208 1466 1287 1550 quid
1315 1467 1383 1532 161·
1436 1466 1580 1532 Proinde
1601 1468 1709 1549 priore
1736 1468 1850 1535 tabula
1879 1470 1921 1535 ad
1941 1473 2097 1554 pietatem
2123 1479 2157 1537 61
2183 1475 2315 1555 6166116
2335 1476 2412 1539 reli-

408 1555 453 1620 let
475 1575 576 1637 quam
603 1554 814 1638 expresserit,
843 1573 944 1635 quum
972 1552 1055 1616 61166
1086 1573 1213 1634 quoquo
1241 1553 1383 1617 rationes
1437 1554 1543 1637 gionis
1565 1554 1679 1632 officia,
1703 1555 1820 1636 quibus
1841 1558 1995 1622 maiestas
2018 1579 2078 1622 sua
2105 1558 2241 1622 colenda
2263 1567 2328 1639 est,
2351 1581 2412 1626 nos

408 1639 502 1706 reddi
523 1638 657 1716 soleant,
677 1640 758 1704 haec
774 1638 858 1702 mihi
874 1639 910 1701 16
932 1638 1046 1720 6111616
1066 1637 1186 1719 placet:
1210 1639 1287 1719 quia
1308 1659 1382 1721 pec-
1435 1639 1596 1716 instituit;
1619 1639 1723 1703 altera
1744 1643 1937 1723 praescribit
1957 1642 2118 1724 quomodo
2146 1651 2279 1727 propter
2305 1646 2412 1709 nomi-

409 1733 557 1794 ecorum
578 1725 776 1801 foeditatem,
799 1724 861 1788 nisi
884 1724 939 1788 ubi
967 1723 1137 1806 palpabilis
1160 1730 1219 1801 661,
1249 1722 1381 1802 diluere,
1435 1726 1487 1789 nis
1514 1724 1566 1788 sui
1593 1724 1745 1789 timorem
1771 1748 1831 1792 nos
1857 1729 1892 1791 in
1919 1729 2090 1793 hominum
2117 1729 2270 1794 societate
2298 1752 2412 1814 gerere

409 1819 443 1877 61
464 1812 617 1895 speciosis
637 1808 861 1894 praetextibus
888 1808 1044 1873 inducere
1071 1829 1201 1891 semper
1221 1830 1296 1874 caro
1313 1831 1383 1873 mo·
1437 1808 1620 1874 debeamus.
1666 1808 1743 1891 Qua
1763 1814 1889 1878 ratione
1910 1815 2073 1878 Dominus
2102 1822 2212 1879 noster
2236 1813 2289 1897 (ut
2310 1836 2412 1880 evan·

408 1897 497 1976 litur,
521 1896 608 1979 quod
626 1897 750 1962 616116
767 1915 960 1977 unoquoque
977 1894 1247 1978 transgressionis
1264 1916 1383 1979 genere
1435 1896 1571 1978 gelistae
1592 1896 1740 1960 referunt
1757 1898 1875 1962 Matth.
1896 1903 1946 1976 22,
1971 1903 2010 1962 37
2016 1923 2025 1978 ;
2052 1900 2134 1965 Luc.
2158 1905 2205 1978 10,
2225 1899 2281 1982 27)
2303 1901 2411 1984 legem

408 1983 622 2049 deterrimum
643 1990 677 2047 61
698 1980 977 2059 6661661166116616,
1000 1981 1196 2063 exemplaris
1218 1981 1287 2046 loco
1308 2003 1383 2064 pro-
1436 1989 1539 2045 totam
1566 1981 1755 2046 summatim
1781 1984 1816 2047 in
1844 1984 1910 2048 duo
1933 1986 2040 2067 666116
2062 1984 2206 2069 collegit,
2240 1994 2279 2049 ut
2300 1987 2411 2051 Deum

407 2069 530 2152 666611,
561 2069 652 2134 66166
679 2067 722 2132 ad
749 2066 897 2132 auditum
925 2087 1039 2131 sensns
1061 2087 1188 2148 quoque
1210 2067 1383 2132 exhorres·
1436 2089 1478 2132 ex
1499 2074 1567 2131 toto
1589 2066 1695 2146 corde,
1719 2089 1761 2132 ex
1782 2076 1852 2132 tota
1872 2069 1997 2148 6611116,
2026 2092 2068 2135 ex
2092 2073 2170 2134 totis
2191 2072 2315 2137 viribus
2338 2072 2411 2136 dili-

406 2166 505 2233 oeret,
527 2174 592 2237 quo
612 2154 771 2218 maiorem
790 2153 914 2236 peccati
941 2150 1114 2217 cuiuslibet
1136 2151 1383 2217 detestationem
1436 2173 1552 2236 gamus
1559 2175 1567 2231 ;
1583 2161 1622 2217 ut
1634 2154 1822 2235 proximum
1836 2157 2215 2221 amemussicutnosmet
2231 2158 2326 2238 ipsos.
2350 2159 2412 2222 Vi·
2536 2187 2538 2194 ·

406 2241 528 2306 animis
550 2241 672 2304 nostris
693 2240 904 2321 imprimeret.
949 2238 1022 2303 Hoc
1044 2239 1138 2302 nobis
1155 2239 1294 2321 imponit
1313 2260 1383 2304 666-
1437 2237 1870 2321 desuteduabuspartibus,
1883 2241 2226 2325 quibustetamlegem
2235 2243 2409 2323 concludit,
2516 2298 2518 2301 .

404 2327 482 2410 pius
509 2327 545 2390 in
573 2324 784 2392 aestimandis
810 2324 914 2400 vitiis,
938 2323 1031 2406 quod,
1066 2323 1095 2387 si
1127 2325 1264 2388 tectior-a
1295 2331 1382 2403 6661,
1436 2324 1620 2388 6116161616
1630 2325 1741 2389 116661
1757 2325 1887 2409 dirigat,
1911 2327 2049 2391 aiteram
2061 2326 2248 2392 hominibus
2260 2328 2409 2395 destinet

406 2412 586 2478 elevamus.
630 2411 701 2476 Has
721 2409 915 2497 praestigias
937 2409 1099 2474 Dominus
1119 2408 1260 2487 discutit,
1283 2430 1385 2492 quum
1525 2413 1573 2473 12.
1617 2410 1759 2487 Verum,
1793 2432 1977 2494 quanquam
2009 2413 2165 2478 universa
2196 2413 2251 2477 lex
2284 2414 2411 2481 duobus

406 2519 471 2563 nos
492 2497 664 2562 assuefacit
684 2492 873 2561 6611616616
894 2493 1049 2560 vitiorum
1070 2495 1317 2559 multitudinem
1339 2495 1381 2560 ad
1436 2497 1596 2578 capitibus
1617 2504 1770 2560 contenta
1790 2504 1849 2575 est,
1872 2498 1964 2562 Deus
1984 2505 2096 2563 tamen
2117 2506 2236 2577 noster,
2255 2511 2410 2581 6666111-

405 2583 493 2648 haec
523 2583 631 2665 capita
651 2583 781 2660 referre,
814 2600 897 2663 quae
930 2581 1052 2662 optime
1083 2586 1245 2663 quantum
1273 2581 1317 2644 sit
1347 2581 1383 2644 in
1437 2603 1513 2646 nem
1534 2583 1753 2646 excusationis
1779 2590 1987 2665 praetextum
2009 2583 2153 2662 16116161,
2183 2584 2287 2649 161611
2307 2586 2411 2651 fusius

404 2689 607 2752 unoquoquo
660 2687 778 2752 genere
827 2665 1076 2731 abominationis
1126 2674 1381 2750 repraesentant
1436 2675 1470 2731 et
1492 2666 1684 2749 explicatius
1708 2666 1822 2732 decem
1840 2671 2022 2751 praeceptis
2043 2689 2197 2734 enarrare
2219 2678 2290 2734 tum
2312 2692 2412 2753 quae-

403 2754 567 2837 leempli
587 2755 700 2837 gratia
721 2753 772 2817 ira
793 2751 957 2817 etodium
979 2773 1045 2816 non
1067 2773 1170 2835 usque
1191 2750 1382 2817 6116661166-
1436 2774 1562 2834 cunque
1583 2753 1624 2816 ad
1647 2753 1813 2831 honorem,
1836 2755 1997 2834 timorem,
2017 2777 2162 2820 amorem
2184 2756 2235 2819 sui
2253 2764 2410 2838 spectant,

404 2839 702 2923 erandaputantur
721 2838 817 2917 16616,
846 2858 948 2920 66616
974 2838 1041 2903 6616
1063 2838 1249 2902 6661161166
1271 2838 1382 2921 appel·
1436 2846 1506 2902 tum
1527 2859 1610 2920 quae
1632 2836 1674 2903 ad
1692 2840 1862 2903 caritatem
1889 2841 2068 2923 pertinent,
2097 2862 2195 2923 666111
2223 2851 2412 2924 616616166

404 2925 536 3004 1611161;
566 2933 601 2990 61
626 2938 726 3007 66616
753 2922 995 2988 interdicuntur
1021 2923 1114 2988 66116
1136 2924 1196 2988 661
1216 2922 1379 2989 homicidii
1435 2925 1542 3006 ipsum
1561 2923 1656 2989 nobis
1678 2945 1757 3008 erga
1778 2924 1929 2989 homines
1950 2926 2093 2991 mandat.
2138 2926 2207 2991 Nec
2224 2928 2260 2990 in
2279 2926 2412 2993 divisio·

405 3011 558 3090 nomine,
587 3010 707 3075 melius
733 3009 947 3092 intelligimus
974 3017 1098 3090 666616
1120 3011 1186 3074 6161
1207 3009 1242 3071 16
1260 3007 1381 3073 616611-
1436 3031 1511 3074 nem
1533 3016 1782 3093 praeceptorum
1803 3010 2000 3075 noscendam
2023 3012 2108 3075 male
2133 3011 2281 3076 studium
2302 3013 2411 3077 inten-

408 3096 546 3161 natione
573 3095 660 3178 apud
682 3096 802 3173 Deum,
831 3096 925 3159 cuius
953 3114 1031 3160 1666
1062 3095 1097 3158 16
1126 3102 1194 3157 1661
1227 3093 1383 3175 horrendi
1436 3094 1538 3173 ditur;
1572 3095 1667 3159 modo
1694 3096 1765 3160 eius
1795 3097 1925 3179 generis
1960 3117 2031 3159 rem
2059 3098 2410 3176 66666161616611616

405 3183 525 3266 flagitii
547 3181 696 3246 ordinem
713 3180 921 3259 reiioiuntur;
946 3188 1043 3262 atque
1064 3180 1142 3262 ipsi,
1171 3179 1291 3245 iudicio
1313 3181 1383 3245 6166
1436 3202 1501 3264 666
1522 3180 1662 3245 liborum
1679 3182 1794 3262 cuique
1815 3180 2064 3246 iudicium'esse
2087 3179 2216 3259 debeat,
2247 3182 2287 3245 ob
2310 3204 2411 3264 quam

407 3268 561 3351 permoti,
595 3267 803 3345 delictorum,
833 3286 916 3348 quae
942 3267 1033 3348 61166
1062 3265 1149 3330 16116
1175 3265 1381 3344 1116166161,
1436 3288 1503 3330 non
1535 3268 1578 3332 sit
1609 3266 1808 3332 contentiose
1836 3288 1911 3332 cum
1947 3267 2157 3332 dissentiente
2183 3267 2409 3350 pugnandum.

351 3405 355 3409 .
408 3353 605 3438 61611161616
623 3352 841 3419 assuescimus
861 3351 978 3416 melius
999 3356 1159 3434 reputare.
1434 3352 1538 3417 Nobis
1560 3350 1691 3435 quidem
1712 3353 1766 3417 hic
1791 3352 1882 3418 16666
1905 3353 2087 3418 6666666116
2116 3351 2325 3435 attingendus
2348 3361 2407 3432 cst,

499 3443 547 3504 11.
592 3439 704 3504 Tertio
724 3439 795 3503 loco
817 3437 1090 3504 considerandum
1118 3435 1196 3518 quid
1218 3436 1281 3501 sibi
1302 3437 1384 3502 velit
1436 3460 1487 3516 ne,
1510 3459 1609 3521 quam
1629 3439 1768 3521 posituri
1791 3460 1904 3502 sumus
1926 3438 2129 3516 divisionem,
2153 3459 2212 3502 ceu
2232 3446 2408 3503 66166161

410 3523 644 3608 divinaelogis
665 3525 701 3588 in
723 3524 805 3588 duas
829 3523 958 3589 tabulas
979 3523 1124 3605 partitio,
1156 3543 1294 3605 quarum
1316 3544 1383 3587 non
1434 3545 1541 3607 nuper
1562 3525 1780 3607 excogitatam
1806 3523 1943 3589 lecteres
1970 3532 2027 3589 661
2052 3523 2180 3588 rideant
2208 3525 2407 3589 661611166-

411 3610 467 3675 abs
494 3631 532 3675 16
558 3632 619 3675 nec
640 3617 764 3674 temere
792 3609 958 3674 solennem
984 3608 1184 3673 mentionem
1212 3607 1382 3691 aliquoties
1435 3616 1498 3674 tur.
1543 3609 1670 3693 Legem
1702 3630 1772 3674 esse
1805 3608 1917 3674 decem
1948 3610 2058 3675 vorbis
2095 3609 2297 3687 distinctam,
2330 3610 2408 3692 quia

407 3697 529 3762 factam
552 3717 623 3761 6666
643 3717 756 3761 616666
778 3696 850 3759 6661
870 3694 1069 3760 iudicabunt
1114 3695 1160 3758 Et
1176 3694 1212 3757 in
1229 3701 1383 3778 promptu
1434 3696 1499 3761 Dei
1532 3695 1635 3779 ipsius
1667 3696 1841 3760 autoritate
1871 3695 2001 3778 saepius
2033 3695 2278 3777 comprobatur,
2312 3704 2408 3760 extra

412 3804 510 3848 causa
538 3789 589 3847 est
614 3801 697 3864 quae
730 3779 899 3864 ambiguos
931 3801 989 3845 nos
1019 3778 1059 3844 de
1090 3780 1153 3845 hac
1186 3801 1223 3844 16
1248 3779 1388 3846 1666616
1433 3781 1691 3847 66611616161661
1722 3788 1779 3845 est
1834 3779 1946 3861 Quare
1979 3802 2047 3845 non
2077 3780 2118 3846 de
2152 3802 2306 3860 numero,
2350 3780 2408 3845 sed

412 3889 478 3932 uon
500 3868 587 3933 sinit
631 3867 673 3931 In
695 3866 776 3931 duas
798 3866 886 3943 enim
908 3872 1027 3949 661166,
1050 3866 1168 3949 quibus
1190 3872 1260 3930 tota
1280 3868 1382 3931 conti-
1434 3867 1566 3933 secandi
1597 3867 1722 3931 rationo
1754 3865 1938 3950 ambigitur.
1983 3865 2051 3947 Qui
2078 3868 2124 3932 sic
2148 3868 2340 3950 partiuntur
2370 3875 2408 3932 ut

412 3962 510 4018 netur
525 3953 663 4031 iustitia,
680 3952 788 4036 legem
805 3973 899 4016 suam
916 3953 963 4017 sic
983 3951 1095 4016 divisit
1111 3950 1217 4029 Deus,
1240 3960 1278 4016 ut
1294 3953 1384 4034 prio-
1433 3953 1499 4018 tria
1518 3959 1692 4036 praecepta
1716 3951 1796 4015 deut
1812 3953 1937 4034 6111666
1959 3952 2106 4031 tabulae,
2135 3953 2261 4035 reliqua
2282 3960 2406 4035 septem

411 4059 482 4103 rem
503 4038 670 4122 religionis
692 4038 815 4116 officiis,
839 4059 920 4120 quae
941 4036 1150 4120 peculiariter
1172 4037 1214 4102 ad
1235 4039 1382 4103 numinis
1432 4039 1470 4103 in
1502 4038 1678 4104 secundam
1711 4038 1874 4116 reiiciant,
1906 4038 2182 4121 praeceptumde
2210 4037 2407 4122 imaginibus

401 4125 457 4190 sui
479 4125 605 4190 6611616
625 4125 804 4207 6611166111,
834 4123 971 4187 61161661
993 4123 1107 4188 officiis
1129 4124 1274 4188 caritatis
1297 4145 1380 4206 6666
1433 4146 1572 4189 6616616
1593 4130 1796 4207 expungunt,
1819 4123 1874 4189 161
1900 4133 1988 4189 66116
2010 4126 2069 4191 661
2097 4125 2204 4209 611616
2226 4124 2406 4202 666611661;

396 4209 441 4274 in
465 4210 612 4275 homines
633 4210 827 4293 respiciunt,
857 4209 1084 4291 assignaverit.
1128 4209 1280 4272 Primum
1301 4230 1380 4273 sane
1432 4231 1535 4293 quum
1556 4209 1704 4275 mandati
1723 4209 1793 4275 loco
1814 4208 2023 4276 hauddubie
2044 4233 2064 4275 a
2085 4211 2227 4275 Domino
2255 4208 2406 4273 distincte

400 4296 549 4361 iustitiae
576 4294 827 4360 fundamentum
849 4301 900 4359 est
927 4294 993 4359 Dei
1020 4294 1143 4373 cultus,
1177 4314 1241 4377 quo
1266 4315 1379 4361 everso
1432 4296 1574 4378 positum
1595 4297 1652 4375 sit;
1681 4295 1842 4361 decimum
1864 4316 1958 4375 vero,
1976 4296 2028 4361 do
2050 4318 2118 4360 non
2140 4292 2405 4375 concupiscendis

396 4380 532 4465 reliqua
560 4383 670 4446 omnia
691 4381 833 4446 institiae
852 4379 1014 4458 membra,
1046 4379 1138 4444 16161
1166 4378 1287 4445 divulsi
1313 4381 1380 4445 col·
1431 4382 1573 4464 proximi
1594 4382 1706 4460 rebus,
1733 4382 1842 4465 inepte
1869 4383 1903 4446 in
1930 4383 1994 4447 duo
2015 4384 2223 4462 concerpunt.
2268 4375 2406 4441 Accedit

399 4464 552 4551 lapsique
580 4466 718 4532 aedificii
748 4472 872 4550 partes,
905 4465 1012 4530 lacera
1038 4473 1072 4529 et
1105 4464 1262 4549 dissipata
1291 4474 1377 4531 sunt.
1432 4467 1519 4550 quod
1538 4467 1638 4532 talem
1665 4467 1830 4550 partiendi
1857 4469 2018 4533 rationem
2043 4466 2175 4548 puriore
2203 4460 2331 4525 saeculo
2353 4462 2405 4524 in-

402 4550 524 4634 Qualis
544 4553 634 4618 66116
653 4553 798 4618 iustitiae
820 4572 890 4616 esse
911 4551 1012 4630 dices,
1034 4549 1120 4633 quod
1141 4550 1291 4616 homines
1312 4572 1379 4617 non
1431 4554 1596 4636 cognitam
1621 4553 1743 4638 161666,
1782 4574 1861 4618 mox
1893 4554 2104 4636 intelligetur.
2158 4547 2226 4611 Alii
2264 4553 2405 4627 quatuor

397 4659 507 4705 161166
528 4639 625 4703 161116
654 4660 691 4704 ac
719 4638 855 4720 rapinis,
889 4637 1001 4720 siper
1027 4637 1221 4702 sceleratum
1248 4638 1379 4702 6661116-
1431 4640 1538 4721 666116
1570 4640 1740 4706 nobiscum
1771 4640 1805 4703 in
1838 4640 1945 4720 prima
1977 4637 2090 4702 tabula
2123 4639 2312 4710 numerant;
2347 4632 2405 4697 sed

401 4725 498 4809 giam
525 4725 659 4789 interim
684 4725 749 4789 Dei
782 4724 987 4788 maiestatem
1014 4745 1074 4788 666
1101 4723 1205 4807 gloria
1235 4722 1377 4807 spolias?
1430 4724 1529 4809 primi
1556 4725 1643 4803 1166,
1672 4725 1920 4807 promissionem
1947 4727 2097 4787 statuunt
2124 4719 2196 4782 siue
2223 4725 2405 4801 praecepto.

426 4802 491 4875 uod
512 4811 725 4875 fornicatione
754 4830 872 4892 corpus
900 4816 996 4873 tuum
1024 4830 1089 4874 non
1112 4829 1321 4892 conspurcas,
1350 4810 1379 4874 61
1431 4811 1504 4894 Ego
1531 4818 1658 4890 661661,
1688 4812 1779 4893 6616,
1802 4811 1867 4875 6161
1891 4808 2034 4875 evidenti
2063 4804 2190 4868 ratione
2218 4804 2404 4882 convincar,

398 4831 616 4978 blasphemiis
637 4897 705 4960 tuis
725 4895 879 4979 profanas
896 4916 1015 4960 nomen
1032 4895 1097 4960 Dei
1114 4895 1377 4961 sacrosanctum?
1433 4896 1545 4961 decem
1565 4898 1667 4962 verba
1688 4895 1775 4979 apud
1796 4897 1912 4960 Mosen
1934 4915 1992 4975 pro
2015 4891 2125 4956 decem
2147 4890 2330 4974 praeceptis
2352 4912 2406 4957 ao·

397 4981 490 5066 quod
524 4983 693 5047 hominem
724 5002 791 5046 non
826 4981 988 5062 trucidas,
1026 4982 1054 5047 si
1091 4983 1281 5047 memoriam
1313 4981 1379 5046 Dei
1432 4983 1531 5066 cipio,
1562 4991 1595 5046 et
1622 4982 1758 5047 totidem
1785 4980 2004 5064 pulcherrimo
2031 4977 2145 5042 ordine
2174 4976 2332 5059 disposita
2356 4977 2406 5042 11-

395 5067 594 5133 interimere
622 5074 656 5132 61
684 5068 894 5150 exstinguere
920 5067 1110 5133 contendis?
1154 5068 1378 5151 1166116161-
1432 5068 1509 5133 dere
1530 5068 1613 5133 mihi
1634 5068 1755 5147 videor,
1773 5066 1932 5149 permissa
1948 5062 2013 5127 illis
2031 5085 2091 5128 sua
2107 5064 2269 5147 opinione,
2288 5083 2407 5144 sequar

396 5158 460 5218 161
496 5155 566 5219 6166
605 5153 764 5237 religione
801 5152 990 5219 venditatur
1027 5153 1166 5232 iustitia,
1206 5174 1244 5219 66
1275 5153 1379 5218 nihilo
1432 5154 1518 5237 quod
1539 5156 1644 5237 magis
1662 5155 1743 5219 mihi
1764 5150 1928 5234 probatur,
1949 5170 2067 5232 nempe
2085 5157 2124 5213 61
2139 5148 2225 5233 quod
2244 5148 2293 5212 illi
2310 5168 2405 5229 prae·

394 5239 527 5304 maiore
548 5240 655 5323 speeie
677 5259 776 5322 66616
798 5237 826 5301 61
847 5244 1002 5302 11666661
1023 5238 1163 5304 abscisso
1182 5239 1287 5322 capite
1308 5260 1379 5304 cor·
1431 5248 1563 5323 ceptum
1585 5241 1728 5322 primum
1743 5237 1876 5311 faciunt,
1899 5236 2007 5301 locum
2024 5234 2233 5318 praefationis
2249 5234 2284 5297 in
2303 5241 2406 5294 tetam

394 5345 465 5409 pus
488 5324 529 5389 ad
547 5324 697 5392 decorem
713 5322 917 5391 obtendatur.
961 5323 1075 5405 Neque
1097 5323 1194 5389 modo
1216 5337 1267 5389 661
1285 5345 1379 5407 prae·
1431 5325 1538 5409 legem
1565 5331 1689 5402 teneat3
1722 5329 1899 5403 sequantur
1920 5319 2044 5404 deinde
2077 5326 2251 5404 616666616
2277 5317 2404 5399 6111666

397 5411 501 5494 61666
518 5411 622 5494 ipsius
644 5432 729 5495 pars,
752 5408 811 5476 sed
831 5409 942 5472 anima
969 5429 1110 5490 quoque,
1133 5411 1380 5493 66616161666
1430 5418 1579 5494 quatuor,
1601 5407 1763 5473 secundae
1784 5406 1914 5472 tabulae
1936 5429 2009 5487 sex,
2037 5429 2075 5472 eo
2102 5401 2405 5488 6661666666166-

396 5497 563 5580 66116161
582 5502 769 5581 vegetatum
796 5515 902 5576 neque
929 5494 1117 5558 6611661116
1137 5493 1201 5557 Dei
1228 5495 1378 5560 timorem
1431 5503 1487 5561 tur
1503 5495 1625 5560 ordine.
1669 5493 1768 5557 Η666
1795 5490 1988 5559 divisionem
2012 5491 2173 5576 Origenes
2185 5490 2211 5570 ¹)
2238 5486 2310 5552 sino
2327 5506 2405 5551 oon·
2528 5576 2535 5591 ς

396 5581 490 5648 16161
511 5603 546 5648 se
567 5583 717 5648 homines
739 5581 936 5665 aequitatem
952 5600 990 5645 ae
1008 5577 1214 5644 dilectionem
1235 5588 1377 5644 66116111

398 5666 607 5752 Principium
624 5689 703 5752 ergo
725 5673 759 5733 et
781 5665 1035 5732 fundamentum
1057 5662 1204 5728 iustitiae
1224 5683 1379 5729 16661666
1499 5681 1528 5751 1)
1546 5680 1678 5748 Origenes
1695 5681 1723 5733 in
1741 5681 1827 5736 11166
1845 5681 1892 5734 tib.
1911 5680 1937 5735 a

477 5769 591 5824 0616161·
603 5785 695 5840 opera
734 5769 796 5831 Vol,
829 5768 873 5823 11.
2062 5766 2066 5778 ‘
2168 5759 2215 5818 18,
