5600 6809
331 714 337 741 ¹
389 747 470 818 rnre
708 752 799 820 urs.
820 752 881 817 rv.
923 751 988 817 un
1011 750 1246 817 mannans
1268 733 1435 819 smnus
1457 752 1523 816 su
1545 750 1778 820 amaran.
1820 751 1920 818 asu.
1943 751 2057 818 xvn.
2305 760 2390 822 1014

386 939 539 1006 habenda
566 960 755 1022 essequam
777 961 965 1005 communes
987 940 1090 1017 cibas,
1118 940 1174 1022 qui
1196 938 1358 1004 duntaxat
1415 943 1468 1018 17,
1492 939 1536 1024 6).
1588 939 1742 1020 Exemplo
1769 940 1886 1005 similis
1913 942 2100 1006 sacramenti
2127 939 2182 1005 boc
2207 943 2321 1009 melius
2346 945 2387 1010 li·

387 1027 429 1092 ad
451 1024 650 1109 pascendum
671 1032 821 1091 ventrem
843 1033 922 1090 sunt
943 1024 1108 1090 destinati:
1139 1047 1240 1108 quum
1260 1025 1296 1089 in
1318 1025 1358 1089 iis
1410 1025 1521 1106 quebit.
1569 1025 1668 1106 Aqua
1702 1047 1718 1090 e
1745 1046 1823 1107 rupe
1844 1026 2006 1107 profluens
2034 1028 2068 1091 in
2098 1027 2216 1092 deserto
2249 1030 2388 1098 eiusdem

386 1113 480 1177 nobis
502 1112 695 1177 exhibeatur
721 1111 902 1194 spiritualis
928 1113 1055 1176 animae
1079 1111 1170 1176 cibus
1193 1132 1230 1176 aa
1250 1121 1356 1194 patus.
1410 1112 1459 1175 rei
1481 1116 1597 1176 tessera
1618 1116 1645 1174 et
1667 1112 1792 1194 siqnum
1814 1117 1881 1176 erat
1896 1111 2059 1193 patribus,
2081 1133 2176 1193 quam
2201 1114 2290 1178 nobis
2308 1115 2389 1199 pipu-

386 1198 427 1262 Id
448 1218 553 1279 neque
575 1219 634 1262 nos
656 1218 822 1281 negamus.
868 1195 906 1261 Si
928 1197 1096 1263 conversio
1119 1204 1183 1276 est,
1206 1197 1359 1279 inquiunt
1411 1201 1463 1261 rat
1482 1198 1592 1260 ninum
1612 1197 1647 1261 in
1669 1217 1770 1261 coena.
1814 1197 1910 1262 Docet
1931 1199 2013 1262 enim
2037 1197 2160 1262 Paulus
2180 1198 2212 1282 (l
2239 1198 2313 1264 Oor.
2337 1205 2386 1281 10,

387 1285 457 1361 isti,
486 1304 617 1348 necesse
644 1291 694 1348 est
714 1282 803 1346 aliud
825 1303 867 1346 ex
889 1282 952 1347 alio
973 1284 1054 1348 fieri.
1101 1280 1140 1347 Si
1161 1282 1358 1366 intelligrmt,
1411 1282 1457 1366 4),
1478 1283 1609 1347 eundem
1623 1288 1733 1363 potum
1757 1283 1953 1362 spiritualem
1981 1303 2031 1347 eos
2052 1283 2171 1349 bibisse.
2215 1284 2319 1366 Atque
2339 1288 2388 1352 iu-

386 1370 458 1434 fieri
481 1369 604 1450 aliquid
625 1369 711 1451 quod
732 1370 825 1452 prius
846 1390 913 1432 non
935 1376 1019 1445 erat,
1044 1369 1210 1433 assentiar.
1257 1366 1295 1433 Si
1317 1367 1359 1433 ad
1412 1369 1522 1433 martis
1537 1368 1651 1449 populi
1673 1370 1820 1451 etpecori
1841 1368 2011 1434 communis
2033 1375 2098 1434 not
2116 1371 2249 1451 aquatio.
2301 1371 2388 1438 Unde

387 1475 480 1520 suam
507 1454 599 1518 illam
619 1454 889 1537 imaginationem
915 1454 1046 1519 trahere
1068 1455 1195 1532 volunt,
1224 1475 1276 1519 res
1300 1475 1358 1518 on·
1410 1454 1505 1536 facile
1529 1455 1697 1536 callipitur,
1726 1456 1761 1518 in
1783 1456 1936 1519 elementis
1956 1456 2102 1533 terrenis,
2130 1457 2206 1519 dum
2228 1457 2271 1521 ad
2291 1459 2388 1539 spiri-

386 1539 486 1605 deant
507 1540 590 1603 mihi
611 1561 708 1623 quam
730 1539 946 1604 mutationem
963 1541 1034 1604 fieri
1056 1541 1201 1605 sentiant
1222 1540 1257 1603 in
1277 1477 1359 1622 bap-
1412 1539 1526 1603 tuakm
1547 1560 1641 1603 usmn
1661 1539 1854 1619 adbibentur,
1876 1561 1937 1604 non
1954 1541 2052 1604 aliam
2071 1540 2144 1621 fieri
2161 1545 2387 1609 mnaersionem

386 1629 493 1692 tiemo.
538 1627 625 1690 Nam
651 1634 760 1708 patres
787 1626 841 1688 hic
868 1647 995 1708 quoque
1025 1626 1197 1690 mirificam
1225 1646 1360 1691 couver-
1413 1645 1508 1706 quam
1528 1625 1688 1690 bominum
1708 1632 1861 1707 respectu,
1883 1631 2034 1707 quatenus
2053 1627 2121 1691 illis
2136 1628 2388 1708 promissionum

387 1713 512 1777 sionem
542 1718 700 1786 statuunt,
731 1732 831 1793 quum
859 1711 971 1775 dicunt
999 1733 1041 1775 ex
1069 1711 1273 1794 corruptibili
1294 1711 1359 1775 ele-
1412 1717 1485 1776 sunt
1504 1711 1621 1794 sipilla.
1656 1711 1712 1774 Ad
1729 1711 1802 1776 baec
1823 1732 1917 1793 quum
1939 1711 2002 1775 Dei
2019 1713 2183 1777 canalium
2200 1715 2250 1793 sit,
2268 1721 2303 1779 ut
2320 1717 2388 1781 iam

386 1806 497 1863 mente
529 1797 603 1862 fieri
637 1797 805 1880 spirituale
839 1798 968 1861 animae
1002 1797 1179 1863 lavacrum
1229 1799 1359 1879 Aquam
1411 1796 1538 1877 saepius
1556 1797 1684 1875 inculco,
1706 1817 1762 1861 nos
1782 1797 1948 1862 cornrrrodis
1970 1796 2120 1861 vehiculis
2141 1818 2268 1864 sursum
2289 1802 2388 1866 adse

386 1891 498 1949 tamen
531 1904 665 1948 manere
696 1904 793 1947 nemo
827 1890 934 1967 negat.
986 1884 1032 1946 At
1065 1883 1162 1960 nihil,
1196 1884 1357 1964 inquiunt,
1410 1883 1522 1961 tollere,
1542 1882 1625 1946 illud
1646 1883 1743 1962 impie
1764 1903 1824 1946 suo
1839 1883 2019 1963 peruicacia
2038 1883 2246 1964 frustrantur,
2266 1887 2323 1967 qui
2344 1887 2387 1952 ad

386 1970 452 2033 tale
481 1971 515 2032 in
542 1968 703 2050 baptismo
731 1969 871 2033 habetur
893 1968 988 2050 quale
1009 1968 1092 2032 illud
1114 1974 1165 2033 est
1185 1969 1220 2032 in
1242 1989 1356 2033 coena:
1413 1966 1571 2032 Christum
1592 1968 1717 2049 quidem
1733 1989 1789 2032 nos
1811 1973 1933 2045 nocant,
1961 1969 2015 2032 sed
2035 1969 2092 2032 sub
2107 1990 2194 2049 pane
2215 1972 2385 2037 invisibili·

386 2055 448 2120 hao
466 2062 516 2119 est
537 2074 654 2137 carpus
675 2074 793 2118 meum.
830 2052 934 2135 Quasi
951 2054 991 2119 de
1014 2055 1121 2119 verbis
1141 2054 1208 2118 illis
1230 2061 1357 2137 agatur,
1410 2058 1456 2118 ter
1477 2054 1627 2118 lateralem.
1673 2054 1781 2135 Neque
1807 2055 1889 2118 enim
1917 2055 1990 2133 fieri
2006 2059 2105 2136 potest
2125 2060 2161 2119 ut
2180 2077 2267 2121 mars
2288 2057 2385 2121 bomi-

386 2161 469 2222 quae
491 2139 570 2205 satis
592 2140 780 2223 expeditum
798 2161 933 2204 sensum
949 2139 1081 2215 habent,
1106 2161 1143 2205 ac
1165 2161 1232 2205 nen
1249 2139 1358 2221 potius
1409 2160 1500 2218 num,
1531 2161 1551 2203 a
1578 2139 1713 2203 locormn
1738 2141 1943 2204 immensitate
1970 2160 2002 2203 se
2022 2142 2202 2220 sepediens,
2229 2142 2273 2205 ad
2295 2141 2384 2207 Obri-

387 2226 427 2290 de
459 2225 517 2290 illa
549 2246 628 2290 voce
661 2227 895 2304 conversionis,
929 2246 1012 2308 quae
1040 2225 1125 2289 nihil
1154 2225 1295 2307 amplius
1322 2227 1357 2288 in
1408 2230 1490 2289 sarm
1509 2245 1606 2306 usque
1628 2245 1728 2306 stupra
1757 2225 1853 2289 coelos
1871 2229 2014 2305 penetret.
2061 2226 2147 2306 Quod
2168 2227 2235 2291 iltis
2256 2228 2385 2311 rreqabat

385 2331 486 2376 coena
507 2312 693 2394 significare
715 2311 811 2376 debet
828 2333 927 2393 quam
949 2312 985 2374 in
1002 2311 1172 2394 baptismo.
1216 2311 1359 2375 Valeant
1409 2316 1534 2389 natura
1556 2311 1659 2394 mopis
1680 2311 1773 2375 noxio
1788 2310 1961 2393 plemnaeo
1982 2311 2132 2393 corripere
2151 2317 2325 2377 tentarunt:
2350 2319 2385 2378 ut

385 2397 487 2481 igitur
515 2419 590 2462 cum
616 2397 687 2461 istis
709 2397 910 2480 syllabarum
939 2397 1095 2479 aucupiis,
1124 2397 1242 2479 quibus
1274 2396 1357 2460 nihil
1409 2397 1559 2461 nronendo
1581 2398 1617 2460 in
1638 2398 1732 2460 terris
1758 2397 1848 2461 nulla
1874 2396 1991 2460 codcsti
2015 2395 2133 2461 Obristi
2149 2398 2383 2479 propinquitate

385 2482 474 2546 aliud
503 2503 601 2565 quam
640 2502 733 2547 suam
759 2483 964 2547 ieiunitatem
991 2482 1143 2565 produnt.
1195 2481 1261 2549 Nec
1287 2502 1358 2547 nero
1409 2503 1560 2565 eqeomus.
1604 2481 1657 2545 En
1685 2482 1851 2547 necessitas
1872 2503 1953 2562 quae
1974 2483 2059 2563 ipsos
2085 2483 2190 2566 adeqit
2215 2484 2257 2547 ad
2278 2490 2383 2549 trans-
2426 2554 2429 2565 ,

385 2568 572 2650 siqnificatio
606 2569 699 2633 aliter
730 2569 913 2650 quadraret,
946 2569 1011 2632 nisi
1040 2570 1157 2633 veritam
1183 2589 1263 2649 quoe
1291 2568 1358 2632 illic
1407 2568 1611 2650 tipurandum
1634 2565 1754 2631 Christi
1780 2587 1900 2647 corpus.
1944 2566 2107 2632 Bernardi
2133 2569 2257 2648 quidem
2278 2575 2383 2650 udaie,

382 2654 553 2736 ripuratur,
585 2655 689 2718 cinam
721 2654 855 2736 effipiam
883 2654 1005 2719 lmberet
1036 2656 1073 2718 in
1105 2659 1228 2718 aeterno
1261 2655 1357 2736 sipna
1409 2654 1467 2718 etsi
1483 2653 1593 2717 durior
1610 2652 1787 2716 taeduerat
1807 2652 1951 2734 loquendi
1967 2654 2059 2730 ratio,
2076 2653 2384 2722 transsubstantiatio

393 2739 496 2804 Voluit
519 2738 663 2804 Christus
684 2744 806 2803 ealerrw
827 2739 960 2822 spnbolo
981 2740 1097 2819 testari,
1119 2760 1245 2805 carnem
1265 2759 1358 2804 suam
1408 2743 1509 2803 tamen
1536 2739 1675 2803 nardum
1703 2737 1812 2818 aquito
1839 2744 1913 2803 erat.
1965 2738 2014 2803 Ac
2042 2739 2184 2802 omuibus
2209 2745 2290 2804 retro
2314 2761 2383 2806 sae·

385 2844 450 2890 esse
475 2825 584 2889 cibum.
631 2824 667 2889 Si
695 2826 788 2889 inane
809 2827 964 2890 dumacat
978 2828 1078 2907 panis
1098 2829 1266 2907 spectrum,
1296 2845 1358 2889 non
1409 2825 1488 2889 ndis
1507 2824 1680 2888 similitudo
1698 2823 1755 2886 illo
1776 2824 1812 2886 in
1838 2844 1889 2887 ore
1909 2824 2049 2888 omnium
2069 2824 2229 2902 volitabat,
2251 2828 2384 2907 paniet

377 2931 496 2992 panem
515 2931 623 2975 aerum
638 2916 831 2992 proponeret,
857 2911 912 2974 ubi
933 2911 1087 2994 analcqia,
1109 2911 1156 2975 ael
1174 2910 1356 2989 similitudo,
1408 2911 1479 2974 aino
1500 2931 1565 2974 rem
1586 2909 1785 2992 spiritualem
1800 2909 1993 2973 coniunctum
2010 2929 2074 2973 esse
2096 2910 2130 2971 in
2151 2909 2205 2974 boc
2226 2915 2382 2993 mysterio.
2488 2913 2495 2922 '

384 3016 465 3076 quae
493 2996 639 3061 dedum
660 3016 716 3061 nos
737 3019 758 3061 a
780 3019 814 3062 re
835 2997 955 3061 vuibili
976 2998 1019 3063 ad
1041 2997 1230 3061 invisibilem
1251 2997 1358 3062 debet?
1408 2996 1460 3061 De
1480 2996 1604 3061 vocibus
1624 3000 1719 3074 mute,
1740 3000 1775 3059 ut
1795 2993 1857 3059 sibi
1877 2994 2032 3073 uidentur,
2054 2995 2243 3074 respondent,
2261 2997 2315 3061 sed
2335 2998 2384 3061 ni-

386 3082 473 3145 Nam
504 3086 539 3145 ut
565 3081 670 3146 omnia
696 3082 777 3146 inter
802 3103 836 3147 se
861 3085 1054 3160 emaculari,
1087 3103 1149 3147 nora
1175 3083 1299 3166 hupins
1325 3102 1358 3147 se
1409 3082 1456 3146 bil
1482 3083 1638 3162 afferendo
1664 3100 1778 3146 causae
1801 3080 1962 3160 praesenti
1983 3085 2224 3144 consentaneum.
2268 3081 2382 3165 Virga,

383 3167 522 3231 mundet
550 3167 736 3249 siqnirieatio
768 3188 864 3248 quam
891 3189 948 3232 nos
978 3169 1077 3250 specie
1103 3169 1211 3232 carnis
1240 3166 1358 3232 Obristi
1409 3167 1577 3249 inquiunt,
1605 3167 1709 3232 Masis
1741 3167 1778 3231 in
1810 3173 1996 3249 serpentem
2025 3186 2197 3242 conversa,
2234 3169 2410 3248 quamvis

378 3253 480 3333 pasci.
534 3253 797 3332 Quemadmodum
824 3255 854 3319 si
885 3254 919 3317 in
945 3253 1098 3334 baptismo
1122 3252 1229 3336 liqura
1257 3273 1358 3334 aquae
1409 3255 1547 3318 asciscat
1568 3274 1689 3318 nomen
1717 3252 1894 3334 serpentis,
1922 3251 2098 3334 pristinum
2120 3258 2231 3315 tumen
2252 3252 2383 3333 refinst,

384 3337 485 3402 oculos
509 3337 646 3418 falleret,
673 3339 761 3403 nobis
787 3345 906 3404 certum
931 3360 992 3404 non
1019 3344 1096 3404 esset
1117 3339 1285 3403 ablutioms
1305 3359 1358 3402 no-
1409 3341 1566 3422 virgaque
1594 3338 1715 3403 dieitin
1742 3337 1861 3422 (Exod.
1883 3343 1918 3415 4,
1943 3341 1961 3400 3
1983 3344 2017 3400 et
2039 3342 2071 3413 7,
2097 3336 2160 3420 10).
2207 3336 2259 3401 lta
2280 3336 2385 3402 secun-

382 3427 467 3489 strae
482 3424 619 3505 piqnus,·
640 3425 701 3487 imo
721 3424 832 3505 fallaci
852 3426 906 3490 illo
923 3425 1093 3505 spectaculo
1115 3425 1286 3489 vacillandi
1307 3444 1359 3488 na
1410 3427 1485 3490 dum
1512 3445 1561 3489 eos
1589 3444 1684 3506 aeque
1696 3423 1857 3505 probabile
1883 3428 1940 3501 est,
1962 3423 2107 3502 quamuis
2128 3422 2163 3485 in
2184 3443 2295 3486 novam
2315 3425 2386 3489 sub-

383 3508 432 3572 bis
449 3509 566 3573 occasio
584 3509 721 3573 daretur.
757 3510 919 3575 divertitur
936 3531 1006 3594 erqo
1022 3511 1210 3575 sacramenti
1232 3515 1358 3588 natura,
1409 3511 1557 3574 stantiam
1574 3515 1713 3576 transeat
1723 3510 1832 3590 panis,
1851 3509 2106 3592 καταχρηστικῶς,
2128 3509 2182 3572 sed
2199 3512 2300 3572 tamen
2322 3530 2385 3575 non

387 3595 453 3659 nisi
472 3596 507 3658 in
528 3596 615 3659 modo
637 3595 838 3678 sipnificandi
859 3601 1014 3661 menum
1030 3598 1157 3679 siqnum
1173 3597 1221 3659 rei
1241 3596 1360 3660 coelesti
1410 3598 1524 3678 inepte,
1549 3597 1654 3662 uocari
1681 3595 1762 3675 quod
1781 3599 1913 3676 apparet
1938 3594 2044 3659 oculis.
2090 3592 2152 3658 Sed
2179 3594 2257 3673 quid
2280 3595 2385 3660 simile

388 3682 576 3762 respondeat.
619 3680 669 3744 Aa
696 3683 830 3762 proinde
855 3684 941 3764 perit
972 3683 1061 3746 nobis
1091 3683 1233 3765 mysterii
1264 3681 1360 3745 buius
1411 3688 1467 3747 aut
1487 3684 1626 3747 moinum
1646 3681 1806 3761 reperiunt
1833 3681 1915 3743 inter
1935 3679 2057 3743 illustre
2077 3679 2266 3743 mirandum
2287 3681 2387 3761 etde

388 3768 511 3845 undas,
533 3767 597 3832 nisi
617 3787 711 3831 uerus
726 3769 828 3849 panis
847 3788 954 3833 cerum
972 3766 1090 3833 Christi
1106 3788 1219 3849 corpus
1237 3786 1361 3848 reprae-
1410 3769 1514 3832 titiam
1540 3788 1646 3833 eorum
1672 3767 1848 3831 illusionem
1876 3766 1968 3829 cuius
1988 3764 2095 3828 nudus
2116 3765 2152 3828 in
2173 3770 2258 3829 terra
2279 3767 2387 3831 mnus

389 3857 491 3916 sentet.
541 3851 662 3915 Iterum
696 3859 812 3933 repeto:
839 3874 936 3934 quum
962 3874 1062 3919 coena
1090 3853 1170 3918 nibil
1201 3854 1291 3918 aliud
1318 3853 1361 3917 sit
1407 3856 1494 3919 testis
1519 3854 1588 3919 est?
1637 3852 1829 3934 Praestiqiis
1855 3851 1994 3915 luserant
2021 3851 2123 3933 nrapi,
2157 3855 2193 3913 ut
2220 3849 2386 3934 Aeqqptiis

388 3958 483 4018 quam
517 3939 690 4019 conspicua
716 3939 786 4004 eius
814 3940 1037 4021 promissionis
1064 3939 1248 4004 testificatio
1277 3959 1359 4020 quae
1401 3960 1594 4021 persuasum
1611 3943 1697 4016 esset,
1719 3937 1830 4000 diuina
1847 3938 1961 4001 uirtute
1978 3936 2021 4000 nd
2037 3935 2206 3999 mutandas
2224 3942 2385 4002 creaturas

387 4023 522 4088 Ioannis
544 4030 635 4088 sexto
656 4024 805 4102 habetur,
828 4047 945 4107 nempe
963 4023 1133 4089 Christum
1152 4045 1223 4089 esse
1240 4044 1360 4106 panem
1410 4046 1510 4106 aspra
1531 4030 1664 4088 naturam
1681 4022 1821 4087 ordinem
1833 4021 1957 4103 pollere.
1994 4020 2106 4086 Prodit
2126 4019 2240 4100 Moses,
2263 4043 2300 4087 ac
2311 4043 2386 4104 pro-

386 4110 473 4173 vitae
495 4111 551 4192 qui
572 4129 590 4172 e
612 4110 700 4174 coelo
728 4109 909 4175 descendit:
937 4132 1057 4194 panem
1084 4110 1246 4176 visibilem
1268 4112 1361 4173 inter-
1408 4112 1529 4193 fliqatis
1555 4130 1661 4175 corum
1682 4108 1838 4190 fallaciis,
1868 4107 2110 4188 insuperabilem
2130 4105 2194 4170 Dei
2215 4109 2386 4186 potentiam

384 4196 487 4259 calere
508 4201 719 4277 oportetque
741 4196 920 4278 spiritualis
941 4196 997 4261 ille
1014 4198 1190 4280 figuretur;
1212 4195 1277 4260 nisi
1299 4215 1359 4258 ne·
1412 4218 1433 4261 a
1449 4216 1510 4260 sua
1524 4201 1619 4277 parte
1640 4200 1723 4259 stare
1740 4193 1879 4271 ostendit,
1901 4195 1978 4274 quia
1997 4213 2064 4258 una
2085 4193 2153 4255 eius
2173 4192 2263 4273 oirqa
2280 4212 2385 4259 omnes

383 4280 434 4344 bis
469 4281 576 4362 perire
602 4280 753 4346 volumus
782 4302 913 4345 omnem
940 4281 1084 4345 frustm
1111 4301 1208 4364 quem
1235 4282 1270 4344 in
1296 4280 1360 4345 hac
1411 4282 1548 4362 reliquas
1568 4281 1711 4345 abncmit.
1758 4278 1820 4344 Sed
1839 4279 1917 4359 quia
1943 4277 2080 4343 ocularis
2099 4277 2162 4356 tuit
2182 4276 2242 4340 illa
2263 4296 2384 4344 conom-

383 4374 476 4447 parte
504 4364 715 4430 sustinendae
742 4375 873 4432 nestrae
899 4367 1114 4433 imbecillitati
1136 4367 1229 4432 Deus
1250 4365 1359 4431 indul-
1410 4370 1472 4447 sio,
1499 4367 1582 4432 nibil
1602 4367 1645 4432 ad
1660 4370 1853 4448 praesentem
1869 4384 2013 4442 causam,
2033 4367 2068 4426 ut
2087 4362 2245 4441 diasimata·
2264 4367 2299 4425 ut
2319 4364 2385 4428 cai-

384 4459 447 4532 get
491 4451 564 4516 Iam
586 4474 650 4535 qua
672 4453 799 4517 ratione
822 4453 988 4536 colligeret
1008 4453 1135 4518 Paulus
1158 4451 1191 4536 (l
1212 4451 1285 4517 Gor.
1308 4455 1356 4530 10,
1408 4475 1469 4538 quo
1483 4457 1556 4535 post
1578 4458 1710 4535 ternpore
1729 4451 1896 4516 visibiliter
1916 4451 2010 4515 rediit
2037 4449 2127 4530 cirqa
2154 4447 2198 4512 ad
2213 4468 2306 4512 suam
2320 4449 2385 4530 sor-

387 4534 451 4615 17),
469 4558 528 4600 nos
550 4559 664 4603 omnes
686 4559 804 4620 panem
831 4560 936 4603 unum
964 4559 1001 4604 aa
1021 4560 1138 4621 corpus
1160 4559 1264 4603 unum
1287 4558 1358 4603 esse
1410 4561 1503 4604 mam.
1553 4538 1645 4604 Adde
1670 4538 1752 4619 quod
1772 4538 1921 4614 nescitm,
1949 4534 2177 4600 substantiaene
2203 4533 2302 4614 fuerit
2324 4534 2384 4601 illa

385 4621 439 4701 qui
466 4641 585 4701 panem
607 4645 711 4689 unum
738 4625 837 4689 simul
864 4625 1113 4708 participamus,
1142 4624 1169 4688 si
1191 4630 1357 4706 spectrum
1411 4624 1626 4708 aremporata
1658 4624 1820 4690 conando.
1872 4620 2046 4701 Spectanda
2075 4619 2169 4682 eliam
2195 4624 2240 4684 est
2269 4620 2383 4686 abusio

384 4704 479 4786 panis
512 4704 693 4789 duntaxat,
728 4731 765 4776 ao
797 4732 864 4775 non
896 4709 1007 4793 potius
1039 4709 1202 4774 naturalis
1234 4711 1357 4775 veritas
1412 4712 1454 4777 ad
1474 4713 1582 4794 oirqos
1597 4730 1774 4793 naporum·
1795 4727 1874 4788 quos
1891 4707 1960 4769 ideo
1981 4702 2130 4768 colubros
2152 4702 2260 4768 dicere
2278 4705 2384 4770 noluit

383 4789 554 4855 maneret?
1410 4797 1586 4882 propheta,
1614 4816 1656 4860 ne
1676 4795 1845 4861 videretur
1871 4792 2011 4855 innuere
2032 4789 2278 4852 conversionem
2300 4809 2383 4873 quae

475 4880 521 4940 15.
569 4876 634 4942 Nec
661 4900 730 4945 nero
757 4888 886 4948 satanae
902 4882 1089 4966 proostiqiis
1108 4887 1173 4947 tam
1193 4881 1281 4963 foede
1301 4902 1359 4946 un-
1410 4883 1504 4948 nulla
1520 4889 1605 4946 orat:
1628 4882 1705 4964 quia
1721 4876 1985 4961 praestigiatores
2002 4872 2050 4936 illi
2068 4872 2153 4936 nihil
2174 4873 2264 4938 aliud
2283 4897 2384 4958 quam

385 4982 481 5042 quam
506 4962 610 5026 delusi
634 4961 780 5044 fuissent,
807 4970 873 5032 nisi
901 4970 976 5049 quio
1004 4970 1071 5032 iam
1096 4968 1247 5050 fascinati
1269 4971 1359 5032 erant
1410 4969 1563 5035 tenebras
1585 4965 1801 5050 spectantium
1818 4961 1920 5027 oculis
1938 4956 2131 5024 effuderant.
2166 4957 2256 5040 Quid
2273 4968 2384 5028 autem

385 5047 440 5111 illo
461 5068 572 5126 errore,
594 5067 706 5128 corpus
729 5048 847 5114 Christi
867 5055 925 5116 sub
944 5075 1026 5133 pane
1045 5055 1202 5120 inclusum
1221 5075 1273 5119 ore
1293 5075 1358 5120 cor-
1411 5076 1485 5119 cum
1507 5077 1545 5120 eo
1567 5051 1673 5118 simile
1693 5048 1817 5112 habent
1832 5048 1914 5111 istae
1930 5045 2150 5128 loquutiones:
2173 5047 2268 5128 panis
2285 5067 2382 5129 quem

380 5153 475 5215 porco
496 5134 532 5197 in
553 5137 687 5198 aerdrem
708 5136 887 5198 transmitti.
934 5139 1014 5200 Tam
1035 5138 1141 5203 brutam
1161 5141 1359 5221 imaqinatio-
1409 5143 1607 5224 frangimus,
1630 5135 1756 5217 quoties
1777 5132 1911 5196 ederitis
1931 5151 2050 5215 panem
2072 5131 2177 5209 huno,
2200 5133 2382 5196 communi·

385 5219 437 5282 nis
463 5239 560 5282 causa
578 5219 658 5300 fuit,
687 5219 768 5299 quod
794 5222 979 5285 consonatio
999 5223 1179 5287 tanturrdem
1200 5227 1287 5303 apud
1308 5245 1358 5289 eos
1409 5227 1529 5292 cabant
1547 5225 1584 5287 in
1604 5219 1763 5284 fractione
1784 5219 1888 5302 panis,
1909 5224 1943 5282 et
1963 5215 2028 5281 alia
2049 5216 2229 5281 eiusmodi?
2267 5217 2381 5282 Incan-

325 5343 333 5367 2
385 5304 506 5369 calebat
522 5325 558 5368 ac
579 5305 702 5388 maqr'ca
722 5305 900 5369 incantatio.
936 5305 1139 5385 Principium
1155 5312 1258 5371 aubin
1278 5309 1358 5373 illud
1409 5314 1523 5377 tatione
1543 5306 1668 5388 quidem
1692 5324 1857 5386 maqorum
1883 5302 1984 5368 oculos
2003 5307 2124 5367 mutum
2150 5302 2252 5383 fuisse
2277 5303 2381 5385 decep-

385 5409 436 5455 eos
457 5390 585 5469 loteba,
606 5411 723 5472 panem
749 5411 809 5455 non
833 5391 899 5455 nisi
919 5390 1095 5455 bominibus
1116 5392 1159 5456 ad
1179 5412 1256 5472 quos
1278 5392 1359 5458 diri-
1408 5402 1455 5461 tos
1481 5398 1595 5459 certum
1616 5395 1669 5455 est.
1716 5390 1804 5471 Quod
1824 5390 1867 5454 ad
1887 5387 2011 5467 Mosen
2039 5388 2141 5470 maprs
2158 5387 2306 5470 ambipuo
2328 5407 2381 5453 res

384 5477 471 5559 qitur
491 5496 590 5541 sermo
618 5497 682 5542 esse
710 5482 953 5557 sacramentum;
980 5477 1071 5541 sicuti
1099 5498 1184 5558 aqua
1209 5477 1357 5560 baptisrm
1409 5486 1462 5558 est,
1485 5499 1545 5560 per
1571 5477 1661 5541 cuius
1688 5495 1817 5539 manum
1841 5474 1907 5539 Deo
1928 5474 2026 5538 nililo
2047 5473 2150 5555 mapis
2170 5471 2300 5554 difficile
2314 5473 2381 5554 suit

386 5562 421 5624 in
442 5583 475 5626 se
495 5583 556 5626 non
577 5567 729 5642 mutatur,
758 5564 812 5628 sed
838 5565 926 5628 nobis
951 5583 1017 5628 esse
1036 5563 1146 5644 incipit
1165 5563 1247 5643 quod
1261 5564 1358 5644 prius
1409 5586 1448 5630 en
1468 5565 1560 5647 cirqa
1584 5562 1687 5643 facem
1706 5567 1889 5644 serpentem
1916 5565 1945 5626 et
1969 5578 2084 5624 rursus
2110 5559 2235 5641 nirqam
2255 5578 2294 5623 ea
2313 5578 2379 5624 ser-

385 5668 448 5711 non
479 5654 554 5729 erat,
582 5649 678 5714 simul
705 5654 796 5732 atque
821 5671 945 5716 annena
972 5653 1016 5715 est
1037 5650 1208 5730 mnnbsio
1235 5648 1354 5733 (leod
1402 5655 1503 5732 pente,
1536 5668 1631 5732 quam
1656 5648 1785 5714 induere
1817 5647 1941 5732 anpelos
1971 5645 2093 5710 carneis
2117 5643 2313 5725 corpor-ibris,
2351 5644 2385 5710 a

1438 5734 1445 5756 b
2121 5743 2177 5801 64*
