5600 6809
330 770 405 853 see
585 766 677 832 mn
699 766 764 832 111.
807 767 871 831 nn
893 763 1029 839 nono
1050 764 1400 832 ennonrnnunn
1422 763 1614 832 oflnnn
1636 766 1854 832 onumen
1897 764 1998 832 alr.
2019 766 2100 835 xx.
2289 737 2353 834 see

342 954 484 1020 Domine.
528 954 624 1020 Item.-
655 956 772 1034 respice
794 954 992 1035 afflictionem
1012 974 1113 1019 naam
1134 959 1161 1018 et
1181 953 1315 1019 laborem
1367 976 1409 1018 ex
1427 954 1500 1037 ipsa
1520 955 1779 1037 regeneratione
1803 975 1914 1020 servos
1931 955 1995 1020 Dei
2016 977 2051 1020 se
2069 978 2107 1022 ac
2124 956 2209 1022 filios
2227 958 2351 1036 testari,

341 1061 457 1121 meum
483 1041 651 1106 etremitle
671 1041 778 1104 mania
798 1045 927 1122 peccate
947 1061 1025 1104 uua.
1076 1039 1137 1105 Ubi
1156 1041 1250 1104 etiam
1269 1040 1315 1104 oi·
1368 1039 1484 1122 quibus
1507 1041 1576 1123 ipse
1600 1042 1674 1108 iore
1694 1061 1730 1106 se
1755 1040 1935 1122 propitium
1957 1043 2080 1124 recipit.
2123 1042 2191 1106 Per
2212 1042 2352 1125 prophe-

342 1127 450 1192 demus
471 1126 632 1192 nonsatis
653 1147 727 1204 esse,
755 1126 786 1190 si
807 1127 843 1190 in
870 1126 1010 1208 stapulas
1036 1125 1104 1190 dies
1124 1146 1187 1206 pro
1214 1145 1316 1190 recen
1367 1135 1438 1191 tam
1465 1125 1567 1208 (Psal.
1587 1128 1649 1205 34,
1671 1126 1726 1210 16)
1750 1125 1856 1204 docet,
1885 1132 1920 1191 ut
1940 1127 2008 1190 mm
2032 1129 2135 1192 muna
2156 1133 2213 1207 est,
2241 1128 2352 1193 oculos

342 1213 425 1277 tibus
440 1213 576 1293 peccatis
596 1232 654 1275 nos
676 1213 718 1276 ad
739 1211 893 1276 calculum
916 1231 1070 1290 commus,
1100 1211 1165 1274 crisi
1192 1212 1227 1274 in
1254 1231 1316 1275 me-
1369 1233 1446 1275 suos
1468 1231 1568 1293 super
1590 1212 1694 1277 iustas
1717 1232 1797 1290 esse,
1821 1231 1918 1277 aures
1937 1233 2015 1277 suas
2037 1213 2072 1276 in
2093 1233 2206 1295 preces
2228 1234 2350 1279 earum.

342 1300 475 1363 morium
494 1297 582 1362 nobis
605 1298 739 1376 redeant,
762 1298 875 1378 quibus
902 1297 1011 1361 oblivio
1032 1297 1161 1378 pridem
1188 1297 1317 1361 inducta
1369 1298 1500 1361 Rursus
1522 1318 1582 1380 per
1611 1297 1795 1380 apostolum
1818 1298 1849 1381 (l
1873 1298 1988 1362 Ioann.
2010 1304 2038 1377 3,
2061 1297 2132 1382 22):
2162 1320 2221 1363 nas
2248 1300 2352 1381 impe·

342 1384 444 1450 uideri
467 1388 598 1464 palmet.
650 1382 738 1447 Nam
765 1388 793 1448 et
820 1383 903 1448 man
930 1382 1081 1464 propbeta
1108 1383 1184 1447 alibi
1212 1381 1315 1467 (Psal.
1368 1390 1513 1447 mannos
1541 1381 1702 1467 quidquid
1734 1384 1936 1464 petierimus,
1971 1384 1999 1448 si
2023 1383 2182 1448 mandata
2208 1406 2267 1449 sua
2295 1385 2352 1449 ob·

345 1475 395 1548 51,
420 1469 469 1553 7)·
486 1469 585 1534 scelus
616 1489 716 1532 unum
744 1489 837 1552 pram
869 1471 1040 1548 confessae,
1074 1467 1131 1532 ltac
1163 1469 1318 1532 occasione
1370 1488 1549 1533 servemus.
1595 1467 1723 1550 Quibus
1752 1469 1926 1533 sententiis
1952 1470 2095 1551 pretium
2123 1470 2262 1534 orationi
2285 1491 2354 1535 non

343 1576 441 1637 usque
461 1556 504 1619 ad
523 1560 644 1620 dmum
665 1556 777 1619 munis
797 1554 980 1632 revolvitur,
1002 1555 1038 1618 iu
1059 1574 1119 1634 quo
1136 1555 1203 1618 iam
1219 1553 1318 1618 mern
1370 1555 1488 1618 statuit
1522 1554 1562 1618 ab
1592 1575 1729 1636 operum
1758 1554 1899 1636 meritis,
1932 1552 1989 1618 sed
2022 1556 2069 1618 ita
2102 1555 2247 1620 stabilire
2280 1556 2354 1619 vult

343 1645 551 1707 ammoneret:
579 1661 640 1704 non
660 1645 696 1703 ut
716 1642 841 1721 culpam
862 1661 901 1705 ea
921 1645 1053 1704 notum
1073 1639 1245 1721 corruptela
1267 1660 1319 1702 ea>
1370 1660 1484 1703 aarum
1505 1637 1669 1717 fiduciam,
1693 1641 1748 1721 qui
1771 1638 1833 1704 sibi
1854 1659 1921 1704 non
1949 1642 2077 1705 fricatae
2098 1640 2298 1724 integritatis
2320 1649 2354 1705 et

343 1732 457 1804 must,
486 1727 540 1792 sed
567 1732 602 1790 ut
629 1727 721 1790 totius
746 1729 828 1791 ullae
854 1730 982 1807 peecata
1010 1726 1224 1804 accumulans,
1259 1744 1319 1805 quo
1371 1725 1578 1790 innocentiae
1601 1726 1701 1807 probe
1723 1725 1842 1790 conscii
1865 1734 1956 1803 sunt,
1987 1727 2099 1808 quales
2126 1734 2254 1809 oportet
2281 1747 2353 1791 esse

344 1814 478 1879 severim
498 1817 542 1876 est
563 1813 598 1876 in
618 1832 652 1876 ee
672 1811 858 1890 damnande,
882 1812 984 1893 mapis
1005 1811 1191 1876 exorabilem
1214 1809 1319 1875 Deum
1371 1810 1484 1875 fideles
1512 1811 1692 1876 universos.
1738 1808 1907 1892 Siquidem
1941 1833 1983 1875 ex
2016 1813 2088 1894 ipsa
2115 1812 2180 1877 Dei
2214 1812 2353 1877 veritate

344 1899 485 1980 reperiat.
529 1896 603 1962 Etsi
620 1903 723 1962 autem
741 1918 803 1961 non
818 1917 938 1978 semper
956 1898 1112 1977 cupressis
1133 1896 1234 1960 verbis
1249 1916 1320 1977 pee-
1372 1904 1540 1979 sumptum
1562 1904 1613 1960 cst
1634 1896 1721 1979 quod
1742 1895 1821 1960 dicit
1843 1895 1930 1978 apud
1951 1898 2109 1962 Ioannem
2132 1902 2175 1981 (9,
2200 1895 2256 1978 31)
2280 1918 2352 1962 cae·

340 1989 480 2048 catorum
506 1984 719 2048 remissionem
743 1985 905 2062 postulunt
925 1984 1040 2061 sancti,
1070 1983 1099 2046 si
1122 1989 1223 2047 lnmm
1244 1982 1319 2046 dili·
1372 2004 1430 2047 cus
1452 1982 1673 2059 illuminatus,
1703 2003 1769 2045 non
1793 1981 1941 2047 exaudiri
1965 2005 1984 2047 a
2005 1985 2077 2049 Deo
2098 1991 2300 2066 peccatores3
2324 1984 2352 2047 si

338 2073 442 2153 parter
464 2069 666 2150 expendimus
685 2090 766 2149 quas
787 2071 945 2149 scriptura
966 2068 1058 2149 refert
1080 2089 1185 2132 eorum
1200 2087 1318 2148 preces,
1372 2074 1559 2150 peccatores
1581 2068 1676 2131 modo
1704 2073 1822 2148 recepto
1843 2070 2018 2150 subiturae
2039 2090 2101 2133 usu
2126 2069 2351 2152 intelligimus,

344 2155 437 2237 facile
464 2155 545 2235 quod
565 2155 634 2218 dico
660 2160 809 2233 occurret,
838 2156 951 2220 muudi
978 2155 1120 2217 animum
1148 2155 1321 2235 sumpsisse
1373 2154 1429 2236 qui
1450 2155 1532 2218 citra
1554 2154 1698 2218 iustitiae
1726 2152 1924 2218 desiderium
1951 2155 2011 2218 tati
2038 2155 2106 2220 sirie
2132 2155 2273 2236 peccatis
2301 2156 2352 2218 in-

345 2262 384 2306 ec
404 2240 471 2305 sola
492 2240 556 2304 Dei
577 2240 804 2318 misericordia,
832 2245 923 2321 atque
945 2241 992 2304 ita
1012 2260 1132 2320 seraper
1158 2240 1320 2304 scordium
1373 2237 1542 2303 dormiunt
1570 2246 1604 2303 et
1632 2241 1848 2321 aequiescunt.
1894 2237 2035 2320 Quando
2068 2240 2196 2305 nullum
2229 2259 2284 2304 cor
2315 2235 2356 2303 in¹

344 2325 456 2408 fecisse
482 2327 521 2390 ob
552 2345 585 2389 eo
610 2325 783 2406 placanda·
816 2326 893 2406 quia
916 2327 947 2390 si
974 2326 1106 2407 quisque
1132 2346 1225 2390 mam
1254 2344 1320 2389 con
1374 2326 1534 2390 sinceram
1552 2325 1616 2389 Dei
1633 2326 1872 2390 invocationem
1889 2346 2037 2406 unquam
2057 2335 2250 2409 prorumpet
2266 2325 2352 2408 quod

345 2413 505 2475 scientiam
525 2411 703 2493 interropet,
724 2417 846 2476 lantum
867 2411 965 2490 abest,
988 2416 1023 2474 ut
1044 2412 1159 2476 audeat
1178 2411 1337 2492 familia‘
1372 2431 1439 2473 non
1462 2410 1560 2475 simul
1582 2409 1624 2474 ad
1651 2411 1805 2492 pietatem
1832 2411 1963 2493 aspiret.
2009 2410 2143 2475 Talibus
2170 2432 2249 2494 ergo
2276 2433 2352 2495 pro-

345 2499 422 2561 riter
442 2516 538 2560 curas
558 2516 636 2559 suas
657 2498 744 2578 apud
765 2497 869 2562 Deum
897 2498 1056 2578 deponere,
1085 2502 1119 2560 ul
1140 2497 1183 2561 ad
1203 2515 1321 2560 manem
1372 2497 1481 2560 missis
1513 2496 1710 2577 respondent
1737 2505 1923 2562 sanctorum
1956 2497 2201 2574 obtestationes,
2235 2497 2352 2578 quibus

346 2603 502 2647 omassum
528 2583 680 2660 trepidet,'
703 2583 768 2646 nisi
798 2583 1017 2646 misericordia
1042 2587 1070 2647 et
1096 2584 1186 2647 omia
1212 2582 1320 2662 fretus.
1374 2602 1453 2646 suae
1474 2581 1527 2646 vel
1555 2582 1706 2664 puritatis
1736 2583 1787 2646 vel
1815 2584 2021 2648 innocentiae
2048 2583 2250 2647 mentionem
2276 2582 2352 2646 inii·

347 2668 407 2733 Est
428 2668 552 2748 quidem
573 2672 601 2730 el
622 2667 689 2730 alia
709 2668 856 2750 specierlis
876 2669 1040 2749 confessio,
1068 2669 1122 2733 ubi
1146 2687 1321 2750 poenarum
1373 2666 1474 2742 ciunt,
1502 2687 1565 2748 quo
1593 2665 1654 2730 sibi
1682 2666 1832 2730 exhiberi
1854 2669 1999 2732 sentiant
2019 2667 2105 2749 quod
2127 2675 2178 2732 est
2200 2668 2352 2732 amnibus

346 2754 525 2818 buatmnem
547 2757 665 2832 optant,
687 2758 722 2817 ut
741 2753 837 2818 umrcl
858 2758 943 2817 oran
957 2759 1085 2834 peecata
1106 2754 1168 2818 sibi
1188 2753 1321 2836 teroem
1373 2752 1438 2816 Dei
1461 2753 1564 2823 servis
1587 2751 1854 2834 exspectandum.
1893 2754 2022 2819 Deinde
2044 2760 2116 2817 tum
2137 2755 2205 2818 fere
2227 2754 2280 2818 nsi
2300 2775 2352 2818 re-

346 2841 424 2920 quio
441 2839 613 2902 abundum
630 2844 706 2903 esset
723 2839 858 2919 effectum
874 2838 940 2903 tolli
958 2839 1040 2918 uelle,
1057 2845 1198 2904 manente
1214 2859 1320 2904 causa.
1373 2838 1548 2919 pariuntur
1565 2836 1627 2901 hoe
1644 2837 1840 2918 precationis
1857 2859 1986 2920 genere,
2006 2837 2084 2902 dum
2102 2861 2137 2904 se
2155 2859 2265 2904 coram
2282 2839 2353 2903 Do-

349 2924 526 2990 Oauendmn
546 2925 630 2987 enim
651 2929 696 2988 est
716 2944 753 2988 ne
774 2923 884 2988 stultos
904 2930 1040 3007 aeprotm
1066 2927 1237 3004 imitemur,
1265 2925 1321 3006 qui
1373 2924 1463 2987 mino
1484 2944 1559 2988 cum
1581 2924 1649 2987 suis
1671 2922 1820 2987 hostibus
1842 2934 2045 3005 comparant,
2076 2946 2094 2989 e
2122 2946 2261 3007 quorum
2289 2924 2353 2988 ini·

347 3011 384 3075 de
397 3010 547 3076 amandis
563 3014 684 3072 tantum
700 3010 906 3075 mcidentibus
920 3010 1201 3089 solliciti,rudieem
1216 3012 1322 3092 ipsam
1373 3009 1498 3091 quitata
1520 3009 1591 3073 eius
1611 3030 1713 3073 manu
1739 3008 1899 3073 vmdioari
1921 3017 2082 3091 optarunt.
2127 3009 2169 3073 In
2191 3010 2253 3074 hac
2273 3032 2352 3075 vero

347 3095 445 3160 morbi
466 3095 632 3178 neplipunl.
681 3096 764 3177 Quin
779 3096 877 3175 prices
896 3095 1004 3160 danda
1025 3117 1119 3176 opera
1140 3101 1193 3174 est,
1214 3101 1249 3159 ut
1270 3115 1322 3159 no·
1373 3095 1617 3177 comparatione
1638 3094 1761 3158 mirum
1782 3115 1848 3158 non
1870 3101 1934 3172 est,
1961 3096 1989 3160 si
2015 3095 2177 3160 iustitiam
2204 3116 2297 3158 suam
2320 3104 2353 3159 et

347 3181 395 3245 bis
415 3182 579 3262 propitius
600 3181 642 3244 sit
663 3180 760 3259 Deus,
782 3202 878 3261 quam
899 3187 933 3245 al
950 3181 1089 3262 formem
1110 3201 1205 3246 surim
1226 3187 1322 3246 eeter-
1373 3180 1481 3244 cordis
1503 3180 1746 3264 simplieitatem
1768 3181 1992 3262 protulerunt,
2015 3202 2078 3263 quo
2101 3202 2142 3244 ex
2164 3201 2282 3245 causae
2301 3181 2352 3261 ip-

348 3267 400 3330 nis
426 3268 528 3349 sipnis
552 3271 691 3346 testetur,
718 3266 795 3348 quia
822 3272 849 3331 ct
875 3267 955 3331 bunc
976 3268 1117 3332 ordinem
1138 3272 1236 3333 terrere
1257 3267 1321 3330 adt
1373 3267 1442 3329 siue
1464 3266 1627 3348 aequitate
1648 3266 1755 3349 magis
1777 3265 1992 3331 adferendos
2014 3267 2076 3330 sibi
2098 3267 2265 3348 suppetias
2282 3266 2351 3330 Do·
2373 3303 2375 3305 -

347 3352 424 3432 ipse,
446 3357 473 3415 et
494 3371 614 3432 parum
635 3352 723 3416 nobis
744 3354 906 3432 prodesset
926 3373 998 3418 eum
1018 3352 1128 3418 laudere
1149 3352 1320 3434 beneficum,
1372 3352 1501 3415 minum
1518 3359 1757 3434 permoverent
1802 3351 1843 3416 Id
1865 3369 1943 3436 erga
1965 3353 2043 3417 boni
2064 3352 2119 3434 pio
2140 3352 2264 3434 pectori
2286 3372 2352 3416 non

348 3439 416 3502 nisi
444 3439 629 3503 mnscierdla
654 3439 818 3519 placatum
845 3440 979 3503 sentiens
1004 3440 1132 3519 penitus
1158 3439 1322 3503 amabilem
1372 3436 1606 3519 praeripimus,
1641 3437 1722 3519 quin
1744 3458 1823 3502 suae
1844 3437 1997 3520 puritatis
2019 3437 2220 3503 conscientia
2242 3458 2352 3502 coram

348 3524 436 3587 nobis
461 3523 607 3588 redderet.
654 3523 741 3604 Quod
762 3525 857 3588 etiam
877 3544 1038 3590 monemur
1061 3521 1178 3589 Christi
1199 3544 1322 3606 respon-
1372 3523 1517 3587 Domino
1536 3523 1667 3587 fiuntur
1689 3522 1731 3587 ad
1753 3545 1788 3588 se
1815 3524 2076 3588 confirmandum
2102 3524 2138 3587 in
2164 3524 2352 3605 promissio·

348 3628 398 3673 se.-
421 3629 497 3672 nam
517 3629 613 3689 quarn
628 3610 842 3691 paralyticam
861 3630 976 3675 sanare
996 3611 1147 3675 demetam
1168 3616 1253 3689 meet,
1275 3631 1322 3674 re-
1371 3609 1478 3686 nibus,
1506 3606 1624 3691 quibus
1646 3630 1741 3674 veros
1764 3628 1840 3673 suos
1867 3608 2007 3674 cultores
2033 3609 2199 3673 Dominus
2227 3609 2352 3673 solatur

348 3695 527 3772 mitantur,
550 3694 664 3775 inquit,
692 3695 748 3759 libi
763 3701 891 3777 peccata
910 3701 965 3760 tua
986 3696 1122 3781 (Matth.
1144 3701 1172 3775 9,
1194 3695 1245 3780 2),·
1262 3697 1321 3760 eri-
1372 3699 1401 3758 et
1420 3694 1529 3775 fulcil,·
1557 3693 1615 3759 sed
1642 3694 1841 3777 impetrandi
1862 3692 2040 3773 fiduciam,
2061 3694 2208 3777 deposita
2228 3694 2352 3777 proprii
2467 3694 2470 3698 ’

345 3800 420 3863 pens
441 3780 563 3843 animos
583 3780 697 3845 scilicet
724 3783 767 3847 ad
794 3781 830 3846 id
856 3781 938 3862 quod
959 3783 1130 3863 praecipue
1150 3783 1321 3863 optandum
1372 3779 1483 3843 meriti
1511 3780 1707 3864 cogitatione
1715 3813 1731 3858 ‚-
1756 3780 1826 3844 sola
1851 3780 1916 3845 Dei
1943 3781 2116 3846 clementia
2143 3779 2267 3845 subniti
2294 3801 2351 3845 vo-

345 3870 404 3943 est,
427 3870 462 3928 ut
482 3886 538 3930 nos
559 3866 595 3928 in
613 3867 752 3947 pralium
773 3867 904 3950 recipiat
926 3866 1032 3948 Deus,-
1054 3868 1164 3932 deinde
1184 3868 1321 3949 fmcelum
1373 3865 1493 3930 lumus.

346 3951 603 4015 reconciliationis
623 3951 659 4015 in
681 3972 736 4032 ope
762 3952 850 4017 nobis
874 3953 1003 4036 ferenda
1022 3953 1173 4034 proferat.
1219 3953 1321 4019 Gade-
1462 3955 1510 4016 11.
1556 3949 1684 4032 Quarta
1693 3949 1846 4032 demum,
1874 3957 1914 4014 ut
1940 3953 1986 4016 ita
2008 3952 2166 4032 prostrati
2186 3956 2214 4015 et
2234 3950 2353 4016 adacti

345 4056 419 4101 rum
439 4041 568 4117 produ
588 4037 753 4117 monicum
773 4038 863 4102 mam
884 4040 1060 4121 praesume
1080 4044 1187 4104 reatus
1207 4040 1321 4121 confes
1372 4057 1447 4102 uera
1473 4036 1648 4101 bumilitate
1674 4036 1880 4102 nibilominus
1906 4045 1997 4101 aena
2031 4058 2089 4120 spe
2121 4037 2280 4102 exorandi
2310 4035 2352 4100 ad

345 4122 478 4201 mmm,
508 4143 571 4204 qua
594 4122 701 4202 fideles
722 4144 784 4205 pro
811 4125 1008 4206 impetranda
1035 4126 1184 4206 cuiusque
1210 4126 1321 4207 culpae
1374 4122 1536 4187 orandum
1566 4123 1759 4186 animemur.
1806 4121 1872 4187 Res
1903 4123 2027 4203 quidem
2052 4124 2089 4186 in
2120 4125 2251 4204 speeiem
2283 4142 2352 4187 con-

345 4213 373 4272 et
383 4209 604 4289 paenaecenia
613 4209 800 4290 supplicant,
819 4209 1045 4293 penmclisilla
1056 4211 1321 4293 praefationum
1373 4211 1502 4286 trariue,
1524 4228 1595 4272 urm
1614 4228 1707 4272 sensu
1729 4210 1832 4273 iustae
1851 4208 1981 4273 allionis
2001 4208 2066 4274 Dei
2087 4210 2269 4291 eaniurrpere
2290 4228 2352 4271 cer-

346 4296 488 4361 oonciliut
499 4293 644 4375 precibus
658 4295 805 4375 laomen,
823 4316 983 4377 irancuum
997 4297 1227 4375 omittendaest,
1244 4298 1322 4377 quia
1372 4299 1439 4360 tum
1465 4295 1618 4374 fidumam
1647 4295 1786 4375 suumn,
1818 4314 1898 4375 quae
1930 4299 2033 4360 tamen
2063 4295 2144 4359 inter
2175 4315 2209 4358 se
2240 4294 2352 4373 oplinre

345 4380 1321 4550 uantueeurltcscnnuouucm
1373 4381 1562 4531 Μ
1584 4377 2350 4545 demutilfflull

350 4552 376 4625 1,
396 4549 446 4634 9).·
468 4553 499 4615 si
518 4551 719 4632 mnfitecmur
734 4488 863 4634 ροέἕιτα
878 4559 996 4632 matra,
1014 4552 1120 4633 fidelis
1140 4559 1186 4618 est
1206 4559 1235 4618 ct
1256 4555 1322 4618 ius-
1373 4557 1402 4617 et
1430 4487 1524 4633 fidemne
1551 4552 1653 4616 socias
1679 4571 1745 4616 esse
1770 4552 1976 4634 immorabili
2003 4514 2124 4614 maudo
2155 4548 2252 4612 simul
2282 4568 2350 4612 cert-

345 4639 411 4712 tus,
438 4642 472 4699 ut
493 4637 580 4702 nobb
600 4639 737 4702 emittat
757 4644 785 4702 et
805 4659 860 4703 nes
881 4639 1022 4705 mundet
1043 4639 1081 4703 ab
1099 4641 1183 4704 ormi
1204 4641 1322 4722 iniqui-
1373 4657 1487 4716 umas,
1513 4657 1651 4719 mmmm
1672 4643 1775 4702 tamar
1796 4638 1896 4702 ultera
1916 4657 1974 4700 uos
1993 4640 2091 4712 terret,
2113 4634 2212 4698 altera
2233 4633 2351 4697 calita·

346 4724 413 4784 tate.
465 4721 552 4787 Unde
570 4744 678 4802 preces
702 4725 759 4790 sub
782 4725 844 4809 lepe
865 4726 1033 4809 sanpuinis
1058 4727 1233 4805 expiationis
1254 4747 1321 4791 cmi-
1373 4728 1432 4802 rat,
1455 4725 1502 4788 ita
1522 4723 1557 4787 iu
1573 4723 1720 4807 pereas
1740 4728 1847 4788 medua
1868 4743 1922 4787 eos
1948 4738 2106 4785 ooeurrere
2128 4724 2248 4800 oportet.
2292 4718 2351 4782 Aa

345 4807 463 4871 sectari
484 4809 624 4887 oportrril,
646 4815 681 4873 ut
698 4817 837 4893 omeptue
853 4816 960 4890 essent,
982 4816 1073 4892 atque
1090 4812 1136 4876 ila
1156 4832 1321 4877 ommate-
1373 4829 1432 4891 que
1463 4809 1544 4874 lunc
1573 4829 1754 4874 minanam
1780 4809 1897 4891 paucis
1927 4805 2029 4870 uerbis
2060 4806 2208 4886 eapmmit
2239 4804 2351 4870 Dauid

344 4892 431 4973 tieret
444 4892 592 4973 papulus,
614 4899 755 4961 seturna
771 4896 897 4963 bmoris
909 4898 1134 4981 praerepatiua
1155 4895 1321 4982 indignum
1373 4894 1476 4977 (Paul.
1497 4900 1526 4975 5,
1546 4894 1599 4978 8).·
1620 4916 1681 4978 epo,
1702 4896 1814 4975 inquit,
1836 4895 1871 4957 iu
1892 4891 2090 4956 multitudine
2111 4891 2257 4954 bonitatis
2277 4896 2350 4957 tuae

346 4998 420 5057 esse,
442 4978 533 5041 donec
553 4997 575 5042 u
594 4979 663 5043 suis
681 4980 926 5062 inquinamentis
940 4989 1100 5067 purpatus
1116 5005 1155 5049 ea
1171 4983 1239 5050 sola
1255 4983 1320 5048 Dei
1372 4981 1535 5065 inprediar
1559 4983 1685 5047 mum
1712 4986 1817 5059 tuam;
1844 4977 1979 5042 adoram
2007 4978 2043 5040 in
2068 4977 2177 5058 ternplo
2205 4978 2350 5041 saredita-

345 5063 562 5129 misericordia
580 5063 748 5146 conciperet
761 5069 916 5147 pecual
932 5068 1093 5149 fiduciam.
1373 5068 1417 5132 tis
1446 5073 1520 5133 luae
1550 5087 1620 5132 acm
1652 5069 1769 5130 timore.
1815 5063 1879 5128 Sub
1907 5061 1972 5126 Dei
1997 5062 2128 5127 bonitate
2151 5061 2246 5142 fidem
2272 5083 2351 5128 com

435 5153 483 5214 10.
528 5146 627 5229 Quod
649 5155 761 5214 autem
783 5155 932 5235 propriae
956 5155 1099 5220 iustitiae
1126 5155 1321 5240 suffragium
1367 5153 1528 5234 medinm,
1561 5155 1700 5217 timorem
1730 5152 1847 5214 interea
1877 5168 1939 5211 non
1971 5147 2151 5227 eaduderu,
2183 5149 2261 5231 quia
2288 5169 2350 5212 non

345 5235 512 5301 interdum
534 5233 577 5300 ad
598 5236 801 5301 exorandum
822 5238 933 5301 Deum
957 5239 1057 5304 citare
1079 5242 1184 5307 saneti
1205 5241 1320 5307 viden·
1373 5244 1496 5304 tannem
1523 5240 1592 5304 eius
1619 5238 1769 5301 maicstm
1794 5236 1838 5300 ad
1861 5234 2063 5299 reuerentiam
2089 5254 2146 5300 nos
2171 5234 2262 5315 cepit,
2294 5233 2350 5297 sed

346 5328 400 5386 tur
418 5320 471 5406 (nt
491 5342 594 5404 quum
609 5320 722 5386 David
738 5321 819 5388 dicit
835 5320 939 5407 (Psal.
957 5327 1009 5401 86,
1027 5324 1078 5407 2):
1101 5326 1227 5392 emtodi
1248 5328 1320 5392 ani-
1366 5326 1505 5407 propria
1523 5325 1616 5388 etiam
1632 5322 1806 5404 indignitas
1823 5321 1925 5385 onmis
1941 5319 2105 5402 urperbice
2126 5325 2153 5384 et
2174 5318 2350 5384 securitatis

346 5427 564 5486 mammeam,
580 5406 657 5491 quia
673 5409 777 5473 bonus
793 5429 881 5487 sum;
898 5407 980 5471 item
989 5408 1150 5476 Ezechias
1166 5412 1201 5493 (2
1213 5411 1318 5496 Regg.
1373 5410 1480 5475 oblitos
1507 5410 1564 5474 aab
1590 5412 1673 5470 metu
1699 5426 1756 5471 nos
1785 5407 1924 5472 continet.
1967 5403 2141 5471 Fiduciam
2173 5423 2252 5468 vero
2281 5422 2349 5466 non

347 5496 398 5573 20,
421 5495 469 5578 4):
497 5491 670 5558 recordare
691 5493 844 5571 Domine,
871 5492 1018 5571 obsecro,
1046 5494 1133 5576 quod
1155 5496 1321 5563 ambulavi
1372 5494 1541 5576 intelligo,
1577 5513 1661 5575 quaa
1694 5492 1837 5557 solutam
1870 5492 1960 5557 omni
1993 5488 2218 5556 anxietudinis
2251 5509 2349 5553 sensu

347 5599 457 5646 aorem
477 5586 509 5644 te
530 5580 567 5643 in
588 5578 735 5659 veritate,
758 5580 883 5662 fecique
904 5579 940 5643 in
960 5578 1063 5644 oculis
1084 5580 1150 5644 tuis
1171 5580 1319 5665 bonum),
1372 5589 1517 5645 mentem
1549 5578 1641 5642 suani
1673 5584 1702 5643 et
1725 5579 1870 5661 perlecta
1897 5578 2007 5663 quiete
2035 5574 2211 5642 demulmct.
2261 5573 2349 5638 Nam

346 5664 466 5730 talibus
475 5664 630 5749 loquendi
640 5665 789 5732 formulis
804 5664 961 5731 nihilsibi
979 5662 1069 5730 aliud
1078 5665 1203 5746 volunt,
1221 5684 1321 5748 quam
1372 5665 1421 5727 ita
1441 5662 1567 5747 placide
1588 5665 1790 5747 acquiescere
1807 5686 1922 5733 aarum
1944 5671 2011 5744 est,
2032 5662 2089 5746 qui
2109 5661 2207 5726 rebus
2234 5660 2350 5726 cunctis
