5600 6809
395 809 458 869 763

394 991 586 1057 mandatum
608 987 698 1053 dedit
719 986 874 1052 Christus
896 986 1031 1068 (Matth.
1055 988 1103 1064 16,
1126 989 1162 1048 19
1188 992 1221 1048 et
1246 990 1293 1061 18,
1316 989 1369 1064 183

394 1079 508 1142 Ioann.
533 1080 589 1151 20,
614 1075 670 1158 23)
711 1082 745 1137 11
782 1080 977 1155 potestatem
1010 1072 1148 1136 contuht
1181 1069 1371 1135 remittendi

394 1171 540 1246 peccata,
568 1162 631 1225 hoo
658 1166 788 1224 tantum
811 1158 914 1222 voluit
935 1166 973 1222 ut
994 1178 1049 1221 eos
1071 1157 1235 1222 solverent
1256 1179 1276 1220 a
1295 1178 1370 1238 peo-

396 1250 477 1315 catis
504 1248 559 1329 qui
588 1246 628 1312 ab
655 1245 823 1328 impietate
853 1242 894 1307 ad
922 1241 1048 1306 Christi
1075 1241 1174 1306 fidem
1202 1250 1370 1308 converte-

395 1343 520 1410 rentur,
545 1330 603 1397 sed
624 1332 730 1414 magis
751 1336 789 1393 ut
810 1329 877 1401 hoe,
893 1330 997 1393 officio
1018 1330 1235 1412 fungerentur
1255 1349 1370 1410 perpe·

395 1428 453 1484 tuo
475 1421 562 1484 inter
583 1417 704 1482 fideles.
742 1413 840 1494 Quod
861 1414 987 1479 Paulus
1010 1414 1111 1492 docet,
1135 1436 1236 1496 quum
1258 1413 1372 1497 scribit

396 1506 430 1590 (2
450 1504 524 1569 Cor.
545 1509 573 1580 5,
594 1504 650 1587 20)
672 1501 868 1584 legationem
886 1500 1168 1577 reconciliationis,
1192 1498 1371 1581 depositam

396 1613 467 1656 esse
490 1589 577 1672 apud
599 1589 752 1654 ecclcsiae
774 1587 951 1664 ministros,
974 1607 1037 1668 quo
1055 1586 1193 1650 subinde
1211 1584 1370 1669 populum

397 1677 528 1740 nomine
558 1673 682 1739 Christi
717 1673 932 1736 exhortentur
959 1672 1000 1735 ad
1028 1694 1062 1735 se
1095 1671 1371 1737 reconciliandum

396 1763 478 1826 Deo.
523 1762 612 1842 Ergo
635 1760 669 1823 in
691 1766 878 1822 sanctorum
899 1759 1125 1821 communione
1146 1757 1249 1839 ipsius
1269 1755 1370 1821 eccle-

396 1848 464 1911 siae
490 1845 669 1909 ministerio
698 1845 790 1908 nohis
818 1843 949 1907 assidue
983 1843 1202 1906 remittuntur
1229 1850 1369 1924 peccata,

396 1953 496 2015 quum
522 1930 706 2014 presbyteri
734 1929 787 1993 111
813 1929 971 2011 episcopi,
1005 1928 1123 2009 quibus
1156 1928 1218 1992 hoc
1248 1950 1370 1991 munus

395 2018 604 2084 commissum
623 2024 680 2092 est,
699 2015 771 2097 pias
789 2015 1003 2079 conscientias
1020 2014 1216 2097 evangelicis
1232 2014 1370 2095 promis·

395 2102 540 2168 sionibus
567 2103 603 2164 in
631 2122 688 2182 spe
719 2101 835 2164 veniae
867 2108 902 2163 et
933 2100 1131 2164 remissionis
1165 2101 1368 2165 confirmant.

394 2189 499 2270 quue
522 2199 589 2251 tam
611 2187 739 2268 pubhce
761 2206 860 2266 quam
881 2186 1051 2267 privatim,
1075 2195 1172 2268 prout
1193 2186 1370 2250 necessitas

394 2274 547 2358 postulat.
594 2272 682 2337 Sunt
707 2272 795 2334 enim
815 2271 971 2352 permulti
993 2273 1047 2352 qui
1068 2293 1127 2353 pro
1150 2291 1209 2337 sua
1230 2271 1369 2335 infirmi-

394 2368 461 2424 tate
482 2358 641 2442 singulari
659 2357 881 2439 pacificatione
898 2355 1055 2439 indigent.
1079 2357 1125 2420 Et
1138 2357 1262 2421 Paulus
1281 2356 1368 2441 (Act

396 2450 448 2522 20,
462 2450 518 2527 20)
535 2466 603 2507 non
614 2452 743 2506 tantum
756 2462 816 2523 pro
834 2443 999 2506 communi
1016 2443 1176 2518 concione,
1196 2441 1253 2505 sed
1271 2443 1370 2506 etiam

395 2554 455 2614 per
476 2530 587 2593 domos
609 2529 819 2593 testificatum
841 2549 876 2592 se
899 2529 999 2592 refert
1019 2527 1117 2592 fidem
1134 2529 1170 2590 in
1189 2526 1369 2605 Christum,

396 2623 424 2682 et
451 2634 717 2696 unumquemque
745 2613 912 2695 sigillatim
945 2613 1151 2677 admonuisse
1185 2613 1225 2676 de
1256 2613 1370 2678 salutis

398 2701 553 2766 doctrina.
599 2701 677 2763 Tria
707 2700 809 2781 igitur
842 2698 896 2761 hie
924 2699 1018 2763 nobis
1047 2697 1249 2763 observanda
1276 2706 1368 2761 sunt:

396 2788 551 2871 primum,
574 2785 776 2866 quantalibet
792 2784 961 2848 sanctitate
977 2783 1121 2866 polleant
1136 2783 1195 2849 filii
1210 2785 1284 2861 Dei,
1309 2783 1370 2848 hac

396 2883 507 2937 tamen
530 2870 711 2936 conditione
734 2891 862 2953 semper
889 2891 975 2947 esse,
1004 2869 1161 2951 quamdiu
1182 2870 1217 2933 in
1240 2869 1370 2932 mortali

396 2979 531 3040 corpore
564 2956 731 3034 habitant,
767 2962 805 3018 ut
837 2956 908 3019 sine
939 2964 1146 3038 peccatorum
1179 2955 1370 3019 remissione

396 3045 572 3109 consistere
594 3050 758 3124 nequeant
779 3062 887 3106 coram
909 3041 990 3105 Deo.
1026 3041 1164 3117 Deinde,
1186 3042 1249 3106 hoe
1270 3041 1369 3105 bene-

394 3131 505 3195 ficium
528 3128 573 3191 sic
594 3149 664 3192 esse
686 3127 838 3191 ccclesiae
860 3128 1044 3210 proprium,
1068 3136 1105 3192 ut
1127 3147 1194 3191 non
1216 3127 1311 3190 aliter
1332 3147 1370 3190 eo

394 3216 544 3280 fruamur
565 3234 664 3294 quam
681 3214 711 3277 si
727 3232 957 3295 permanemus
974 3213 1009 3277 in
1026 3213 1115 3278 illius
1133 3213 1368 3278 communione.

344 3336 347 3341 ·
394 3302 514 3377 Tertio,
537 3320 595 3381 per
615 3298 769 3364 ecclesiae
786 3299 955 3363 ministros
973 3307 1007 3363 et
1022 3306 1168 3381 pastores
1189 3299 1282 3363 nobis
1304 3297 1370 3363 dis·

394 3386 536 3469 pensari,
558 3386 611 3448 111
634 3385 794 3468 evangelii
816 3384 1054 3467 praedicatione
1077 3384 1130 3449 vel
1151 3392 1369 3449 sacramento·

394 3493 468 3535 rum
494 3471 790 3549 administratione,
824 3479 924 3553 atque
956 3470 1018 3534 hac
1044 3471 1079 3534 in
1106 3479 1199 3552 parte
1226 3469 1370 3534 maxime

395 3558 539 3622 eminere
557 3557 697 3620 clavium
715 3563 908 3638 potestatem
927 3578 1026 3638 quam
1043 3556 1205 3621 Dominus
1222 3554 1371 3619 fidelium

395 3643 542 3708 societati
560 3642 706 3708 contulit.
740 3640 883 3706 Proinde
903 3643 1124 3725 unusquisque
1141 3650 1291 3706 nostrum
1308 3640 1370 3705 hoc

395 3729 494 3792 officii
515 3729 567 3792 sui
590 3749 660 3792 esse
682 3729 816 3812 cogitet,
839 3750 905 3792 non
928 3727 1184 3811 alibi⁴quasrcre
1206 3726 1369 3791 remissio-

394 3834 472 3877 nem
488 3822 696 3896 peccatorum
711 3835 809 3896 quam
825 3812 882 3876 ubi
898 3815 1061 3879 Dominus
1078 3834 1152 3879 eam
1167 3813 1283 3895 posuit.
1317 3813 1370 3876 De

395 3897 525 3982 publica·
546 3899 814 3977 reconciliatione,
838 3922 920 3982 quae
943 3901 985 3964 ad
1007 3899 1212 3981 disciplinam
1234 3905 1367 3980 spectat,

394 4005 451 4048 111
471 3985 533 4050 loco
554 3986 679 4049 diceticr.
696 3986 720 4069 ¹)

480 4075 531 4155 23.
578 4070 743 4151 Quoniam
772 4077 880 4134 autem
898 4070 1071 4151 phrenetici
1092 4071 1157 4150 illi,
1190 4091 1267 4152 quos
1288 4071 1368 4148 clici,

393 4159 527 4240 s1>iritess
549 4157 633 4222 hanc
652 4152 783 4220 unicum
798 4156 913 4220 salutis
930 4156 1108 4222 anchoram
1124 4157 1250 4239 eripere
1266 4155 1368 4221 eccle-

393 4245 461 4310 siae
482 4252 660 4320 conantur,
689 4242 846 4305 adversus
868 4249 936 4305 tam
957 4241 1164 4325 pestilentem
1184 4242 1370 4324 opinionem

393 4331 508 4395 fortius
528 4327 730 4394 roborandae
746 4337 826 4391 sunt
842 4328 1067 4393 conscientiae.
1098 4329 1275 4394 Novatiani
1292 4327 1370 4391 olim

393 4417 457 4481 isto
484 4416 635 4498 dogmate
663 4412 815 4478 ccclesias
844 4414 1068 4496 exagitarunt;
1096 4414 1154 4479 sed
1175 4414 1369 4479 Novatianis

390 4523 460 4566 non
487 4501 629 4563 multum
656 4498 830 4563 dissimiles
863 4506 1013 4563 nostrum
1044 4521 1088 4582 qu
1129 4522 1170 4564 ue
1203 4499 1370 4564 saeculum

392 4587 492 4652 habet
513 4583 670 4668 quosdam
691 4606 733 4648 ex
755 4584 990 4667 Anabaptistis,
1012 4586 1068 4667 qui
1152 4584 1267 4650 eadem
1289 4583 1369 4648 deli-

355 4723 360 4734 .
392 4680 545 4737 ramenta
569 4670 770 4736 relabuntur.
814 4671 965 4753 Fingunt
985 4673 1073 4735 enim
1096 4672 1285 4754 regenerari
1305 4670 1370 4734 Dei

393 4759 552 4842 populum
572 4757 607 4820 in
630 4757 792 4838 baptismo
815 4757 850 4819 in
872 4777 989 4837 puram
1008 4764 1042 4822 et
1058 4757 1239 4839 angelicam
1256 4757 1368 4834 vitam,

393 4865 476 4925 quae
503 4842 603 4906 nullis
629 4842 737 4906 earnis
765 4841 914 4907 sordibus
942 4843 1084 4907 vitietur.
1130 4840 1226 4921 Quod
1247 4843 1275 4905 si
1297 4851 1371 4923 post

393 4928 557 5008 baptisma
584 4928 657 5008 quis
685 4927 866 5010 delinquat,
894 4927 979 4991 nihil
1011 4935 1142 5010 praeter
1170 4926 1370 4992 inexorabile

395 5012 460 5076 Dei
492 5010 647 5076 iudicium
678 5013 726 5076 illi
758 5013 957 5095 relinquunt.
1001 5015 1174 5090 Breviter,
1208 5012 1370 5095 peccatori

395 5104 471 5180 post
499 5106 665 5180 acceptam
693 5101 834 5183 gratiam
862 5099 954 5182 lapso
984 5121 1075 5182 spem
1103 5098 1219 5163 veniae
1246 5096 1372 5160 nullam

395 5184 531 5249 faciunt:
551 5185 707 5266 quianon
724 5185 823 5249 aliam
840 5194 1022 5267 agnoscunt
1037 5192 1243 5268 peccatorum
1257 5182 1371 5247 remis·

395 5271 521 5335 sionem
542 5271 607 5335 nisi
628 5292 694 5353 qua
714 5271 858 5352 primum
880 5290 1120 5353 regeneramur.
1165 5269 1239 5333 Etsi
1261 5275 1371 5332 autem

395 5354 602 5421 mendacium
636 5355 765 5421 nullum
799 5376 818 5418 a
852 5355 1014 5438 scriptura
1050 5356 1168 5420 clarius
1201 5355 1369 5431 refutatur,

467 5645 496 5711 1)
523 5645 587 5700 Seii.
610 5646 688 5709 infra
712 5645 778 5714 Cap.
798 5643 871 5699 XII.
893 5645 975 5700 iuius
998 5645 1069 5699 iibri.
1112 5643 1183 5699 Olim
1206 5647 1373 5716 paniosate

398 5712 500 5767 dictum
515 5715 616 5780 Μαί.
651 5715 674 5780 ς.
693 5712 746 5767 184
761 5728 833 5782 seqq.

1040 794 1304 864 INSTI'lU'I'IO
1325 797 1431 864 aaa.
1454 794 1634 863 CHRIS'P.
1662 801 1754 861 1559.

2245 819 2252 828 ’
2340 803 2408 863 764

1423 985 1500 1066 quia
1522 993 1633 1049 tamen
1655 985 1823 1067 reperiunt
1844 987 1900 1050 isti
1927 986 2044 1068 quibus
2072 989 2257 1069 imponant,
2287 1009 2408 1068 quem-

1424 1068 1600 1135 admodum
1622 1077 1655 1135 et
1675 1071 1823 1136 Novatus
1845 1072 1922 1136 olim
1945 1072 2101 1154 plurimos
2124 1073 2239 1137 habuit
2261 1084 2407 1138 sectato·

1424 1177 1491 1231 res,
1519 1156 1664 1222 breviter
1690 1157 1902 1222 ostendamus
1923 1167 2125 1240 quantopere
2147 1160 2182 1222 in
2205 1181 2298 1223 suam
2322 1160 2407 1224 alio-

1423 1262 1562 1323 rumque
1583 1243 1761 1325 perniciem
1783 1243 1959 1308 insaniant
2003 1245 2185 1326 Principio,
2208 1266 2309 1326 quum
2331 1246 2407 1311 Do-

1424 1327 1506 1389 mini
1532 1327 1624 1391 iussu
1652 1327 1795 1410 quotidie
1822 1330 1926 1394 sancti
1955 1337 2108 1412 repetant
2137 1331 2222 1395 hano
2253 1352 2405 1414 precem:

1422 1413 1554 1476 remitte
1583 1413 1676 1478 nobis
1704 1411 1812 1478 debita
1833 1425 1961 1492 nostra,
1991 1437 2026 1479 se
2047 1417 2205 1479 nimirum
2233 1416 2400 1483 debitores

1424 1500 1628 1563 confitentur.
1674 1499 1787 1582 Neque
1814 1500 1937 1565 frustra
1964 1509 2095 1583 petunt,
2130 1503 2207 1583 quia
2236 1501 2404 1569 Dominus

1424 1604 1492 1647 non
1514 1584 1603 1648 aliud
1626 1583 1744 1666 ubique
1765 1586 1943 1667 petendum
1966 1589 2175 1670 praescripsit
2195 1609 2294 1669 quam
2311 1589 2405 1670 quod

1422 1670 1492 1751 ipse
1524 1669 1660 1734 daturus
1692 1679 1785 1735 esset.
1847 1671 1919 1736 Imo
1952 1694 2052 1754 quum
2084 1684 2187 1737 totam
2219 1675 2404 1739 orationem

1423 1755 1613 1819 exauditum
1635 1756 1678 1819 iri
1699 1778 1719 1820 a
1740 1765 1832 1838 patre
1854 1757 1898 1822 sit
1920 1767 2071 1835 testatus,
2101 1759 2186 1823 hano
2208 1768 2319 1824 tamen
2342 1762 2403 1825 ab·

1423 1841 1617 1904 solutionem
1648 1842 1803 1923 peculiari
1831 1844 2012 1907 etiamnum
2045 1845 2258 1925 promissione
2290 1847 2402 1930 obsig-

1424 1927 1523 1990 navit.
1569 1925 1659 2006 Quid
1681 1928 1768 1991 ultra
1789 1929 1961 1994 volumus?
1990 1938 2195 2011 peccatorum
2223 1932 2401 1998 confessio-

1422 2033 1497 2075 nem
1521 2034 1541 2075 a
1562 2014 1698 2090 sanctis,
1729 2023 1762 2076 11
1783 2017 1855 2077 eant
1878 2013 2008 2096 quidem
2030 2015 2209 2091 assiduam,
2241 2026 2309 2081 tota
2330 2021 2401 2083 vita

1423 2098 1560 2179 requirit
1580 2099 1742 2162 Dominus
1765 2108 1797 2163 11
1819 2100 1948 2164 veniam
1970 2100 2148 2183 pollicetur.
2182 2102 2275 2181 Quae
2297 2104 2401 2168 auda·

1423 2184 1473 2248 cia
1494 2193 1545 2248 est
1566 2191 1623 2248 aut
1644 2206 1664 2248 a
1686 2192 1818 2267 peccato
1839 2184 1912 2249 illos
1934 2187 2087 2264 eximere,
2112 2195 2179 2264 aut,
2203 2189 2230 2251 si
2252 2190 2400 2273 impege-

1424 2270 1506 2346 rint,
1530 2291 1549 2333 a
1570 2271 1676 2353 gratia
1696 2291 1830 2352 prorsus
1852 2270 2045 2337 excludere?
2091 2273 2164 2336 Iam
2186 2275 2303 2355 quibus
2325 2276 2401 2340 vult

1424 2375 1483 2419 nos
1505 2355 1687 2419 condonare
1709 2358 1929 2438 septuagesies
1947 2359 2066 2440 septies
2088 2359 2223 2441 (Matth.
2248 2364 2296 2439 18,
2318 2361 2398 2442 22)1

1424 2461 1534 2505 annon
1563 2440 1737 2506 fratribus?
1783 2440 1951 2521 Quorsum
1973 2444 2139 2526 praecepit
2160 2445 2222 2509 nisi
2246 2455 2284 2509 ut
2305 2466 2399 2510 suam

1423 2526 1629 2591 clementiam
1656 2527 1842 2590 imitemur?
1888 2528 2062 2593 Condonat
2082 2530 2186 2612 igitur
2207 2552 2274 2595 nou
2298 2533 2399 2596 semel

1424 2619 1482 2675 aut
1509 2610 1572 2690 bis;
1600 2612 1657 2676 sed
1686 2613 1812 2694 quoties
1841 2611 2034 2679 delicturum
2061 2616 2226 2698 agnitione
2254 2627 2399 2682 conster-

1422 2699 1492 2761 nati
1514 2696 1555 2761 ad
1578 2719 1652 2761 eum
1675 2699 1849 2780 suspirant.

1509 2786 1559 2846 24.
1594 2783 1711 2866 Atque,
1734 2791 1773 2848 ut
1790 2783 1831 2848 ab
1847 2785 1926 2868 ipsis
1944 2807 2048 2867 paene
2069 2787 2273 2852 incunahuhs
2296 2790 2399 2853 eccle·

1423 2869 1489 2932 siae
1511 2868 1692 2949 ordiamur,
1714 2870 1919 2952 patriarchae
1941 2872 2123 2937 circumcisi
2143 2882 2250 2951 erant,
2274 2876 2307 2937 in
2330 2876 2400 2939 foe·

1423 2953 1509 3019 deris
1531 2955 1813 3037 participationem
1831 2956 1949 3034 allecti,
1977 2955 2081 3022 edocti
2105 2957 2312 3023 hauddubie
2336 2982 2399 3041 pa·

1423 3041 1484 3104 tris
1512 3039 1682 3123 diligentia
1708 3041 1868 3106 iustitium
1895 3051 1929 3107 11
1955 3044 2192 3125 integritatem,
2225 3066 2327 3127 quum
2361 3047 2399 3110 in

1422 3125 1639 3191 fratricidium
1660 3127 1899 3209 conspirarunt.
1941 3126 2055 3193 Scelus
2078 3137 2150 3193 erat
2170 3131 2222 3196 vel
2243 3130 2399 3212 perditis·

1423 3212 1514 3276 simis
1545 3212 1729 3278 latronibus
1762 3213 2025 3278 abominandum.
2070 3214 2217 3280 Tandem
2244 3237 2399 3282 mansue·

1422 3298 1500 3363 facti
1516 3296 1619 3362 Iudae
1642 3298 1874 3363 monitionibus
1895 3298 2121 3365 vendidertmt
2156 3302 2248 3366 Haec
2270 3323 2397 3385 quoque

1422 3383 1637 3448 intolerabilis
1657 3384 1722 3447 fuit
1742 3385 1938 3450 immanitas.
1980 3385 2114 3451 Simeon
2136 3396 2169 3451 et
2189 3389 2283 3463 Levi,
2307 3389 2397 3452 nefa·

1422 3469 1473 3533 ria
1501 3470 1625 3543 ultione
1652 3478 1687 3534 et
1714 3471 1817 3552 patris
1849 3492 1977 3554 quoque
2008 3471 2128 3536 iudicio
2160 3473 2329 3552 damnata,
2362 3475 2397 3538 in

1423 3553 1614 3620 Sichimitas
1631 3557 1828 3621 saevierunt.
1851 3556 1970 3622 Ruben
1987 3557 2094 3621 cubile
2110 3566 2284 3639 paternum
2303 3582 2398 3643 spur·

1424 3641 1553 3706 sissima
1570 3641 1706 3707 libidine
1723 3642 1968 3708 contaminavit.
1992 3642 2093 3708 Iudas
2112 3643 2192 3708 dum
2209 3645 2399 3710 scortationi

1422 3727 1496 3792 vult
1522 3725 1707 3809 indulgere,
1742 3741 1872 3808 praeter
1901 3735 2040 3793 naturae
2067 3728 2174 3812 legem
2203 3731 2244 3799 ad
2276 3753 2397 3796 nurum

1422 3811 1615 3895 ingreditur.
1660 3813 1764 3894 Atqui
1784 3820 1914 3877 tantum
1936 3814 2029 3880 abest
2055 3816 2134 3897 quin
2163 3827 2397 3899 expungantur

1422 3897 1579 3979 epopulo
1601 3897 1712 3976 electo,
1733 3906 1771 3962 ut
1791 3900 1900 3981 potius
1919 3900 1955 3963 in
1973 3901 2080 3983 capita
2096 3901 2273 3984 erigantur.
2308 3901 2397 3983 Quid
2492 3944 2498 3958 ·

1422 4004 1518 4066 porro
1540 3982 1671 4047 David?
1700 4005 1801 4066 quum
1828 4005 1959 4067 praeses
1982 3995 2067 4052 esset
2088 3988 2246 4059 iustitiae,
2274 3999 2396 4069 quanto

1422 4090 1497 4133 cum
1523 4068 1661 4152 flagitio,
1694 4091 1754 4153 per
1784 4071 1969 4137 innocentis
1995 4073 2165 4157 sanguinis
2193 4074 2395 4152 effusionem,

1421 4157 1511 4220 viam
1528 4175 1642 4220 111111
1659 4155 1786 4246 hbidini
1803 4158 1976 4237 patefecit?
1999 4159 2073 4224 Iam
2086 4166 2296 4242 regeneratus
2315 4169 2396 4237 erat,

1422 4263 1460 4307 ac
1480 4242 1569 4305 inter
1589 4249 1798 4324 regeneratos
1814 4243 1997 4326 insignibus
2015 4245 2128 4328 elogiis
2146 4244 2278 4308 Domini
2298 4265 2397 4308 orna-

1422 4336 1483 4391 tus.
1518 4325 1617 4406 Quod
1637 4335 1748 4392 tamen
1770 4328 1823 4393 vel
1844 4329 1932 4393 iuter
1953 4338 2066 4412 gentes
2087 4328 2240 4393 horribile
2264 4340 2313 4391 est
2335 4331 2399 4394 fla·

1422 4414 1539 4496 gitium
1561 4415 1779 4495 perpetravit,
1802 4420 1835 4478 et
1856 4416 1987 4479 veniam
2009 4427 2120 4478 tamen
2141 4426 2191 4475 est
2213 4432 2397 4495 consequu-

1421 4507 1483 4563 tus.
1517 4499 1571 4576 Et,
1594 4520 1635 4563 ne
1653 4499 1876 4582 singularibus
1893 4498 2052 4581 exemplis
2073 4499 2293 4575 immoremur,
2318 4509 2398 4581 quot

1421 4587 1456 4648 in
1477 4585 1551 4667 lege
1573 4593 1607 4649 et
1627 4585 1795 4667 prophetis
1817 4604 1896 4667 erga
1917 4583 2083 4649 Israelitas
2105 4590 2237 4647 exstant
2265 4583 2398 4651 divinae

1421 4669 1662 4735 misericordiae
1685 4670 1930 4751 promissiones,
1960 4670 2054 4733 toties
2076 4670 2305 4751 comprobatur
2326 4671 2396 4736 Do-

1422 4758 1532 4820 minus
1560 4777 1594 4819 se
1621 4753 1812 4836 placabilem
1842 4754 1997 4819 exhibere
2024 4755 2137 4837 populi
2169 4757 2219 4820 sui
2252 4758 2393 4823 offensis

1422 4840 1512 4921 de
1544 4841 1632 4904 enim
1660 4839 1770 4903 Moses
1802 4839 1965 4920 promittit
1997 4841 2066 4904 fore
2098 4841 2153 4914 ubi
2186 4843 2326 4925 populus
2360 4844 2396 4906 in

1422 4926 1617 5009 apostasiam
1638 4923 1807 5005 prolapsus
1829 4922 1963 4987 redierit
1984 4924 2026 4988 ad
2047 4927 2248 4991 Dominum?
2284 4927 2397 4992 Redu-

1422 5019 1473 5077 cet
1491 5018 1523 5075 te
1540 5009 1633 5072 Deus
1651 5030 1670 5072 e
1687 5009 1883 5091 captivitate,
1904 5017 1938 5073 11
1958 5011 2164 5076 miserebitur
2186 5014 2243 5091 tui,
2266 5023 2299 5077 et
2320 5035 2397 5079 con-

1422 5095 1635 5246 atim
1657 5094 1858 5246 33.be
1871 5095 2398 5267 {habitabaris}

1424 5266 1574 5350 colligam
1595 5266 1709 5350 (Dent.
1734 5270 1785 5346 30,
1809 5267 1854 5340 3).

1496 5356 1561 5416 25.
1606 5351 1675 5418 Sed
1707 5352 1782 5417 nolo
1815 5356 2095 5420 enumerationem
2126 5356 2280 5420 inchoare
2314 5377 2398 5438 quae

1422 5457 1593 5521 nunquam
1613 5438 1758 5504 finienda
1773 5448 1868 5505 esset.
1900 5440 1998 5505 Pleni
2016 5440 2104 5504 enim
2121 5448 2198 5506 sunt
2218 5441 2397 5526 prophetae

1423 5524 1581 5590 eiusmodi
1601 5522 1878 5607 promissionibus,
1901 5546 1985 5606 quae
2002 5525 2121 5607 populo
2137 5527 2276 5591 infinitis
2296 5526 2396 5593 seele-

1423 5612 1514 5676 ribus
1535 5618 1685 5694 cooperto
1707 5609 1962 5674 misericordiam
1985 5617 2095 5675 tamen
2115 5611 2262 5676 offerant.
2298 5610 2395 5692 Quod

1424 5697 1557 5781 gravius
1590 5703 1640 5760 est
1671 5695 1833 5779 flagitium
1865 5695 2063 5760 rebelhone?
2099 5696 2275 5763 divortium
2307 5699 2394 5762 enim
