5600 6809
353 684 358 708 ¹
438 743 478 803 se
1081 733 1345 802 mauronto
1368 721 1473 801 Ruti.
1496 733 1677 800 suumn.
1705 738 1796 798 isse.
2404 734 2446 797 eo

438 924 510 990 Non
535 925 651 989 anau
671 923 840 1006 propbetas
868 928 896 987 et
923 924 1052 1006 apostati
1082 923 1127 987 oet
1156 943 1284 987 αενννννενν
1311 943 1414 1002 suurn,
1466 920 1565 985 arria
1597 923 1639 986 ad
1671 923 1913 1003 confirnmndam
1939 923 2069 1006 piorum
2098 925 2205 1004 sidero,
2244 924 2321 1004 quin
2352 922 2446 986 tanc

435 1011 482 1076 cel
502 1030 698 1092 quaecunque
721 1010 815 1091 fidem
836 1010 1029 1092 loquentibus
1050 1009 1227 1086 cnudiant,
1250 1029 1346 1091 neque
1367 1011 1415 1073 iu
1466 1013 1582 1071 nunus
1614 1007 1781 1087 illuminet,
1815 1030 1936 1091 semper
1967 1011 2048 1075 iuter
2080 1011 2196 1075 inuitas
2228 1008 2446 1073 laudationes

435 1098 550 1162 amant
578 1095 769 1173 rationibus,·
797 1097 851 1160 sed
878 1117 1003 1160 socrum
1026 1095 1088 1159 Dei
1111 1115 1217 1158 nornen
1240 1095 1413 1177 protorum,
1438 1116 1441 1136 ·
1463 1094 1624 1171 fluctuant.

436 1203 496 1264 quo
523 1182 567 1245 ad
593 1182 771 1262 obsequium
798 1187 923 1263 copatur
951 1186 1030 1246 totus
1060 1181 1203 1244 urendus.
1246 1180 1349 1244 ,Nune
1371 1183 1416 1244 oi
1554 1184 1581 1242 5.
1628 1179 1757 1244 Maneat
1778 1200 1848 1263 erqo
1869 1179 1922 1244 boc
1942 1180 2051 1260 lisura
2074 1201 2151 1262 quos
2167 1181 2299 1263 spiritus
2316 1185 2447 1244 sanetus

436 1269 570 1333 ciendum
597 1268 743 1348 quomodo
770 1288 831 1329 non
859 1268 1000 1349 opinione
1026 1272 1147 1330 tamum
1167 1265 1339 1347 probabili,
1361 1267 1416 1333 sed
1466 1265 1553 1329 iectus
1580 1266 1699 1344 docuit,
1728 1266 1824 1330 solide
1846 1267 2036 1347 acquiescere
2056 1267 2091 1330 iu
2120 1266 2289 1347 scriptura,
2316 1271 2343 1329 et
2364 1265 2445 1329 banc

437 1355 559 1435 liquida
586 1354 711 1417 ueritate
733 1358 854 1433 pateat,
883 1374 943 1416 rien
970 1358 1090 1429 temere,
1120 1373 1173 1416 erec
1192 1352 1346 1433 sadordcr
1368 1354 1416 1416 ob
1467 1352 1591 1430 quidem
1613 1372 1678 1416 esse
1701 1349 1890 1430 attinentur,
1912 1373 2007 1435 neque
2027 1353 2282 1417 demorrstrationi
2302 1357 2330 1415 et
2350 1352 2446 1416 ratio-

436 1441 519 1504 tenrii
541 1439 604 1502 Dei
626 1459 740 1502 srimnen
770 1438 891 1503 Iamsi
913 1438 1118 1503 conscientiis
1141 1439 1262 1521 optime
1284 1439 1415 1503 consul·
1467 1436 1560 1500 nibus
1581 1437 1692 1501 subiici
1710 1457 1779 1500 earn
1799 1437 1853 1518 sas
1871 1458 1954 1516 esse;
1975 1459 2070 1519 qnam
2087 1444 2189 1502 minen
2206 1443 2340 1503 moretm
2357 1436 2446 1519 apud

436 1533 509 1589 tum
530 1525 697 1601 volumus,
720 1546 761 1587 ne
783 1524 929 1588 instabili
951 1523 1153 1589 dubitatione
1175 1532 1331 1606 perpetuo
1355 1525 1416 1588 cir-
1466 1519 1522 1586 nob
1549 1523 1777 1601 certitudinem,
1805 1524 1938 1603 spiritus
1965 1526 2135 1590 testimonio
2167 1524 2318 1605 consequi.
2369 1523 2445 1587 Etsi

436 1611 649 1692 camserantur
671 1615 725 1674 aut
745 1609 916 1687 vacillent,
945 1630 983 1673 ne
1004 1611 1097 1674 etiam
1124 1610 1273 1675 baesitent
1293 1611 1336 1674 ad
1357 1611 1416 1673 mi·
1467 1608 1555 1671 enim
1575 1609 1795 1673 reverentiam
1817 1629 1876 1673 sua
1898 1609 1959 1673 sibi
1981 1609 2066 1674 ultro
2091 1611 2262 1674 maiestate
2284 1608 2445 1685 conciliat,

436 1699 538 1760 nimos
567 1717 700 1776 quosque
727 1695 904 1777 scrupulos
933 1695 1032 1759 altius
1062 1717 1161 1778 quam
1192 1695 1233 1759 ab
1262 1695 1415 1760 humanis
1467 1702 1546 1760 tunc
1567 1702 1680 1758 tamen
1702 1694 1835 1758 demum
1856 1695 1939 1758 serio
1971 1715 2031 1758 nos
2054 1696 2153 1760 afficit
2175 1717 2276 1778 quum
2298 1715 2357 1776 per
2379 1695 2446 1776 spi-

437 1784 489 1847 vel
513 1780 709 1859 rationibus,
732 1782 786 1845 vel
809 1780 949 1858 iudiciis,
977 1782 1029 1846 vel
1053 1782 1246 1847 coniecturis
1275 1781 1419 1863 petenda,
1466 1780 1566 1842 ritum
1593 1779 1764 1863 obsignata
1793 1788 1843 1844 cst
1874 1779 2024 1845 cordibus
2055 1783 2184 1846 nostris.
2240 1780 2334 1845 Illius
2367 1801 2447 1863 ergo

437 1877 488 1933 cst
509 1869 581 1932 leaeo
603 1868 769 1949 percensio
797 1888 914 1948 nempe
942 1867 983 1932 ab
1006 1888 1119 1931 arcano
1141 1868 1326 1932 testimonio
1348 1869 1414 1950 spi·
1467 1866 1588 1929 virtute
1610 1865 1801 1943 illuminati,
1824 1867 1891 1930 iam
1913 1887 1978 1930 non
2000 1875 2057 1930 aut
2077 1876 2204 1943 nostro,
2228 1878 2286 1930 aut
2306 1867 2446 1930 aliomm

437 1956 529 2019 ritus.
583 1953 696 2017 Verum
720 1953 845 2032 quidem
867 1959 918 2032 est,
940 1954 970 2017 si
991 1955 1182 2036 arqumentis
1203 1974 1292 2034 apere
1314 1953 1413 2031 tucn,
1465 1951 1584 2016 iudicio
1606 1951 1777 2028 credimus,
1801 1973 1821 2014 a
1842 1952 2006 2016 Decesse
2029 1954 2238 2035 scripturam;
2267 1952 2323 2017 sed
2346 1972 2448 2034 supra

436 2041 536 2104 muita
558 2040 704 2121 possein
725 2039 862 2103 medium
884 2040 1024 2121 proferri
1051 2060 1129 2120 quoe
1149 2039 1244 2119 facite
1265 2039 1413 2116 astruant,
1467 2037 1649 2101 humanum
1670 2037 1836 2114 iudicium,
1860 2044 1948 2102 certo
1970 2039 2091 2102 ceruus
2113 2039 2341 2103 consumsimus
2363 2037 2447 2122 (nan

436 2127 468 2198 si
490 2126 561 2206 quis
582 2130 627 2189 cst
648 2126 683 2187 in
705 2124 781 2188 coelo
803 2123 902 2204 Dens,
925 2125 1018 2207 leqem
1039 2130 1066 2189 et
1082 2125 1263 2207 prophetias
1281 2130 1308 2188 et
1325 2145 1415 2188 econ
1467 2144 1559 2188 secus
1582 2144 1620 2187 ac
1642 2125 1669 2187 si
1693 2124 1796 2204 ipsius
1818 2124 1881 2187 Dei
1911 2144 2035 2188 numen
2048 2124 2123 2189 illic
2145 2123 2364 2206 intueremur)
2387 2123 2447 2187 ho-

434 2212 551 2295 qetium
578 2210 617 2274 ab
644 2231 677 2275 eo
699 2230 852 2274 manasse.
902 2209 972 2274 Imo
1001 2212 1145 2290 quamuis
1172 2211 1251 2275 docti
1277 2210 1415 2274 hominm
1466 2209 1592 2272 minum
1625 2210 1821 2286 ministerio,
1856 2207 1897 2273 ab
1931 2210 2093 2292 ipsissimo
2125 2209 2190 2274 Dei
2223 2231 2278 2273 ore
2313 2209 2356 2272 ad
2386 2230 2447 2274 nos

437 2303 465 2361 et
491 2317 611 2362 sumrm
637 2297 754 2359 iudicio
770 2297 911 2377 praediti
937 2302 1042 2360 contra
1062 2298 1241 2379 inserpunt,
1264 2301 1292 2360 et
1312 2317 1415 2361 omnes
1464 2295 1602 2373 fluuuse.
1631 2294 1705 2358 Non
1724 2302 1925 2378 argumenta,
1944 2316 2012 2358 non
2029 2295 2331 2360 verisimilitudines
2347 2316 2448 2376 quae·

436 2384 554 2467 inponi
577 2383 659 2447 eires
681 2384 837 2462 anteferant
858 2388 948 2462 atque
968 2387 1111 2447 ostentent
1133 2384 1167 2445 in
1188 2383 1246 2446 bac
1266 2382 1415 2463 disrepta
1466 2382 1569 2444 rimus
1597 2381 1714 2463 quibus
1742 2381 1898 2445 iudicium
1926 2391 2074 2445 nostrum
2100 2382 2283 2459 incumbat;
2311 2380 2385 2458 sed,
2410 2386 2449 2443 ut

435 2471 529 2546 tione,
557 2470 622 2532 uisi
650 2474 752 2532 tamen
773 2469 816 2532 act
839 2469 997 2548 perditam
1023 2469 1247 2549 impudentiam
1269 2469 1416 2533 obdurue-
1467 2467 1515 2530 rei
1543 2476 1638 2531 extra
1660 2466 1854 2531 aestimandi
1882 2466 1988 2530 aleam
2009 2468 2146 2548 positae,
2174 2466 2332 2532 iudicium
2354 2467 2448 2549 inge-

436 2557 509 2632 rint,
533 2554 758 2634 extorquebitur
778 2553 844 2616 illis
865 2553 938 2618 leaeo
955 2555 1112 2634 cortfessio,
1135 2557 1302 2635 manufesta
1321 2556 1415 2636 siquo
1468 2552 1623 2635 niumque
1645 2561 1796 2617 nostrum
1818 2552 2015 2617 subiicimus.
2062 2552 2135 2617 Non
2158 2553 2192 2616 id
2214 2551 2345 2634 quidem
2364 2569 2446 2634 qua-

437 2641 588 2721 ioqueutis
615 2639 678 2702 Dei
707 2640 838 2720 conspici
862 2641 897 2702 in
923 2641 1097 2722 scriptura,
1121 2662 1158 2703 en
1179 2641 1291 2720 quibus
1306 2645 1416 2722 pateat
1466 2638 1542 2701 liter
1564 2639 1670 2703 solent
1690 2637 1823 2720 quidam
1851 2637 2016 2702 interdum
2044 2660 2116 2702 rem
2136 2639 2339 2722 incognitam
2362 2638 2447 2701 arri·

436 2727 589 2791 coeustem
615 2745 679 2789 esse
705 2726 774 2789 eius
805 2726 991 2805 taurinam
1018 2747 1054 2790 ao
1082 2726 1275 2807 paulopost
1302 2727 1416 2791 amabi
1466 2745 1557 2807 perc,
1588 2746 1683 2806 quae¹
1697 2745 1774 2788 mox
1795 2731 1965 2805 perspecta
1987 2723 2149 2806 displicet3
2165 2723 2235 2798 ,ssd
2255 2724 2332 2805 quia
2353 2723 2450 2788 inex·

437 2832 523 2890 mas,
552 2831 655 2876 omna
676 2813 852 2893 scripturae
879 2832 987 2876 sacrae
1019 2813 1115 2877 libros
1141 2813 1312 2894 quibusque
1339 2813 1416 2876 aliis
1466 2810 1676 2893 pugnabilem
1697 2832 1756 2874 nos
1779 2811 1949 2874 veritatem
1971 2816 2097 2888 tenere,
2120 2809 2219 2892 probe
2248 2809 2341 2874 nobis
2369 2829 2450 2874 con·

436 2897 563 2978 scriptis
589 2896 767 2980 bnqissime
790 2897 981 2978 praeualere.
1025 2897 1094 2962 Irno
1129 2899 1159 2962 si
1187 2918 1289 2979 puros
1316 2899 1416 2961 anulos
1467 2897 1526 2960 scii
1556 2917 1678 2960 sumus.
1728 2896 1843 2977 Neque
1865 2894 2005 2977 qualiter
2031 2893 2315 2977 superstitionibus
2338 2895 2449 2960 solent

436 2989 465 3047 ct
485 2984 619 3066 inteqros
640 3002 750 3047 sensus
771 2982 845 3046 illuc
866 2983 1041 3064 afferimus,
1070 2985 1175 3048 statim
1197 2990 1330 3048 moueret
1353 2982 1416 3046 Dei
1467 2982 1579 3046 miseri
1618 2982 1766 3046 homines
1806 2983 1969 3064 captivam
2007 2990 2152 3046 mentem
2190 2979 2356 3058 addicere,
2390 2978 2453 3045 sed

436 3070 599 3144 maiestas,
628 3089 705 3150 qaae
729 3067 856 3132 subacta
883 3069 1076 3134 reclamandi
1096 3071 1247 3147 audacia,
1271 3080 1334 3134 ‘nos
1354 3069 1417 3133 sibi
1468 3069 1632 3149 quianon
1654 3066 1787 3133 dubiam
1809 3068 1877 3132 vim
1898 3067 2043 3132 numinis
2065 3068 2131 3132 illic
2153 3069 2312 3132 sentimus
2334 3067 2451 3151 vigere

433 3175 547 3238 parere
572 3159 666 3236 ooqat.
716 3152 918 3236 Praepostere
953 3159 1055 3226 tamm
1080 3156 1201 3235 iaciunt
1226 3157 1281 3235 qui
1308 3155 1417 3236 dispo»
1469 3175 1507 3219 ac
1535 3155 1673 3236 spirare,
1708 3175 1773 3236 qua
1793 3153 1836 3217 ad
1865 3152 2062 3235 parendum,
2091 3155 2230 3219 scientos
2256 3151 2389 3236 quidem
2411 3173 2451 3219 aa

435 3241 529 3306 tundo
557 3240 738 3304 conandum
767 3240 903 3305 solidam
931 3242 1105 3321 scripturae
1127 3241 1221 3322 Mem
1246 3242 1416 3306 adstruere.
1468 3240 1624 3318 volentes,
1647 3239 1790 3306 vividius
1812 3247 1924 3303 tamen
1946 3246 1979 3302 ct
1999 3240 2161 3306 efficacius
2183 3261 2282 3322 quum
2302 3259 2363 3321 pro
2386 3237 2451 3303 hu·

437 3323 599 3407 Equidem
620 3326 743 3389 tornetsi
762 3346 816 3390 nec
837 3346 962 3390 summa
983 3324 1169 3404 demaine,
1192 3347 1245 3392 oter
1264 3328 1417 3408 facundia
1469 3347 1568 3390 mana
1589 3332 1646 3389 aut
1667 3325 1836 3389 voluntate
1858 3330 1916 3388 aut
1932 3325 2077 3404 scientia,
2100 3325 2264 3390 trahimur
2282 3335 2316 3388 et
2333 3345 2453 3390 accen·

429 3411 546 3495 polteo,
572 3412 601 3475 si
628 3417 730 3476 tamen
756 3411 836 3475 mibi
862 3415 1013 3477 mrtanmn
1041 3417 1118 3477 esset
1139 3433 1209 3477 oum
1238 3414 1418 3495 cafarimis
1470 3413 1587 3476 dimur.
1629 3411 1741 3492 Itaque
1762 3410 1874 3491 optineo
1893 3411 2039 3492 iamper
2060 3411 2200 3476 Iesaiam
2221 3411 2287 3496 (43,
2309 3409 2364 3494 10)
2387 3412 2454 3477 eto-
2477 3412 2480 3422 '

329 3530 335 3538 ·
435 3499 608 3578 quibusque
640 3496 703 3561 Dei
741 3498 1005 3580 contemptoribus,
1045 3500 1101 3578 qui
1134 3500 1169 3562 in
1201 3498 1418 3579 labefactanda
1470 3503 1534 3562 mat
1555 3497 1664 3576 Deus,
1686 3496 1856 3578 propbetas
1882 3517 1952 3560 cum
1973 3501 2029 3560 toto
2044 3497 2162 3579 populo
2183 3497 2246 3562 sibi
2266 3517 2331 3560 esse
2351 3502 2452 3576 testea

432 3773 565 3834 poscere
599 3754 647 3817 Ao
669 3756 698 3818 si
719 3755 808 3820 rutilis
829 3758 864 3820 in
885 3690 1063 3837 uictimis
1079 3777 1185 3822 eorum
1202 3757 1324 3820 canitis
1341 3761 1418 3820 esset
1469 3757 1636 3840 persuasio
1664 3776 1746 3837 quae
1774 3756 1917 3819 rabones
1943 3776 2010 3819 non
2038 3719 2198 3838 requiiat3
2224 3755 2299 3821 talis
2321 3689 2451 3834 nidus,

437 3838 536 3916 labor,
566 3859 627 3902 non
654 3861 764 3922 nmque
791 3844 906 3925 amotio
935 3862 1014 3923 quas
1041 3844 1076 3906 in
1103 3843 1230 3925 cupidis
1251 3843 1418 3906 mctamias
1469 3843 1522 3908 cui
1556 3841 1679 3924 optima
1712 3841 1795 3904 ratio
1825 3846 1963 3906 constet:
1998 3862 2117 3923 nempe
2145 3843 2181 3905 in
2209 3863 2274 3924 qua
2302 3841 2453 3906 mourius

436 3924 604 3988 mussitant
633 3925 821 3990 discuterem.
879 3928 993 3992 Verum
1030 3930 1060 3992 si
1093 3930 1164 4009 quis
1196 3948 1322 3993 sacrum
1354 3928 1418 3992 Dei
1470 3929 1734 4009 constantiusque
1761 3948 1854 3991 mens
1875 3927 2011 4008 quiescit
2037 3947 2137 4008 quam
2157 3929 2192 3992 in
2214 3928 2291 3992 ullis
2312 3927 2452 3992 rationi·

437 4009 563 4074 oubam
593 4016 714 4073 asserat
741 4013 779 4075 ab
801 4013 960 4077 bominum
981 4014 1168 4092 maledictis,
1192 4036 1254 4079 non
1270 4015 1417 4095 protinus
1468 4014 1545 4091 bus3
1567 4014 1642 4077 talis
1664 4011 1805 4094 denique
1826 4034 1951 4091 sensus,
1975 4014 2030 4094 qui
2053 4013 2181 4078 nisiex
2202 4014 2334 4079 coelesti
2357 4035 2466 4097 reve.

438 4100 540 4160 tamen
562 4116 658 4176 quam
684 4099 816 4177 requirit
837 4100 942 4179 pietas
969 4101 1182 4166 certitudinem
1203 4100 1346 4166 earduus
1368 4102 1428 4164 iu·
1468 4100 1590 4163 latione
1628 4100 1719 4164 nasci
1753 4106 1902 4180 nequeat.
1957 4099 2032 4163 Non
2073 4099 2162 4163 aliud
2197 4101 2311 4183 loquor
2351 4121 2453 4182 quam

436 4182 516 4264 fiqet.
564 4181 647 4262 Quia
669 4183 812 4262 spuitione
832 4189 952 4248 tamum
973 4190 1056 4250 stare
1076 4187 1198 4252 uidetur
1220 4187 1331 4270 reliquo
1343 4207 1418 4268 pro
1470 4183 1556 4269 quod
1582 4185 1683 4268 apud·
1697 4206 1731 4249 se
1758 4186 1926 4266 experitur
1946 4184 2092 4249 fidelium
2121 4187 2357 4269 unusquisque,
2386 4187 2454 4253 nisi

435 4269 524 4349 fanis
544 4267 729 4347 bominibus,
751 4271 882 4351 nequid
903 4270 993 4336 stulte
1015 4277 1070 4335 aut
1091 4273 1195 4337 berder
1211 4273 1343 4351 medani,
1366 4294 1418 4337 ra-
1469 4271 1555 4354 quod
1587 4271 1684 4355 longe
1716 4272 1804 4335 infra
1832 4271 1955 4335 iustam
1984 4273 2032 4335 rei
2065 4272 2316 4354 explicationem
2348 4274 2453 4339 verba

436 4356 518 4419 tuone
534 4352 667 4434 probari
687 4353 749 4418 sibi
776 4357 907 4436 cupiunt
929 4376 965 4420 ao
986 4358 1147 4438 postulant
1168 4357 1280 4423 Mosen
1301 4363 1329 4422 et
1344 4379 1418 4440 pro
1470 4356 1653 4422 subsidunt.
1697 4357 1852 4423 leibus
1875 4380 1962 4422 nunc
1983 4357 2188 4441 supersedeo,
2211 4359 2365 4440 quoniam
2387 4358 2452 4424 hac

431 4440 544 4525 pbetos
566 4440 718 4503 divinius
740 4441 878 4522 loquium
898 4462 971 4507 esse.
1012 4441 1112 4524 Atqui
1130 4446 1337 4508 testimonium
1353 4446 1418 4526 spi-
1470 4443 1510 4508 de
1536 4465 1572 4507 rs
1601 4443 1686 4528 alibi
1706 4442 1869 4508 mactandi
1894 4442 1984 4507 locus
2009 4444 2129 4507 iterum
2159 4465 2194 4508 se
2216 4444 2345 4522 offeret:
2371 4452 2451 4515 ,tan-

436 4527 518 4589 ritus
539 4527 623 4590 anniti
645 4526 764 4591 ratione
786 4530 1003 4608 maeaantius
1024 4549 1089 4593 csse
1110 4528 1282 4611 respon-deo.
1330 4530 1417 4594 Nam
1469 4539 1541 4593 tum
1563 4552 1652 4595 nunc
1674 4530 1824 4608 sciamus,
1848 4550 1962 4593 veram
1984 4528 2116 4593 demum
2138 4551 2209 4595 esse
2228 4530 2328 4596 fidem
2349 4549 2450 4612 quam

434 4611 530 4674 sicuti
552 4610 641 4676 Deus
662 4612 749 4677 sotus
777 4614 815 4678 cte
843 4634 875 4677 se
896 4615 1027 4678 itionem
1048 4620 1092 4679 est
1113 4616 1197 4679 testis
1218 4617 1252 4679 in
1274 4636 1330 4679 suo
1353 4636 1417 4680 ser·
1471 4616 1606 4699 spiritus
1639 4616 1704 4680 Dei
1736 4614 1888 4680 cordibus
1921 4614 2041 4678 nostris
2074 4615 2235 4699 obsignat
2280 4614 2350 4679 Imo
2381 4636 2450 4680 una

435 4716 538 4773 nroue,
567 4697 728 4763 boetiam
749 4719 810 4762 non
833 4704 902 4764 anu
926 4701 1019 4780 fidem
1040 4702 1169 4781 reperiet
1190 4721 1289 4766 suino
1312 4702 1346 4764 in
1366 4700 1418 4765 bo
1469 4702 1527 4765 lmc
1559 4702 1679 4766 ratione
1710 4705 1864 4766 mutentus
1891 4702 1950 4764 crit
1976 4701 2129 4765 medenas
2151 4722 2188 4765 ac
2208 4701 2317 4766 docilis
2341 4700 2449 4766 lecim:

436 4782 557 4845 minum
579 4783 721 4848 roribus
742 4806 838 4867 quom
855 4786 1002 4850 interiore
1023 4787 1157 4868 spiritus
1179 4787 1348 4851 testimonio
1369 4786 1418 4851 ob
1463 4789 1619 4869 mamutii
1640 4787 1767 4851 laotos
1788 4786 1860 4871 (54,
1889 4787 1958 4869 13),
1987 4807 2090 4851 omrem
2118 4793 2279 4852 renovatae
2306 4787 2450 4852 entatu

437 4867 585 4950 siqnetur,
630 4867 719 4933 Idem
739 4892 810 4954 erqo
832 4872 966 4953 spiritus
988 4872 1044 4952 qui
1060 4892 1120 4951 per
1141 4893 1176 4936 os
1193 4873 1418 4954 prophetarum
1467 4873 1550 4954 titios
1577 4872 1642 4936 Dei
1668 4873 1734 4954 sore
1762 4872 1940 4952 disciprulos.
1991 4871 2155 4954 Siuqutari
2186 4872 2353 4956 priuileqio
2381 4873 2450 4939 illic

436 4952 583 5034 muretus
611 4958 666 5031 est,
697 4955 731 5018 iu
762 4959 855 5022 meda
876 4963 982 5022 nostra
1004 4963 1143 5039 penetret
1164 4979 1282 5024 necesse
1302 4964 1359 5036 est,
1382 4963 1417 5022 ut
1470 4958 1560 5023 Deus
1587 4960 1668 5024 solos
1695 4959 1799 5023 doctos
1825 4959 1985 5040 diqnatur,
2014 4979 2130 5037 quasa
2158 4964 2218 5024 toto
2245 4959 2382 5025 bumana
2398 4980 2451 5042 qe·

432 5039 623 5121 persuadeat
640 5040 771 5119 fideliter
787 5044 959 5122 protulisse
980 5044 1061 5125 quod
1078 5044 1230 5108 divinans
1247 5050 1313 5109 erut
1329 5065 1416 5109 man
1468 5065 1540 5109 nere
1560 5045 1715 5109 inaruit
1760 5043 1885 5108 litorum
1913 5045 2067 5123 quodnam
2094 5066 2184 5109 aerae
2210 5045 2368 5111 doctrinae
2389 5046 2450 5109 viui-

437 5123 554 5189 datum
598 5123 702 5205 Atque
723 5125 796 5190 bace
817 5131 963 5194 artenaio
989 5131 1152 5210 aptissince
1174 5131 1212 5195 ab
1233 5130 1341 5195 lesaia
1360 5152 1417 5212 po
1468 5131 1548 5194 tium
1576 5136 1620 5194 est
1647 5131 1712 5193 uisi
1735 5135 1882 5211 manua
1904 5129 2054 5193 nimrim
2075 5132 2117 5196 ad
2139 5131 2329 5196 audiendam
2351 5151 2452 5203 oooem

437 5211 526 5274 ntur
554 5210 589 5272 in
618 5209 668 5273 bis
695 5212 795 5274 rubis
821 5212 896 5295 (les.
919 5220 967 5293 59,
991 5215 1063 5300 21):
1091 5216 1224 5297 spiritus
1250 5237 1338 5281 meus
1361 5217 1417 5298 qui
1470 5215 1559 5280 Dei?
1591 5217 1692 5296 Atqui
1712 5215 1802 5278 Deus
1822 5216 1931 5280 audiri
1949 5217 2102 5296 maida,
2118 5239 2179 5298 per
2200 5237 2234 5281 os
2258 5216 2368 5295 blesis,
2391 5219 2450 5281 sio

437 5297 473 5360 in
501 5302 528 5359 te
549 5300 609 5373 est,
638 5301 666 5358 et
693 5296 785 5360 ocrim
807 5319 885 5378 quae
906 5303 1002 5381 posui
1029 5302 1062 5364 iu
1090 5322 1140 5366 ore
1167 5307 1218 5366 tuo
1241 5307 1268 5365 et
1289 5304 1418 5366 seminis
1469 5303 1517 5366 uti
1544 5303 1694 5383 scriptum
1719 5307 1762 5365 est
1788 5301 1900 5385 (Dent.
1928 5305 1983 5380 30,
2011 5306 2048 5366 10
2067 5302 2184 5388 seqq.):
2220 5324 2258 5366 ne
2294 5303 2383 5368 dicas
2415 5304 2452 5366 in

438 5382 494 5458 tui,
517 5383 553 5446 in
569 5388 757 5464 perpetuum
779 5404 841 5448 uon
861 5385 1006 5465 micant
1036 5387 1143 5452 Bonos
1164 5388 1316 5469 quosdam
1336 5387 1418 5451 nmio
1470 5388 1557 5452 corde
1578 5392 1638 5465 tuo,
1662 5386 1733 5468 quis
1751 5388 1890 5452 maritet
1912 5387 1945 5450 in
1967 5389 2095 5466 coelum
2124 5394 2179 5470 aut
2200 5391 2273 5470 quis
2294 5389 2451 5455 osseae

438 5467 525 5531 tabe
553 5469 635 5548 quod
662 5469 739 5533 dum
766 5470 892 5552 impune
927 5472 1163 5538 obmurmurant
1192 5474 1284 5555 impii
1312 5477 1418 5537 caetra
1470 5475 1505 5537 in
1527 5473 1697 5556 abyssum?
1723 5493 1785 5537 ecce
1813 5494 1912 5538 serum
1935 5480 1979 5538 est
2006 5476 2039 5538 in
2061 5496 2112 5538 ore
2133 5479 2193 5538 tuo.
2241 5475 2278 5538 Si
2300 5475 2380 5539 buno
2403 5476 2450 5538 in·
2547 5520 2549 5525 -

438 5552 502 5616 Dei
523 5554 663 5633 oubam,
692 5576 753 5618 non
780 5556 822 5619 ad
842 5576 971 5619 monum
992 5565 1135 5639 suppetat
1156 5561 1244 5624 clara
1264 5558 1416 5640 probatio.
1472 5559 1653 5641 tetiiqentioe
1673 5559 1854 5624 thesaurum
1872 5560 1953 5641 filiis
1974 5561 2043 5624 suis
2063 5561 2251 5624 remnditum
2273 5581 2338 5625 csse
2359 5560 2450 5625 Deus

441 5638 541 5719 Quasi
567 5661 636 5704 oero
669 5661 730 5704 non
759 5641 827 5707 ideo
855 5645 977 5706 uocaur
1003 5644 1137 5724 spiritus
1157 5651 1185 5710 et
1205 5646 1359 5729 siqittam,
1390 5649 1418 5708 et
1471 5645 1574 5725 uoluit,
1608 5646 1689 5710 nibil
1724 5647 1838 5710 mirum
1871 5645 1919 5709 oet
1957 5645 2128 5711 absurdam
2159 5647 2189 5709 si
2221 5648 2257 5710 iu
2288 5647 2451 5712 bominum
