5600 6809
394 755 453 816 191
849 764 852 771 ·
1038 739 1302 808 mummulo
1324 741 1429 806 REI..
1451 739 1632 807 onmem.
1655 745 1747 805 1559.
2333 748 2396 810 192

394 941 434 1007 ab
461 937 642 1022 ‘Augustini
655 933 680 1018 ¹)
707 939 819 997 mente
840 931 951 1015 procul
982 930 1089 1008 abest,
1123 951 1143 993 a
1169 951 1232 1012 quo
1254 936 1364 994 tamen
1417 929 1481 993 mis
1492 927 1707 1012 Augustinus,
1726 929 1782 1010 qui
1799 951 1865 994 non
1883 930 2013 997 dubitat
2029 954 2164 997 servum
2180 934 2352 1016 appellare.
2368 932 2397 1019 ¹)

393 1025 569 1107 sumpsisse
598 1021 805 1105 partitionem
832 1016 937 1082 videri
965 1016 1037 1081 vult
1065 1014 1279 1082 Lombardus.
1324 1015 1366 1080 In
1418 1013 1549 1079 Alicubi
1570 1023 1739 1079 succenset
1760 1015 1918 1081 adversus
1948 1038 2003 1082 eos
2031 1020 2088 1100 qui
2109 1017 2249 1085 liberum
2269 1027 2396 1103 negant
2454 1074 2461 1081 .

393 1109 534 1177 seeundo
555 1105 699 1173 membro
721 1103 917 1187 ambiguitas
940 1124 992 1166 me
1010 1100 1160 1180 offendit,
1188 1123 1271 1184 quae
1292 1122 1366 1182 per·
1419 1099 1607 1179 arbitrium;
1629 1099 1687 1165 sed
1708 1101 1915 1183 praecipuam
1936 1104 2095 1168 rationem
2117 1103 2268 1182 declarat,
2291 1126 2396 1188 quum

392 1216 523 1261 versam
551 1193 666 1278 genuit
696 1189 1007 1272 interpretationem.
1052 1186 1131 1251 Ideo
1158 1189 1246 1252 enim
1271 1195 1366 1269 puta·
1419 1186 1513 1268 ait,¹)
1540 1192 1670 1249 tantum
1698 1207 1740 1250 ne
1768 1186 1888 1252 audeat
1914 1188 2085 1271 quisquam
2112 1190 2169 1255 sie
2185 1211 2307 1274 negare
2335 1211 2396 1256 vo-

393 1290 473 1346 runt
495 1300 555 1345 nos
577 1276 738 1344 secundae
758 1275 823 1339 Dei
845 1275 969 1356 gratiae
990 1274 1171 1355 cooperari,
1200 1272 1285 1355 quod
1307 1293 1366 1335 no-
1418 1271 1556 1335 luntatis
1578 1270 1762 1349 arbitrium,
1789 1281 1827 1334 ut
1844 1272 1925 1338 velit
1945 1295 2101 1339 excusare
2123 1283 2301 1357 peccatum
2346 1277 2397 1341 At

395 1368 457 1433 stri
478 1367 559 1431 iuris
582 1365 624 1430 sit
644 1364 784 1445 primam
806 1359 948 1443 gratiam
970 1357 1022 1423 vel
1040 1358 1221 1440 respuendo
1239 1359 1365 1422 irritam
1420 1365 1507 1421 certe
1529 1357 1606 1421 alibi
1615 1356 1644 1441 ³¹)
1666 1357 1796 1435 latetur,
1825 1358 1895 1423 sine
1924 1359 2039 1441 spiritu
2066 1381 2135 1424 non
2157 1381 2228 1426 esse
2255 1361 2396 1426 liberam

394 1454 509 1529 faeere,
538 1450 592 1517 vel
618 1447 806 1513 obedienter
832 1443 995 1526 sequendo
1023 1445 1224 1508 confirmare.
1270 1441 1367 1523 Quod
1420 1442 1562 1507 hominis
1588 1443 1803 1518 voluntatem,
1832 1465 1933 1525 quum
1961 1445 2193 1527 cupiditatibus
2219 1447 2397 1512 vincienti-

395 1546 489 1604 autor
517 1537 623 1620 operis
652 1533 692 1597 de
718 1531 886 1597 vocatione
913 1530 1061 1612 gentium
1089 1531 1136 1595 sie
1156 1530 1322 1614 exprimit:
1338 1528 1367 1612 ²)
1420 1528 1480 1593 bus
1501 1549 1538 1592 ac
1560 1528 1763 1592 vincentibus
1782 1529 1913 1593 subdita
1939 1531 1989 1593 sit.
2033 1531 2127 1608 Item,
2139 1533 2169 1614 ⁴)
2201 1533 2286 1597 victa
2312 1531 2396 1599 vitio

395 1624 534 1689 liberum
546 1642 625 1698 esse,
646 1619 686 1683 iis
708 1617 763 1699 qui
785 1615 922 1680 rationis
942 1614 1061 1682 iudicio
1083 1621 1232 1692 utuntur,
1255 1635 1367 1698 egra·
1420 1614 1454 1677 in
1476 1612 1562 1695 quod
1584 1611 1701 1678 cecidit
1728 1613 1908 1692 voluntate,
1938 1616 2081 1698 coepisse
2110 1637 2221 1682 carere
2241 1618 2395 1684 libertate

396 1710 443 1774 tia
465 1707 644 1784 discedere;
670 1710 709 1768 ut
737 1723 804 1766 non
828 1700 1015 1767 discessisse
1042 1703 1085 1766 sit
1104 1702 1301 1783 praemimn,
1335 1711 1368 1764 et
1420 1706 1582 1763 naturam.
1636 1699 1736 1777 Item,
1751 1699 1780 1780 ὁ)
1815 1700 1988 1778 hominem,
2018 1701 2120 1767 libero
2142 1702 2275 1767 arbitrio
2307 1702 2396 1768 mule

394 1801 435 1858 ut
466 1792 552 1875 quod
582 1813 647 1855 non
679 1797 786 1871 potest
817 1788 881 1852 nisi
913 1786 1029 1868 spiritu
1062 1794 1254 1868 cooperante
1286 1786 1366 1864 fieri,
1420 1805 1526 1859 usum,
1549 1790 1637 1848 etse
1658 1793 1692 1848 et
1712 1785 1885 1862 arbitrium
1907 1799 2005 1851 suum
2026 1787 2213 1870 perdidisse.
2257 1789 2380 1868 Item,⁸

394 1901 508 1944 eorum
535 1876 659 1941 meritis
687 1874 864 1956 deputetur
890 1893 1028 1954 quorum
1056 1872 1090 1936 id
1117 1875 1222 1955 potuit
1254 1872 1367 1936 volun·
1420 1870 1560 1934 liberum
1593 1870 1765 1934 arbitrium
1793 1871 2008 1953 captivatum,
2043 1895 2085 1938 ne
2111 1873 2190 1956 quid
2216 1875 2317 1957 possit
2427 1918 2436 1933 .

395 1971 462 2029 tate
489 1984 555 2027 non
581 1961 662 2026 fieri.
707 1959 800 2024 Haeo
824 1957 888 2021 duo
915 1965 1030 2022 notare
1057 1959 1161 2023 obiter
1189 1958 1297 2034 libuit,
1330 1963 1369 2032 ut
1421 1956 1589 2032 iustitiam.
1635 1955 1729 2031 Item,
1739 1954 1767 2038 ⁷)
1789 1956 1928 2022 liberum
1949 1979 2016 2022 non
2035 1958 2113 2044 fore,
2137 1959 2223 2041 quod
2244 1979 2311 2023 non
2329 1960 2397 2027 Dei

395 2050 507 2115 rideas
533 2050 599 2112 iam
627 2047 727 2111 leotor
756 2052 915 2126 quantum
943 2044 1167 2109 asanioribus
1189 2041 1368 2109 Scholasti-
1422 2041 1527 2124 gratia
1555 2040 1750 2106 liberaverit
1795 2042 1889 2120 Item,
1897 2042 1927 2125 ¹⁵)
1950 2043 2119 2108 'iustitiam
2145 2043 2209 2109 Dei
2236 2066 2305 2109 non
2332 2047 2398 2110 im·-

395 2137 442 2201 eis
465 2133 663 2200 dissentiam.
707 2129 873 2212 Longiore
902 2129 990 2193 enim
1018 2130 1192 2194 intervallo
1214 2150 1234 2192 a
1256 2150 1368 2193 reeen-
1421 2127 1519 2209 pleri,
1550 2147 1650 2208 quum
1677 2126 1731 2190 lex
1752 2127 1856 2207 iubet,
1881 2135 1914 2192 et
1941 2128 2038 2192 homo
2066 2131 2158 2212 quasi
2180 2131 2250 2195 suis
2269 2129 2398 2198 viribus

393 2220 530 2286 tioribus
551 2218 705 2301 sophistis
728 2215 851 2292 differo,
874 2222 995 2296 quanto
1018 2215 1142 2282 scilieet
1163 2237 1183 2279 a
1203 2221 1370 2280 vetustate
1421 2213 1512 2291 faeit;
1543 2211 1599 2275 sed
1632 2233 1732 2293 quum
1765 2214 1898 2294 spiritus
1926 2214 2060 2278 adiuvat
2090 2223 2124 2280 et
2153 2215 2296 2281 hominis
2328 2237 2399 2282 non
2492 2217 2498 2232 '

395 2306 524 2390 longius
541 2305 775 2370 abscesserunt.
808 2300 992 2382 Utcunque,
1014 2323 1056 2367 ex
1080 2302 1141 2367 hae
1163 2308 1273 2365 tamen
1295 2320 1369 2381 par-
1421 2298 1532 2372 libera,
1556 2296 1613 2361 sed
1635 2318 1655 2361 a
1676 2299 1747 2362 Deo
1768 2298 1905 2363 liberate
1926 2299 2079 2366 voluntas
2101 2301 2297 2383 obsequitur.
2332 2302 2399 2367 At·-

395 2393 510 2457 titione
542 2388 757 2471 intelligimus
790 2406 854 2466 qua
884 2386 1010 2450 ratione
1048 2385 1188 2451 liberum
1222 2384 1371 2477 dqderint
1422 2405 1484 2466 que
1506 2383 1624 2447 horum
1646 2384 1794 2448 omnium
1815 2384 1975 2449 rationem
1993 2386 2136 2451 breviter
2153 2385 2267 2465 reddit,
2290 2408 2399 2470 quum

395 2476 569 2542 arbitrium
591 2473 726 2538 homini.
770 2472 970 2535 Pronuntiat
997 2474 1085 2536 enim
1113 2471 1247 2536 tandem
1268 2472 1369 2535 Lom-
1423 2470 1499 2535 alibi
1508 2471 1536 2552 ¹⁴)
1559 2468 1679 2545 scribit,
1702 2469 1868 2534 hominem
1888 2491 2026 2554 magnas
2044 2471 2136 2536 liberi
2160 2473 2287 2537 arbitrii
2307 2473 2398 2540 vires

394 2561 525 2639 bardus,
535 2560 564 2644 3)
587 2581 654 2623 non
674 2558 769 2622 liberi
789 2556 915 2622 arbitrii
935 2556 1008 2621 ideo
1030 2580 1090 2623 nos
1112 2579 1192 2635 esse,
1215 2556 1301 2639 quod
1328 2553 1370 2619 ad
1424 2576 1526 2636 quum
1549 2555 1743 2620 conderetur
1764 2556 1935 2636 accepisse,
1964 2555 2022 2620 sed
2044 2557 2206 2639 peccando
2237 2559 2397 2625 amisisse.

395 2648 519 2713 bonum
551 2653 585 2709 et
618 2645 756 2720 malum,
790 2641 843 2708 vel
922 2643 1044 2707 endum
1067 2643 1132 2709 vol*
1152 2641 1368 2726 cogitandum,
1423 2640 1537 2722 Itaque
1570 2639 1660 2717 alibi,
1675 2639 1715 2723 ¹⁰)
1754 2649 1925 2723 postquam
1964 2643 2106 2706 ostendit
2136 2643 2276 2709 liberum
2309 2645 2399 2710 arbi-

395 2751 558 2819 peraeque
586 2729 780 2813 polleamus,
813 2727 871 2792 sed
920 2736 1059 2792 uetaret
1093 2729 1178 2811 quod
1205 2729 1371 2794 coactione
1424 2727 1524 2790 trium
1545 2726 1698 2792 constitui
1719 2747 1778 2807 per
1799 2726 1954 2810 gratiam,
1983 2729 2101 2793 aeriter
2128 2729 2164 2793 in
2190 2750 2245 2794 eos
2265 2728 2398 2795 invehi-

397 2818 494 2889 soluti
516 2837 637 2882 sumus.
683 2813 776 2894 Quae
798 2813 931 2878 liberas
951 2835 1016 2878 non
1034 2815 1219 2896 impeditur,
1242 2813 1371 2878 etiamsi
1424 2819 1487 2889 tur,
1520 2811 1577 2894 qui
1599 2812 1660 2876 sibi
1691 2811 1774 2876 illud
1806 2821 1962 2896 arrogant
1994 2813 2064 2877 sine
2086 2816 2200 2898 gratia.
2245 2814 2293 2880 Ut
2315 2814 2399 2897 qnid

397 2903 493 2986 pravi
514 2903 625 2979 simus,
648 2907 682 2964 et
702 2899 789 2964 servi
807 2899 940 2981 peceati,
964 2908 997 2964 et
1013 2900 1098 2965 nihil
1121 2921 1221 2983 quam
1236 2919 1370 2982 peceare
1424 2917 1511 2980 ergo,
1530 2898 1651 2979 inquit,
1681 2898 1793 2962 miseri
1814 2897 1962 2963 hemines
1984 2906 2041 2964 aut
2068 2898 2109 2964 de
2137 2899 2239 2967 libero
2260 2900 2399 2969 arbitrio

397 2989 567 3073 possimus.
936 3004 939 3009 ·
1424 2981 1547 3046 audent
1568 2983 1744 3064 superbire,
1768 2991 1942 3065 antequam
1964 2983 2157 3063 liberentur,
2186 2993 2244 3051 aut
2265 2985 2304 3051 de
2327 2987 2399 3053 suis

484 3077 511 3137 7.
555 3071 670 3138 Liberi
692 3090 769 3153 ergo
791 3068 919 3134 arbitrii
940 3070 995 3135 hoe
1015 3071 1103 3135 nudo
1124 3072 1243 3137 dicetm
1264 3071 1370 3147 homo,
1423 3068 1557 3147 viribus,
1580 3069 1608 3132 si
1630 3069 1695 3133 iarn
1716 3069 1845 3134 liberati
1867 3068 1965 3133 sunt?
1986 3069 2055 3136 Nec
2077 3071 2251 3136 attendunt
2272 3072 2399 3155 inipso

396 3180 463 3224 non
485 3159 561 3242 quia
589 3157 726 3221 liberam
749 3154 870 3219 habeat
898 3155 975 3220 boni
1002 3178 1105 3239 aeque
1127 3179 1165 3222 ac
1186 3156 1265 3220 mali
1288 3156 1371 3221 elee-
1423 3154 1553 3219 nomine
1575 3153 1667 3219 liberi
1689 3154 1816 3220 arbitrii
1837 3155 1947 3237 utique
1969 3153 2155 3221 libertatem
2177 3178 2301 3241 sonare.
2330 3157 2401 3225 Ubi

395 3246 528 3321 tionem,
552 3242 610 3309 sed
627 3242 705 3324 quia
722 3240 807 3305 male
824 3241 996 3306 voluntate
1014 3243 1092 3325 agit,
1112 3263 1177 3306 non
1197 3242 1369 3307 coactione.
1424 3247 1534 3304 autem
1562 3240 1695 3322 spiritus
1723 3239 1872 3317 Domini,
1899 3241 1944 3306 ibi
1972 3240 2105 3307 libertas
2127 3242 2162 3326 (2
2182 3241 2256 3308 (lor.
2276 3247 2304 3322 3,
2331 3242 2398 3329 17).

396 3330 529 3413 Optime
551 3327 585 3393 id
606 3326 753 3409 quidem3
777 3324 835 3391 sed
856 3347 1010 3409 quorsum
1034 3328 1193 3393 attinebat
1211 3348 1281 3392 rem
1299 3334 1371 3391 tan-
1424 3323 1463 3391 si
1484 3346 1562 3410 ergo
1584 3326 1672 3390 servi
1693 3335 1773 3390 sunt
1793 3328 1925 3408 peccati,
1944 3327 2023 3409 quid
2040 3349 2075 3392 se
2091 3329 2216 3392 iactant
2236 3327 2276 3394 de
2293 3329 2398 3395 libero

396 3416 501 3480 tulam
522 3415 602 3480 adeo
624 3413 764 3496 superbo
786 3411 881 3476 titulo
901 3412 1081 3497 insignire?
1126 3413 1271 3497 Egregia
1297 3433 1372 3478 vero
1425 3411 1580 3476 arbitrio?
1625 3411 1658 3476 A
1684 3431 1748 3494 quo
1777 3413 1867 3476 enim
1891 3414 1964 3494 quis
1993 3411 2139 3479 doviatus
2161 3421 2226 3494 eet,
2260 3414 2339 3480 huie
2364 3422 2400 3481 et

395 3501 545 3578 libertas,
578 3501 607 3565 si
634 3499 731 3563 homo
759 3496 891 3580 quidem
923 3518 991 3561 non
1017 3498 1144 3582 cogitur
1166 3499 1209 3564 ad
1227 3498 1372 3565 servien—
1425 3517 1540 3571 servus
1562 3496 1711 3562 addictus
1733 3504 1791 3562 est
1836 3495 1875 3563 si
1902 3509 2011 3562 autern
2040 3498 2170 3564 liberati
2191 3507 2281 3578 sunt,
2316 3499 2401 3582 quid

398 3587 477 3652 dum
498 3596 644 3669 peceato3
677 3583 724 3649 sie
751 3590 864 3647 tamen
892 3583 1174 3660 attractentur,
1205 3592 1241 3648 ut
1261 3583 1373 3650 vincta
1425 3603 1460 3647 se
1484 3583 1608 3649 iactant
1634 3582 1726 3648 velut
1752 3581 1792 3647 de
1825 3602 1922 3665 opere
1949 3583 2101 3666 proprio?
2146 3586 2201 3651 An
2229 3586 2276 3649 ita
2300 3584 2401 3651 liberi

397 3679 548 3737 teneatur
575 3670 698 3754 peceati
726 3668 935 3750 compedibus
967 3671 1037 3735 eius
1065 3670 1226 3735 voluntas.
1270 3670 1372 3752 Equi·
1425 3675 1510 3745 suut,
1535 3675 1573 3732 ut
1593 3689 1654 3734 nee
1675 3668 1760 3733 servi
1782 3667 1854 3734 eius·
1877 3689 1948 3734 esse
1969 3669 2071 3734 velint
2090 3671 2148 3752 qui
2169 3670 2247 3736 dicit
2265 3671 2397 3755 (Ioamn

398 3758 473 3821 dem
505 3761 686 3836 λογομαχίας
718 3755 901 3833 abominor,
936 3756 1052 3838 quibus
1087 3756 1210 3821 frustra
1238 3755 1373 3821 ecelesia
1428 3758 1476 3831 15,
1497 3753 1546 3837 5):
1575 3755 1646 3818 sine
1667 3775 1720 3818 me
1741 3752 1825 3816 nihil
1852 3756 1987 3835 potestis
2007 3755 2134 3820 fecere?
2180 3755 2280 3836 Quid,
2306 3756 2401 3839 quod

397 3843 568 3924 fatigatur:
603 3840 660 3904 sed
683 3839 833 3924 religiose
862 3861 978 3907 censeo
1005 3841 1167 3907 cavendas
1196 3862 1251 3906 eas
1277 3862 1373 3907 voees
1424 3838 1487 3902 alio
1509 3840 1609 3903 etiam
1629 3839 1699 3905 loeo
1712 3838 1753 3923 ¹¹)
1776 3838 1906 3904 videtur
1927 3841 2032 3906 iocose
2055 3841 2188 3906 eludere
2210 3862 2305 3909 usum
2323 3843 2401 3910 eius

398 3947 481 4010 quae
503 3925 678 3990 absurdum
701 3923 822 4008 aliquid
843 3933 975 4004 sonant,
999 3929 1191 4011 praesertim
1219 3928 1274 3992 ubi
1297 3948 1372 4009 per·
1425 3925 1521 4001 vocis,
1551 3947 1654 4008 quum
1676 3924 1768 4004 dieit,
1794 3923 1935 3989 liberum
1959 3925 2090 4008 quidem
2119 3949 2190 3993 esse
2216 3926 2400 4008 arbitrium,

398 4011 521 4076 niciose
539 4017 675 4074 erratur.
721 4009 850 4090 Quotus
868 4018 986 4091 autem,
1008 4034 1136 4095 quaeso,
1158 4014 1295 4096 quisque
1312 4019 1371 4089 est,
1425 4009 1482 4074 sed
1503 4032 1570 4075 non
1589 4009 1777 4088 liberatum
1810 4009 1950 4075 liberum
1976 4011 2133 4091 iustitiae,
2163 4033 2295 4079 serrum
2322 4034 2406 4096 peo-

399 4094 553 4180 quidum
575 4095 737 4178 assignari
765 4095 890 4160 homini
910 4097 1050 4163 liberum
1072 4099 1243 4164 arbitrium
1271 4097 1371 4175 audit,
1425 4097 1497 4160 eati.
1543 4094 1652 4176 Quam
1679 4097 1875 4183 sententiam
1897 4096 1973 4161 alibi
1989 4099 2029 4180 ¹²)
2061 4118 2187 4181 quoque
2218 4099 2339 4181 repetit
2364 4105 2402 4165 ot

397 4203 466 4247 non
500 4181 612 4246 statim
642 4181 782 4262 concipit
809 4181 903 4245 illurn
927 4203 997 4248 esse
1026 4191 1060 4248 et
1087 4186 1205 4250 mentis
1235 4205 1313 4250 suae
1340 4192 1374 4248 et
1424 4180 1581 4264 explieat,
1602 4181 1658 4246 ubi
1681 4179 1774 4248 dooet
1798 4182 1938 4247 liberum
1960 4204 1980 4247 a
2000 4183 2125 4248 iustitia
2154 4205 2219 4250 non
2245 4205 2316 4249 esse
2339 4185 2402 4251 ho-

397 4266 575 4333 voluntat-is
608 4265 792 4344 dominum,
825 4267 882 4347 qui
913 4270 1043 4335 flectere
1075 4291 1110 4335 se
1144 4271 1179 4335 in
1213 4270 1373 4334 utramvis
1424 4267 1556 4343 minem,
1589 4268 1651 4332 nisi
1667 4324 1669 4328 ,
1683 4268 1816 4333 arbitrio
1848 4268 2042 4347 voluntatis;
2077 4291 2097 4334 a
2123 4277 2255 4352 peceato
2288 4279 2404 4337 autem

396 4360 526 4437 partem
554 4373 574 4417 a
607 4372 642 4416 se
668 4350 739 4432 ipso
772 4351 895 4433 possit?
940 4355 1050 4435 Atqui,
1084 4355 1171 4429 dicet
1201 4356 1370 4438 quispiam,
1424 4374 1491 4417 non
1514 4354 1585 4417 fieri
1607 4353 1754 4428 liberum,
1777 4354 1840 4418 nisi
1863 4354 1970 4437 gratia
1996 4354 2176 4420 salvatoris.
2210 4353 2276 4436 Qui
2298 4356 2403 4422 liber-

397 4438 561 4505 sublatum
584 4437 648 4503 erit
669 4435 858 4501 huiusmodi
878 4439 1068 4521 periculum,
1098 4440 1126 4504 si
1147 4441 1187 4505 de
1209 4441 1371 4525 significa-
1424 4446 1525 4504 tatem
1548 4439 1688 4504 hominis
1716 4439 1799 4503 nihil
1827 4439 1915 4504 aliud
1944 4460 2014 4504 esse
2042 4440 2104 4506 sibi
2131 4449 2271 4507 testatur
2297 4461 2405 4524 quam

397 4526 487 4588 tione
508 4523 682 4606 diligenter
703 4522 795 4605 plebs
815 4521 1036 4589 admoneatur.
1081 4525 1152 4590 Imo
1173 4548 1250 4591 vero
1272 4546 1371 4607 quum
1424 4524 1727 4606 emancipationem,
1757 4524 1808 4589 vel
1836 4525 2124 4591 manumissionem
2145 4547 2166 4590 a
2186 4527 2325 4604 iustitia,
2355 4527 2403 4592 il·

396 4611 434 4673 in
455 4609 630 4674 falsitatem
647 4608 735 4673 ultro
758 4607 938 4673 humanum
967 4610 1137 4693 ingenium
1164 4611 1371 4695 propendeat,
1423 4610 1488 4674 lius
1510 4611 1609 4674 inane
1631 4631 1749 4674 nomen
1769 4611 1898 4675 videtur
1926 4610 2009 4675 belle
2030 4611 2176 4677 irridere.
2221 4613 2337 4696 Itaque
2367 4613 2402 4679 si

399 4695 494 4759 eitius
516 4715 660 4759 errorem
682 4716 724 4759 ex
746 4693 880 4759 verbulo
907 4716 972 4759 uno
995 4696 1137 4774 hauriet,
1167 4718 1264 4779 quarn
1286 4696 1372 4761 veri-
1423 4697 1495 4777 quis
1516 4696 1604 4760 vocis
1627 4696 1724 4760 huius
1753 4716 1849 4759 usum
1879 4716 1945 4761 non
1968 4718 2071 4779 prava
2091 4698 2309 4782 intelligentia
2335 4699 2403 4767 sibi

399 4788 501 4843 tatem
524 4801 565 4844 ex
586 4780 715 4861 prolixa
732 4779 885 4844 oratione.
930 4779 1034 4847 Orrius
1055 4784 1103 4847 roi
1124 4783 1244 4846 certius
1272 4781 1371 4847 habe-
1424 4782 1607 4864 permittat,
1641 4802 1701 4863 per
1728 4801 1780 4844 me
1807 4780 1938 4862 quidem
1966 4804 2032 4846 non
2060 4785 2231 4850 vexabitur
2260 4783 2301 4849 ob
2323 4804 2403 4849 eam

400 4885 474 4928 mus
491 4863 528 4927 in
549 4865 612 4930 hoe
634 4866 703 4947 ipso
725 4864 890 4944 vocabulo,
913 4886 1011 4947 quam
1028 4867 1205 4949 optandum
1228 4867 1285 4945 sit,
1314 4888 1372 4932 ex·
1424 4887 1508 4944 rem;
1531 4865 1588 4930 sed
1610 4867 1687 4948 quia
1707 4867 1779 4931 siue
1801 4867 1926 4950 ingenti
1947 4869 2090 4950 periculo
2112 4891 2180 4935 non
2201 4889 2295 4952 posse
2316 4870 2401 4935 reti-

400 4950 629 5031 perimentum.
690 4950 754 5016 Illa
792 4951 881 5015 enim
918 4961 1066 5018 veterum
1105 4953 1373 5035 interpretatione
1424 4953 1496 5016 neri
1517 4972 1646 5030 censeo,
1674 4971 1794 5035 magno
1823 4963 1935 5029 eontra
1962 4953 2116 5020 eeclesiae
2141 4956 2226 5020 bono
2246 4955 2400 5022 futurum

401 5033 647 5117 praetermissa,
681 5044 751 5098 tota
784 5035 852 5100 fere
879 5038 1050 5119 posteritas
1082 5040 1116 5102 in
1144 5039 1234 5104 verbi
1262 5047 1372 5123 etymo

402 5119 481 5184 dum
502 5119 625 5196 haeret,
648 5120 683 5182 in
704 5121 870 5185 exitialem
890 5122 1121 5188 confidentiam
1142 5130 1255 5189 erecta
1275 5131 1332 5188 est.
2085 5186 2090 5193 .

483 5207 518 5269 8·
565 5202 660 5283 Quod
689 5205 717 5268 si
744 5227 804 5271 110⁸
828 5215 960 5288 patrum
988 5211 1143 5274 autoritas
1170 5216 1294 5286 movet,
1322 5208 1382 5273 illis
1494 5219 1870 5306 abalienamus
1945 5243 1976 5308 a)
1993 5245 2072 5298 nom.
2091 5243 2134 5299 aa.
2157 5246 2185 5299 a
2203 5245 2295 5299 roma
2367 5243 2437 5314 a).

400 5289 532 5374 quidem
560 5288 689 5354 assidue
716 5290 752 5353 in
777 5311 832 5389 ore
860 5292 983 5359 habent
1010 5295 1216 5373 vocabulum,
1249 5294 1307 5360 sed
1328 5295 1372 5360 si·
1425 5310 1471 5362 Ad
1490 5312 1584 5364 Anaua
1612 5312 1690 5380 epist.
1715 5311 1767 5364 144
1792 5310 1878 5378 (145).
1946 5311 1977 5377 4>
2000 5315 2040 5367 Da
2058 5315 2130 5382 pert,
2149 5315 2210 5367 iun.
2229 5313 2295 5367 et
2367 5313 2402 5382 ὁ)

400 5377 469 5449 mul
496 5375 664 5441 declarant
689 5383 802 5458 quana
829 5377 951 5444 Mani
976 5380 1065 5446 illius
1092 5403 1197 5447 usum.
1242 5379 1282 5444 1¹²
1304 5381 1370 5463 pri-
1425 5379 1807 5503 iidh'ffiehiriiiiiiii'i'
1875 5380 1906 5515 ii
1923 5381 2210 5504 idiiiridimis‘i
2229 5399 2250 5436 θ’
2269 5381 2305 5518 i)
2323 5382 2400 5507 nai)

1425 5466 1485 5570 uls]
1503 5488 1537 5570 ei
1555 5519 1729 5587 veronpoa
1754 5490 1833 5572 setin.
1852 5517 1870 5569 a
1902 5518 1958 5583 131,
1977 5518 2014 5584 s).
2060 5491 2184 5587 iorni.
2197 5493 2231 5573 ie
2249 5521 2350 5588 spiritu
2370 5493 2401 5575 οἱ

472 5579 559 5659 11119
583 5580 670 5633 libero
693 5579 816 5634 arbitrio.
902 5583 1008 5652 2)1.ib.
1026 5587 1050 5641 2.
1069 5586 1134 5641 ed.
1220 5585 1250 5656 3)
1268 5586 1327 5640 Lib.
1345 5584 1370 5640 2.
1425 5587 1505 5639 litera
1521 5603 1543 5638 e.
1562 5585 1604 5640 30.
1675 5586 1720 5655 11)
1730 5559 1778 5640 lle
1795 5520 1912 5656 eorreqit
1935 5595 1964 5640 et
1980 5592 2049 5657 grat
2073 5605 2096 5641 o.
2116 5587 2155 5642 13.
2229 5587 2275 5657 12>
2292 5589 2353 5644 Lib.
2374 5589 2401 5645 l.

404 5653 473 5700 sent.
491 5647 610 5701 distinct.
628 5645 670 5701 25.
1425 5653 1461 5708 ad
1478 5655 1565 5709 Bonii
1585 5672 1608 5709 a
1627 5654 1652 5708 2.
