5600 6809
369 777 411 838 93
770 771 860 835 LIB.
883 770 910 834 Ι.
955 771 1019 835 DE
1042 768 1331 836 COGNITIONE
1355 769 1448 897 Dur
1463 770 1738 872 GREATQRIS.
1783 770 1882 838 OAP.
1906 772 2007 838 XIII.
2342 777 2383 837 94

370 972 405 1028 et
424 961 652 1045 Hieronymus
674 959 716 1024 ad
737 959 922 1024 Damasum
950 958 1157 1042 sacrilegium
1179 980 1249 1024 esse
1273 957 1352 1024 dicit
1403 961 1556 1024 mussitat
1587 961 1710 1026 factum
1742 982 1813 1026 esse
1846 967 1880 1025 et
1911 961 2043 1024 initium
2077 962 2239 1027 habuisse.
2294 963 2386 1029 Dicit

370 1057 439 1113 tres
456 1048 493 1111 in
515 1047 587 1111 Deo
610 1045 809 1113 substantias
826 1044 1023 1129 praedicare.
1058 1045 1162 1127 Atqui
1178 1044 1253 1127 plus
1276 1065 1351 1108 con·
1404 1067 1510 1111 unum
1531 1067 1605 1110 cum
1627 1055 1734 1128 patre;
1764 1047 1821 1112 sed
1849 1046 1934 1112 clam
1957 1047 1993 1110 in
2020 1067 2155 1112 suorum
2177 1069 2273 1113 aures
2293 1049 2385 1113 insn-

370 1136 432 1199 ties
455 1130 543 1217 apud
564 1132 732 1197 Hilarium
754 1130 911 1213 reperies,
940 1138 1008 1194 tres
1030 1152 1100 1195 esse
1123 1131 1158 1195 in
1179 1131 1252 1195 Deo
1274 1131 1351 1195 sub·
1406 1139 1532 1211 surrat,
1561 1133 1692 1196 unitum
1713 1154 1783 1197 esse
1809 1141 1847 1196 ut
1868 1140 2013 1198 caeteros
2034 1132 2163 1211 fideles,
2197 1154 2385 1217 quanquam

371 1219 521 1285 stantiae.
555 1218 597 1282 In
618 1217 776 1284 vocabulo
799 1224 909 1281 autem
927 1215 1138 1300 hypostaseos
1156 1236 1256 1297 quam
1277 1237 1351 1299 per·
1406 1217 1565 1301 singulari
1586 1219 1824 1300 praerogativa.
1846 1219 1911 1283 Dic
1933 1219 2253 1298 consubstantialem,
2277 1220 2385 1284 dotra·

371 1307 489 1391 plexus
522 1312 573 1369 est
604 1302 850 1387 Hieronymus?
895 1302 1071 1366 Venenum
1104 1302 1193 1365 enim
1220 1302 1352 1367 subesse
1405 1305 1494 1368 reris
1515 1303 1681 1385 versipelli
1703 1304 1844 1384 larvam,
1874 1313 1906 1369 et
1928 1310 2039 1368 tamen
2062 1304 2146 1368 nihil
2169 1304 2262 1370 addis
2283 1307 2385 1388 scrip-
2460 1380 2462 1385 ,

372 1393 566 1473 suspicatur,
586 1411 688 1471 quum
709 1389 924 1453 nominantur
953 1395 1022 1451 tres
1043 1387 1079 1449 in
1100 1387 1173 1451 Deo
1194 1388 1352 1472 hyposta-
1406 1390 1497 1454 turis.
1542 1389 1634 1455 Dicit
1654 1387 1835 1468 Sabellius,
1865 1398 2010 1473 patrem,
2039 1389 2144 1454 filium
2174 1400 2208 1454 et
2234 1392 2386 1474 spiritum

372 1498 433 1542 ses.
467 1476 564 1540 Etsi
590 1476 663 1556 quis
684 1475 738 1557 pic
765 1495 863 1538 sensu
891 1473 953 1537 hac
974 1493 1053 1537 voco
1073 1479 1201 1551 utatur,
1230 1474 1352 1556 impro·
1406 1475 1490 1539 nihil
1509 1474 1544 1537 in
1566 1475 1638 1539 Deo
1661 1473 1851 1540 dishnctum
1874 1497 1999 1541 sonare.
2043 1477 2108 1541 Dic
2131 1485 2197 1540 tres
2219 1497 2299 1554 esse,
2327 1498 2385 1542 vo·

371 1564 478 1647 priam
499 1568 612 1626 tamen
640 1560 864 1642 loquutionem
886 1580 1046 1624 essenon
1074 1557 1267 1623 dissimulat.
1315 1556 1352 1622 Si
1406 1560 1594 1627 oiferabitur
1622 1566 1653 1624 te
1670 1561 1841 1626 nominare
1863 1569 1937 1626 tres.
1952 1560 2037 1628 deos.
2083 1562 2205 1627 Dicin
2233 1583 2300 1626 una
2321 1561 2386 1627 Dei
2452 1621 2454 1625 ,

372 1655 475 1714 tamen
503 1647 634 1742 sineere⁸
647 1646 694 1709 ita
722 1646 868 1726 loquutus
895 1646 950 1709 sit:
982 1664 1019 1708 ac
1052 1665 1113 1707 raon
1139 1646 1248 1726 potius
1276 1664 1353 1726 quos
1406 1646 1547 1711 essentia
1575 1667 1789 1728 personarum
1814 1648 2010 1712 trinitatem:
2045 1646 2168 1713 dixeris
2196 1669 2261 1712 uno
2286 1648 2386 1713 verbo

372 1736 477 1800 oderat
498 1734 653 1814 episcopos
679 1731 816 1796 Orientis
833 1732 932 1796 sciens
953 1751 991 1794 ua
1011 1731 1115 1795 voluis
1134 1751 1269 1814 praamc
1289 1735 1353 1794 aa
1406 1730 1492 1815 quod
1514 1731 1696 1814 scripturae
1717 1732 1908 1814 loquuntur,
1944 1741 1976 1798 et
2002 1735 2136 1799 inanem
2158 1734 2387 1816 loquacitatem

372 1820 477 1886 duent
503 1820 624 1883 iniusta
653 1817 819 1883 calumnia.
873 1815 958 1882 Certe
988 1815 1043 1881 hac
1072 1836 1191 1898 parum
1223 1817 1354 1899 inpenue
1407 1817 1645 1900 compresseris.
1693 1817 1795 1882 Porro
1815 1819 1845 1882 si
1865 1839 1946 1900 quos
1973 1827 2042 1883 tam
2070 1821 2169 1884 anxia
2190 1819 2388 1904 constringit

373 1907 501 1982 asserit,
529 1906 564 1967 iu
581 1902 723 1969 mnibus
736 1902 887 1985 mosania
904 1902 1018 1967 scholis
1039 1900 1143 1965 cistae
1160 1902 1252 1966 atat·
1264 1902 1354 1966 aliud
1406 1903 1593 1986 superstitio
1614 1910 1653 1966 ut
1674 1903 1755 1968 haec
1777 1905 1912 1969 nomina
1933 1927 2000 1969 non
2019 1906 2136 1984 ferant,
2161 1926 2257 1969 nemo
2275 1914 2386 1970 tamen

373 2011 556 2073 essequam
576 1989 766 2072 hypostasin,
789 1989 871 2068 quod
898 2008 936 2052 aa
957 1989 1112 2053 communi
1140 1989 1270 2068 tritoque
1290 2007 1353 2051 usu
1405 1991 1481 2067 iam,
1503 1988 1558 2055 vol
1580 1989 1608 2053 si
1629 1995 1818 2070 rumpatur,
1842 1989 1981 2055 inficiari
1998 1992 2131 2073 poterit,
2159 2011 2260 2074 quum
2282 2012 2386 2055 unum

367 2079 494 2161 passim
521 2075 683 2157 refellitur.
739 2073 910 2140 Modestiae
942 2079 970 2139 et
1002 2074 1170 2139 humanior
1202 2073 1353 2157 Aupusti-
1406 2074 1572 2151 audimus,
1606 2074 1853 2158 intelhgendam
1882 2097 1953 2143 esse
1980 2075 2179 2142 substantiae
2208 2078 2385 2152 unitatem;

373 2183 442 2242 nus,
456 2161 480 2246 ¹)
508 2162 564 2244 qui
585 2162 642 2225 etsi
670 2170 778 2225 maren
804 2160 1001 2243 hypostaseos
1023 2161 1056 2225 in
1079 2159 1133 2224 hoe
1160 2179 1254 2225 sensu
1282 2159 1352 2223 lati·
1406 2183 1508 2243 quum
1529 2169 1597 2226 tres
1620 2157 1771 2225 audimus
1792 2158 1828 2224 in
1849 2183 1917 2225 una
1938 2165 2090 2241 essentia,
2110 2182 2261 2244 personas
2283 2163 2387 2227 notari

372 2251 425 2314 uis
456 2247 588 2313 auribus
618 2267 732 2312 novum
763 2265 829 2311 esse
860 2246 965 2325 atua-
990 2247 1066 2311 adm
1097 2251 1200 2311 tamen
1223 2245 1354 2310 Graecis
1406 2248 1442 2311 in
1474 2246 1536 2335 hac
1563 2246 1719 2310 trinitate.
1765 2244 1839 2326 Quo
1873 2268 1940 2311 non
1972 2248 2196 2313 fraudulenter
2226 2249 2385 2327 confesso,

372 2355 466 2399 suam
498 2333 641 2415 haquendi
667 2332 916 2397 consuetudinem
941 2352 1002 2396 uon
1028 2333 1134 2414 eripit,
1162 2335 1198 2394 ut
1222 2331 1354 2396 Latinos
1406 2333 1508 2397 verba
1529 2331 1613 2396 nihil
1634 2351 1832 2396 moramur·
1857 2330 1920 2399 Sea
1936 2339 2082 2415 expertus
2097 2334 2224 2416 pridem
2243 2352 2329 2411 sum,
2358 2338 2387 2398 et

372 2422 476 2498 etiarn,
498 2421 554 2500 qui
569 2419 708 2501 phrasin
726 2438 869 2501 maecum
880 2419 996 2483 imitati
1011 2418 1146 2499 fuerant,
1164 2417 1290 2499 placide
1311 2421 1354 2481 to·
1406 2419 1531 2499 quidem
1551 2418 1692 2497 saepius,
1720 2419 1894 2499 quietusque
1918 2420 1957 2484 a'e
1983 2419 2086 2484 nebu
2105 2420 2302 2500 pertinacius
2322 2418 2386 2484 liti·

373 2507 455 2570 leret.
499 2504 642 2586 thnod
665 2501 943 2568 etiamaSocrate
965 2503 1005 2569 de
1027 2504 1101 2589 ipsa
1120 2502 1274 2569 scribitur
1295 2502 1351 2566 lib.
1404 2509 1488 2587 pant,
1510 2503 1612 2586 smera
1632 2502 1781 2568 sumtum
1802 2505 1908 2569 uirus:
1929 2509 1965 2568 ut
1984 2505 2087 2588 mapis
2107 2505 2250 2587 expediat
2270 2526 2320 2571 eos
2336 2505 2385 2569 ul·

374 2595 403 2655 6.
426 2591 596 2656 Historias
615 2590 808 2673 tripartitae,
827 2610 864 2653 eo
886 2589 992 2654 tendit
1013 2591 1105 2673 quasi
1128 2590 1170 2655 ab
1191 2587 1352 2671 imperitis
1406 2595 1454 2654 tro
1469 2610 1640 2671 prouocare
1660 2609 1756 2670 quam
1776 2591 1812 2653 in
1833 2610 1939 2659 eorum
1957 2591 2097 2674 pratiam
2113 2590 2274 2656 obscurius
2291 2591 2385 2672 loqui.

372 2675 565 2742 hominibus
587 2677 630 2740 sit
649 2696 821 2758 perperam
839 2674 881 2740 ad
908 2675 994 2742 hano
1012 2697 1083 2740 rem
1101 2672 1352 2741 acaommodata
1494 2679 1522 2738 6.
1570 2673 1732 2739 Oaaemun
1754 2677 1870 2739 unisse
1888 2677 1926 2741 de
1942 2677 2066 2741 rombus
2081 2677 2298 2759 dispmmione,
2320 2677 2387 2742 iam

372 2761 466 2843 Quin
495 2760 582 2826 idem
604 2760 791 2844 Hilarins2)
819 2780 940 2844 magno
968 2761 1097 2826 crimini
1125 2759 1216 2825 duait
1237 2759 1353 2824 haere·
1407 2762 1444 2825 de
1471 2781 1505 2825 re
1532 2761 1606 2842 ipsa
1632 2760 1732 2826 diem
1764 2761 1939 2844 apprediar.
1991 2762 2164 2827 Personam
2190 2763 2290 2846 ipitur
2316 2782 2387 2828 uoco

373 2849 456 2926 ticis,
475 2846 563 2929 quod
580 2867 695 2912 eorum
712 2847 920 2930 improbitate
938 2854 1072 2931 cogatur
1090 2846 1249 2912 subiicere
1266 2844 1354 2929 peri·
1406 2846 1638 2911 nabebuntiam
1665 2846 1700 2909 in
1727 2844 1791 2911 Dei
1820 2848 1964 2926 essentia,
1993 2868 2073 2928 quae
2100 2850 2143 2914 ad
2170 2849 2251 2914 aiios
2278 2848 2385 2928 relata,

373 2933 447 2999 aulo
470 2932 608 2996 humani
631 2933 750 3015 eloquii
776 2953 861 3016 quae
888 2934 1050 2997 mentium
1071 2932 1228 3016 religione
1251 2931 1354 2997 conti·
1401 2933 1592 3016 proprietate
1629 2932 1910 2996 ineonnnunieahiti
1946 2934 2157 3016 distinpuitur.
2215 2933 2388 2999 Srrhsisten·

373 3021 446 3084 neri
468 3024 672 3101 oportuerat,
702 3039 767 3082 non
796 3017 1007 3083 dissimulans
1035 3019 1114 3100 quin
1135 3017 1169 3082 id
1192 3018 1235 3083 sit
1256 3037 1354 3101 agere
1406 3019 1469 3083 tiae
1499 3018 1621 3082 nomine
1652 3016 1742 3082 atiud
1773 3018 1924 3099 quiddam
1956 3019 2087 3102 intellipi
2119 3020 2261 3084 volumus
2292 3041 2387 3101 quam

374 3105 502 3183 illicita,
547 3103 726 3169 ineffabilia
764 3104 865 3187 loqui,
905 3105 1095 3170 inconcessa
1134 3122 1352 3187 praesumere.
1407 3104 1580 3169 nautium.
1626 3101 1664 3166 Si
1685 3105 1768 3167 enim
1787 3123 1887 3194 serum
1909 3104 2091 3186 amplecter
2111 3111 2188 3170 esset
2208 3106 2313 3183 Deus,
2339 3107 2387 3169 in·

373 3191 480 3259 Paulo
506 3197 581 3272 post
606 3189 721 3254 multis
745 3189 852 3255 adhuc
886 3197 1022 3255 excusat
1049 3188 1133 3272 quod
1160 3187 1259 3254 audet
1278 3209 1354 3272 pro-
1406 3195 1489 3255 terea
1507 3209 1569 3253 non
1587 3188 1709 3253 maaet
1729 3188 1852 3271 aliquid
1866 3192 2044 3271 proprium,
2067 3211 2236 3272 perperam
2256 3192 2388 3255 diemout

375 3278 460 3342 ferre
487 3296 575 3341 nova
598 3276 741 3340 nomina
786 3275 873 3339 Nam
901 3273 958 3339 ubi
989 3276 1098 3358 posuit
1130 3281 1270 3340 naturae
1296 3295 1355 3339 no-
1408 3276 1544 3340 Ioannes
1562 3275 1663 3356 fuisse
1683 3295 1803 3359 semper
1822 3277 1910 3357 apmd
1931 3276 2036 3342 Derim
2058 3277 2186 3361 (Ioann.
2209 3281 2235 3354 l,
2258 3276 2300 3360 l).
2325 3274 2388 3341 Ubi

375 3363 482 3441 mina,
510 3368 655 3445 patrem,
683 3361 791 3425 filium
813 3367 846 3427 et
867 3361 1030 3444 spiritum,
1054 3361 1233 3439 subnectit,
1261 3366 1356 3426 extra
1407 3363 1548 3427 continuo
1562 3366 1637 3444 post
1662 3361 1765 3441 addit,
1794 3360 1899 3427 Deum
1923 3383 2041 3444 quamne
2064 3362 2167 3444 fuisse
2194 3363 2300 3444 ipsum
2322 3381 2387 3426 ser·

377 3448 629 3532 significantiam
651 3447 810 3512 sermonis
832 3468 918 3526 esse,
947 3454 1042 3513 exne
1063 3467 1179 3513 sensus
1201 3446 1355 3511 intentio·
1406 3449 1610 3527 ncommod
1636 3447 1762 3512 unicam
1790 3449 1953 3513 essentiam
1973 3469 2030 3513 nos
2055 3454 2181 3513 revocat.
2227 3447 2289 3513 aaa
2309 3448 2387 3528 puio

376 3555 467 3612 nem,
500 3540 595 3599 extra
634 3533 872 3616 intelligentiae
904 3534 1162 3617 conceptionem,
1197 3530 1355 3616 quidquid
1408 3535 1496 3617 apud
1516 3533 1623 3598 Deum
1648 3553 1714 3600 esse
1739 3555 1801 3599 non
1820 3536 1926 3616 potuit
1951 3535 2029 3616 quin
2055 3534 2203 3600 resideret
2227 3535 2262 3597 in
2283 3538 2385 3615 patre,

375 3619 463 3685 ultra
481 3620 658 3702 quaeritur.
702 3619 754 3685 Ac
775 3618 854 3685 alibi
861 3617 891 3704 ⁸)
913 3619 1022 3685 felices
1041 3618 1171 3684 Galliae
1188 3619 1355 3702 episcopos
1407 3620 1480 3685 hinc
1500 3620 1626 3704 marpit
1645 3621 1704 3686 aa
1724 3620 1930 3700 subsistentia,
1953 3641 2032 3702 qnae
2049 3621 2107 3685 etsi
2122 3619 2288 3685 individuo
2304 3639 2387 3684 amu

373 3705 557 3789 praedicat,
586 3706 643 3788 qui
669 3704 768 3770 aliam
793 3727 854 3770 nec
881 3704 1103 3785 excudissent,
1132 3726 1194 3771 nec
1215 3704 1355 3787 recepis-
1407 3727 1478 3772 urm
1499 3707 1631 3771 assertio
1652 3707 1812 3771 mniunaa
1831 3711 1883 3784 est,
1906 3726 1960 3770 nec
1974 3711 2075 3788 potest
2091 3706 2246 3788 caparam,
2267 3705 2386 3788 speria·

376 3800 458 3871 sent,
482 3813 544 3857 nec
565 3791 698 3856 omnino
720 3791 890 3857 novissent
910 3791 1153 3872 confessionam,
1177 3811 1276 3873 quam
1297 3811 1355 3854 ve·
1407 3793 1467 3859 tem
1487 3797 1588 3856 tamen
1609 3791 1697 3858 hahet
1716 3797 1822 3856 notam
1845 3812 1909 3873 qua
1935 3791 1974 3856 ab
1996 3794 2069 3875 ipsa
2092 3792 2225 3874 differat.
2243 3790 2269 3877 ¹)
2313 3791 2388 3855 Iam

375 3883 480 3942 terem
499 3876 591 3942 illam
619 3884 653 3942 et
675 3877 948 3960 simphcissimam
977 3899 1059 3960 quae
1087 3876 1128 3942 ab
1150 3882 1255 3942 aetate
1278 3896 1355 3960 apo-
1408 3899 1446 3944 ea
1474 3877 1575 3943 trihus
1606 3878 1814 3943 subsistentiis
1845 3898 2097 3960 unamquamque
2127 3879 2195 3943 dico
2227 3878 2270 3943 ad
2302 3878 2388 3943 alias

376 3963 534 4028 stolorum
555 3962 643 4046 apud
665 3983 777 4028 omnes
799 3963 951 4029 ecclesias
977 3970 1108 4046 recepta
1128 3964 1244 4029 fuerat.
1291 3961 1357 4026 Nec
1407 3964 1539 4030 relatam
1553 3966 1747 4047 proprietate
1767 3962 1927 4047 distinpui.
1973 3964 2098 4029 Relatio
2124 3962 2175 4029 hic
2201 3964 2315 4029 diserh
2335 3981 2387 4028 ea-

376 4048 531 4114 ahsimitis
552 4053 597 4114 est
618 4049 793 4132 Aupnstiui
813 4050 983 4128 excusatio,
1009 4050 1185 4115 mcusitate
1206 4052 1356 4114 extortam
1402 4051 1571 4132 primitur:
1595 4051 1672 4131 quia
1698 4050 1754 4114 ubi
1779 4049 1913 4131 simplas
1937 4050 1973 4132 fit
1994 4050 2060 4115 Dei
2084 4050 2197 4115 mentio
2224 4055 2252 4114 et
2277 4049 2387 4131 indefi-

374 4135 476 4218 fuisse
496 4135 576 4199 hanc
596 4155 695 4201 uocem
712 4140 840 4217 propter
866 4135 999 4199 humani
1020 4136 1135 4216 eloquii
1156 4135 1193 4198 in
1212 4155 1246 4198 re
1268 4137 1356 4198 tarta
1407 4137 1484 4214 nita,
1513 4155 1575 4200 non
1596 4137 1702 4201 minus
1723 4137 1766 4200 ad
1785 4135 1891 4216 filium
1913 4137 2112 4219 etspiritum
2127 4137 2262 4218 pertinet
2280 4154 2388 4199 nomen

375 4222 525 4304 inopiam,
547 4240 608 4285 nou
629 4226 671 4285 ut
686 4221 911 4302 reprimeretur
930 4221 1011 4301 quod
1032 4225 1089 4299 est,
1112 4221 1166 4284 sert
1187 4240 1225 4284 ne
1246 4224 1356 4285 tacere
1408 4222 1462 4287 hoe
1482 4242 1577 4302 quam
1598 4222 1641 4287 ad
1656 4227 1788 4306 patrem.
1835 4221 1939 4286 Simul
1965 4227 2068 4287 amem
2094 4227 2184 4303 atque
2204 4227 2297 4304 pater
2318 4240 2388 4284 cum

374 4312 428 4371 tur
449 4307 596 4388 quomodo
616 4313 679 4371 tres
699 4307 771 4386 sint,
787 4310 889 4388 pater,
910 4305 1007 4386 fitius,
1031 4311 1058 4370 et
1079 4307 1219 4387 spiritus.
1252 4305 1357 4386 Atque
1406 4308 1475 4390 filio
1496 4308 1667 4388 confertur,
1695 4329 1757 4373 ura
1778 4328 1927 4391 quemque
1949 4310 2127 4391 proprietas
2147 4309 2189 4371 ah
2208 4307 2303 4371 altero
2323 4306 2389 4369 dis·

374 4392 457 4458 haec
479 4401 668 4458 sanctorum
695 4393 843 4456 virorum
871 4391 1030 4456 modestia
1058 4412 1191 4456 monere
1218 4412 1278 4455 nos
1300 4390 1355 4455 de·
1408 4396 1513 4459 cernit.
1571 4395 1674 4460 Tertio
1712 4394 1866 4476 quidquid
1904 4395 2040 4478 sinpulis
2066 4394 2233 4476 proprium
2265 4395 2309 4453 est
2339 4391 2387 4452 in·

375 4478 431 4544 bet
448 4501 491 4544 no
508 4486 578 4544 tam
597 4499 710 4543 severe
727 4477 819 4544 velut
836 4478 982 4544 censorio
999 4476 1074 4542 stilo
1092 4477 1243 4561 protinus
1263 4484 1355 4541 note-
1408 4480 1657 4546 communicabih
1683 4501 1748 4546 esse
1774 4500 1891 4560 assero,
1920 4481 1996 4561 quia
2024 4482 2060 4544 in
2089 4479 2193 4558 hlium
2224 4479 2388 4556 competere
2437 4497 2441 4505 “

374 4585 449 4629 mus
471 4586 526 4630 eos
548 4565 603 4647 qui
630 4565 667 4628 in
693 4565 794 4630 verba
823 4586 843 4628 a
868 4563 963 4629 nobis
990 4569 1145 4647 concepta
1165 4563 1275 4628 iurare
1296 4582 1355 4626 no·
1408 4567 1455 4631 aet
1475 4566 1645 4648 mandari
1664 4588 1727 4632 non
1742 4571 1841 4648 poree
1862 4566 2015 4649 quidquid
2041 4564 2084 4628 ad
2105 4568 2209 4626 nomm
2231 4561 2387 4627 aarum

375 4649 463 4730 lint3.
481 4650 570 4716 niodo
591 4670 630 4714 ne
650 4655 706 4714 aut
726 4652 828 4735 fastu,
856 4654 912 4714 aut
926 4650 1101 4733 proterma,
1126 4653 1181 4714 aut
1202 4648 1355 4713 malitiose
1408 4655 1461 4718 nis
1486 4652 1637 4717 tribuitur
1657 4654 1755 4736 patri.
1807 4652 1915 4734 Neque
1940 4672 2011 4716 uero
2038 4647 2117 4712 mihi
2143 4647 2284 4728 amram
2314 4647 2388 4712 Ter·

377 4741 448 4800 astu
471 4737 507 4801 id
526 4736 663 4819 format·
693 4737 748 4801 sect
776 4737 950 4820 expendant
974 4736 1038 4818 ipsi
1064 4736 1204 4801 meissim
1232 4740 1357 4817 quanta
1408 4737 1573 4821 tuhianil)
1596 4738 1749 4818 definitio,
1777 4739 1866 4802 modo
1892 4739 1997 4802 derha
2012 4737 2171 4797 sumatur:
2197 4753 2262 4798 esse
2287 4753 2387 4815 piran-

376 4823 571 4888 necessitate
598 4821 707 4887 adacti
734 4823 780 4888 sio
806 4823 994 4905 loquamur,
1027 4829 1065 4886 ut
1095 4822 1256 4906 paulatim
1282 4820 1356 4884 utili
1408 4826 1483 4890 dam
1514 4824 1549 4888 in
1577 4824 1645 4889 Deo
1679 4825 1911 4906 dispositionem
1932 4822 1979 4886 oet
2009 4820 2213 4883 oeconomiam
2245 4840 2324 4900 quae
2350 4819 2388 4884 de

376 4907 531 4991 loquendi
558 4909 683 4973 formae
708 4908 842 4974 tandem
875 4908 1060 4973 assuefiant.
1106 4907 1233 4973 (lavere
1255 4907 1356 4972 etiam
1407 4911 1556 4976 essatim
1576 4911 1697 4975 unitate
1714 4909 1796 4974 nihil
1816 4913 1916 4974 mutet.
2355 4935 2361 4943 ¹

377 4992 514 5068 discant,
533 5016 584 5072 ne,
603 4995 659 5060 ubi
682 4994 918 5061 occurrendum
936 5001 986 5060 est
1005 5016 1047 5058 ex
1067 5015 1136 5058 una
1153 5002 1247 5077 parte
1258 4993 1356 5058 Aria·
1495 5001 1523 5060 7.
1549 4996 1788 5082 ⁸)Priusquam
1810 5002 1920 5059 tamen
1940 4990 2070 5074 longius
2090 4992 2290 5075 progrediar,
2310 5013 2386 5074 pro-

376 5081 444 5160 nis,
473 5102 516 5145 ex
545 5080 649 5145 altera
676 5078 888 5159 sabellianis,
923 5079 1001 5145 dum
1028 5081 1176 5163 utrisque
1196 5080 1356 5163 tergiver-
1407 5082 1523 5147 banda
1552 5083 1616 5147 erit
1648 5091 1681 5147 et
1702 5082 1762 5146 filii
1786 5087 1819 5144 et
1840 5079 1974 5161 spiritus
1996 5079 2101 5142 saneti
2118 5077 2236 5157 deitas;
2268 5075 2385 5143 deinde

377 5164 473 5232 sandi
495 5186 610 5232 ansam
632 5165 776 5250 praecidi
792 5166 1049 5245 stomachantur,
1073 5166 1266 5232 nonnullam
1285 5187 1356 5230 sus·
1409 5175 1447 5233 ut
1471 5169 1560 5234 inter
1588 5190 1622 5233 se
1651 5167 1805 5232 differant
1832 5164 2023 5230 videbimus.
2069 5163 2167 5228 (lerte
2198 5185 2300 5247 quum
2320 5162 2386 5226 Dei

399 5252 541 5318 icionem
568 5252 718 5317 iniiciant
744 5250 798 5316 vel
820 5251 894 5316 Arii
921 5273 956 5316 se
983 5274 1054 5317 esse
1081 5251 1269 5336 discipulos,
1303 5251 1356 5317 vel
1408 5255 1546 5320 verbum
1574 5254 1667 5319 nobis
1699 5251 1891 5334 proponitur
1916 5250 1952 5314 in
1980 5250 2157 5333 scriptura,
2192 5248 2385 5314 absurdissi-

376 5273 525 5404 habent.
576 5339 668 5404 Dicit
699 5336 803 5403 Arius
835 5335 1007 5401 Christum
1038 5359 1109 5402 esse
1141 5339 1265 5417 Deum;
1300 5336 1356 5402 sed
1408 5362 1499 5407 mum
1522 5340 1623 5404 fuerit
1643 5336 1816 5419 imaginari
1838 5336 1963 5401 fluxam
1984 5335 2147 5402 duntaxat
2164 5342 2198 5400 ot
2213 5330 2387 5399 evanidam

377 5513 533 5521 w

391 5637 396 5652 ·
450 5611 572 5694 1)'Libr.
597 5629 622 5682 5.
647 5628 680 5681 de
699 5628 795 5681 Trinit.
814 5643 835 5679 c.
855 5625 872 5679 8
895 5631 923 5678 et
940 5622 964 5676 9.
1051 5623 1082 5691 2)
1106 5625 1180 5677 Libr.
1199 5624 1223 5677 2.
1247 5626 1282 5678 de
1299 5625 1358 5678 Tri-
1480 5630 1512 5749 lg
1530 5626 1604 5680 aaa.
1622 5631 1732 5680 receutt.
1749 5626 1937 5699 distinguatur.
1999 5625 2029 5694 2)
2047 5626 2121 5678 Libr.
2140 5632 2235 5677 contra
2251 5624 2386 5676 Praxeam

377 5698 430 5749 nit.
449 5713 471 5748 o.
489 5696 514 5749 2.
584 5693 913 5764 murmuriosus.
1411 5713 1433 5750 o.
1451 5696 1519 5750 Ξ..
1603 5693 1634 5763 3)
1657 5693 1734 5751 Haec
1751 5697 1814 5751 olim
1830 5698 1914 5766 paulo
1932 5696 2012 5749 aliter
2034 5694 2063 5760 (t.
2078 5695 2098 5748 l.
2118 5692 2141 5760 ξ.
2159 5691 2183 5745 8.
2202 5693 2277 5761 seq).
