5600 6809
400 781 461 842 513
647 775 737 842 LlB.
760 774 824 840 HI.
867 776 931 840 DE
953 774 1088 841 MODO
1109 775 1459 842 PDROIPIENDAE
1482 775 1673 843 CHRISTI
1694 777 1912 844 suamne.
1956 779 2055 845 cAP.
2078 779 2159 847 VH.
2342 787 2407 846 514

399 987 504 1051 genus
527 972 560 1028 et
582 964 772 1028 calamitatis
793 973 963 1042 maneant,
976 962 1002 1043 ¹)
1027 970 1129 1027 restat
1151 964 1252 1026 etiam
1274 969 1312 1025 ut
1332 982 1376 1025 ne
1428 964 1617 1047 abnegavit,
1641 964 1706 1028 nisi
1728 965 1784 1046 qui
1806 985 1841 1028 66
1863 970 1970 1028 161616
1992 966 2038 1029 116
2059 967 2241 1049 resignavit
2262 966 2407 1032 Domino

398 1051 532 1135 propria
560 1050 613 1115 vel
639 1049 764 1132 ingenii
792 1048 988 1112 dexteritate
1017 1049 1070 1111 vel
1098 1047 1269 1112 sedulitate
1291 1048 1374 1124 freti,
1428 1057 1466 1113 ut
1487 1069 1601 1113 omnes
1623 1049 1710 1114 vitae
1733 1070 1810 1114 suae
1831 1057 1941 1131 partes
1969 1051 2039 1114 eius
2066 1053 2200 1116 arbitrio
2228 1053 2404 1136 gubernari

399 1157 460 1202 neo
493 1137 667 1200 hominum
698 1136 809 1198 favore
842 1135 987 1211 subnixi,
1023 1134 1075 1197 vel
1109 1134 1198 1196 inani
1226 1133 1376 1196 fortunae
1428 1135 1520 1197 ferat.
1562 1133 1629 1214 Qui
1649 1155 1727 1200 vero
1749 1136 1795 1199 sic
1813 1137 1922 1198 animo
1941 1138 2137 1218 compositus
2154 1139 2226 1215 erit,
2249 1139 2405 1222 quidquid

399 1222 632 1306 imaginatione
665 1221 794 1298 confisi,
836 1219 877 1282 ad
910 1241 986 1301 opes
1020 1219 1224 1300 honoresque
1259 1216 1376 1299 cupide
1429 1219 1562 1295 accidat,
1585 1240 1645 1282 nec
1667 1220 1825 1284 miserum
1847 1242 1882 1283 se
1900 1222 2073 1303 reputabit,
2096 1244 2156 1287 nec
2179 1221 2219 1286 de
2242 1246 2301 1288 sua
2319 1233 2405 1289 sorte

400 1307 644 1383 contendamus,
668 1303 782 1369 sedin
804 1306 986 1369 Dominum
1008 1324 1136 1387 semper
1155 1303 1374 1384 respiciamus,
1429 1327 1503 1368 6661
1533 1303 1598 1367 Dei
1626 1306 1750 1369 invidia
1778 1318 2003 1388 conqueretur.
2049 1306 2157 1387 Quam
2185 1330 2263 1372 vero
2292 1331 2405 1375 neces·

399 1403 437 1458 ut
459 1395 528 1457 eius
549 1393 700 1473 auspiciis
722 1390 763 1454 ad
785 1411 1010 1472 quamcunque
1035 1389 1089 1453 ille
1107 1388 1285 1470 providerit
1306 1409 1376 1451 sor·
1429 1391 1515 1454 saria
1544 1393 1586 1454 sit
1613 1391 1693 1455 haec
1722 1392 1864 1468 affectio,
1897 1392 1974 1456 indo
2003 1393 2134 1474 patebit,
2164 1395 2191 1457 si
2220 1396 2404 1459 consideres

399 1489 466 1544 tem
489 1477 696 1542 deducamur.
731 1477 784 1540 Ita
804 1478 949 1559 primum
972 1477 1028 1539 fiet
1049 1482 1087 1538 ut
1108 1495 1175 1538 non
1198 1495 1256 1555 por
1274 1475 1374 1551 nefas,
1429 1488 1507 1557 quot
1540 1476 1760 1540 accidentibus
1792 1477 1929 1541 subiecti
1964 1478 2073 1543 simus.
2119 1479 2187 1542 Alii
2218 1487 2316 1561 atque
2348 1481 2404 1544 alii

400 1572 434 1629 et
455 1564 537 1628 dolis
561 1585 598 1628 66
620 1562 715 1626 malis
737 1563 875 1638 artibus,
904 1561 959 1625 vel
980 1562 1171 1643 rapacitate,
1201 1579 1275 1623 cunr
1301 1580 1376 1641 pro-
1428 1560 1533 1624 morbi
1562 1582 1621 1625 nos
1648 1561 1828 1625 identidem
1856 1563 2027 1641 infestant;
2060 1584 2150 1627 nuno
2172 1567 2276 1629 saevit
2303 1567 2404 1647 pesti-

400 1652 566 1714 ximorum
588 1649 708 1711 iniuria
729 1669 863 1711 ruamus
885 1646 926 1709 ad
948 1646 1126 1728 captandas
1149 1667 1234 1727 opes,
1258 1644 1299 1707 ad
1318 1645 1376 1708 ho-
1428 1647 1540 1723 lentia,
1563 1667 1650 1709 nuno
1672 1647 1748 1711 belli
1770 1647 2009 1712 calamitatibus
2032 1649 2208 1713 crudeliter
2229 1671 2404 1730 vexamur;

400 1757 496 1799 nores
518 1731 734 1807 invadendos,
765 1732 822 1797 sed
850 1754 905 1796 eas
932 1739 1062 1796 tantum
1090 1732 1238 1795 fortunas
1261 1750 1376 1811 sequa·
1428 1751 1517 1796 nuno
1539 1732 1615 1814 gclu
1638 1740 1695 1795 aut
1716 1730 1855 1814 grando,
1879 1754 1936 1814 spe
1958 1736 2037 1797 anni
2059 1735 2227 1813 devorata,
2252 1736 2405 1800 sterilita-

400 1843 490 1899 mur,
518 1840 601 1902 quae
629 1840 688 1883 nos
711 1817 752 1882 ab
775 1818 963 1881 innocentia
983 1839 1051 1881 nou
1074 1816 1245 1881 abducant.
1292 1814 1375 1895 Quis
1428 1825 1496 1880 tem
1518 1817 1659 1892 inducit,
1689 1838 1770 1898 quae
1796 1838 1855 1881 nos
1883 1817 1925 1882 ad
1946 1821 2120 1900 penuriam
2141 1821 2282 1904 redigat;
2310 1843 2404 1900 uxor,

401 1907 491 1970 enim
523 1911 632 1987 speret
664 1905 794 1968 divinae
827 1902 1076 1980 benedictionis,
1116 1903 1204 1964 inter
1235 1901 1375 1978 fraudes,
1428 1910 1596 1983 parentes,
1624 1901 1734 1980 liberi,
1762 1903 1950 1985 propinqui,
1978 1914 2084 1969 morte
2107 1906 2324 1988 abripiuntur;
2353 1907 2405 1970 in-

401 1993 546 2073 rapinas‚
577 1991 720 2071 eliasque
748 1989 913 2070 nequitiae
936 1999 1036 2066 artes,
1061 1986 1244 2051 auxilium?
1290 1987 1376 2050 Nam
1429 1989 1541 2051 cendio
1564 1986 1746 2052 absumitur
1770 1987 1896 2052 domus:
1921 1989 2001 2054 hacc
2026 1999 2105 2054 sunt
2126 2012 2265 2073 quorum
2283 2000 2405 2056 eventu

401 2085 438 2140 ut
464 2077 522 2141 illa
548 2076 613 2140 nisi
641 2096 722 2158 pure
745 2075 942 2157 cogitantem
968 2095 1005 2137 ac
1026 2083 1114 2138 recte
1136 2081 1287 2156 agentem
1309 2093 1376 2135 uon
1429 2075 1516 2138 vitae
1528 2095 1605 2137 suae
1618 2073 1819 2137 maledicunt
1840 2074 1996 2153 homines,
2019 2097 2115 2139 snum
2132 2078 2275 2141 natalem
2297 2078 2404 2142 detes-

401 2163 557 2244 sequitur,
585 2162 633 2224 ita
659 2182 714 2225 eos
741 2181 855 2224 omnes
884 2182 903 2223 a
930 2161 1046 2242 quibus
1070 2159 1235 2240 expetitur
1258 2159 1297 2222 ab
1320 2158 1377 2222 ob·
1428 2166 1556 2235 tantur,
1581 2158 1707 2222 coelum
1729 2166 1763 2222 et
1784 2158 1890 2223 lucem
1912 2163 2127 2225 exsecrationi
2150 2163 2286 2241 habent,
2315 2163 2404 2227 oblo-

400 2249 490 2330 liqna
505 2246 708 2330 cogitatione
730 2247 902 2328 pravisque
923 2245 1119 2309 facinoribus
1137 2251 1275 2308 revocat.
1308 2244 1376 2306 De·
1428 2256 1573 2326 quantur
1594 2244 1682 2322 Deo,
1712 2251 1746 2306 et
1773 2243 1826 2328 (ut
1854 2251 1932 2308 sunt
1954 2246 2084 2310 facundi
2107 2247 2148 2310 ad
2170 2247 2403 2333 blasphemias)

401 2333 479 2396 inde
511 2334 669 2397 iniectum
704 2331 767 2394 erit
799 2332 893 2395 uobis
925 2332 1088 2406 16166661,
1129 2351 1171 2392 66
1204 2328 1377 2392 immodica
1428 2331 1609 2412 iniquitatis
1632 2352 1708 2393 eum
1729 2331 1940 2395 etsaevitiae
1958 2341 2120 2396 accusant.
2154 2333 2304 2397 Fidelem
2325 2355 2404 2398 vero

403 2417 583 2482 ditescendi
604 2416 781 2499 cupiditate
798 2417 979 2494 ardeamus,
1002 2436 1085 2480 neve
1107 2415 1286 2478 honoribus
1308 2434 1376 2476 am-
1429 2417 1464 2477 in
1492 2415 1544 2480 his
1569 2436 1694 2498 quoquc
1719 2424 1848 2496 oportet
1868 2417 1933 2479 Dei
1960 2416 2166 2481 clementiam
2193 2426 2225 2482 et
2250 2431 2404 2502 1616116-

402 2503 517 2567 bitiose
540 2503 713 2567 inhiemus.
759 2501 835 2582 Qua
862 2502 950 2565 enim
977 2502 1084 2565 fronte
1112 2501 1227 2582 quiea
1247 2499 1320 2563 Deo
1342 2519 1377 2565 se
1430 2509 1560 2565 ternam
1590 2500 1829 2583 indulgentiam
1858 2501 1989 2565 intueri.
2034 2503 2191 2580 Proinde,
2225 2505 2294 2568 sivo
2328 2525 2404 2570 suas

403 2589 552 2653 adiutum
570 2588 611 2651 iri
630 2588 780 2665 confidat,
804 2587 846 2651 ad
863 2608 901 2651 66
917 2587 1144 2669 consequenda
1164 2606 1247 2668 quae
1266 2593 1378 2649 contra
1430 2586 1539 2663 aedes,
1563 2584 1707 2651 sublatis
1721 2587 1927 2668 propinquis,
1955 2588 1991 2650 in
2018 2587 2229 2652 solitudinem
2256 2589 2405 2655 redactas

403 2675 473 2738 6166
491 2674 628 2739 verbum
647 2672 829 2736 desiderat?
864 2674 961 2737 Absit
977 2673 1065 2736 66116
1083 2680 1121 2736 61
1137 2670 1223 2754 quod
1245 2691 1300 2734 ore
1319 2691 1377 2735 suo
1430 2671 1554 2750 videat,
1583 2693 1625 2735 ne
1655 2673 1701 2736 sic
1728 2672 1859 2753 quidem
1882 2672 2010 2736 desinet
2036 2674 2228 2739 benedicere
2250 2676 2403 2754 Domino,

403 2761 495 2823 Deus
516 2757 695 2837 maledicit,
723 2757 957 2824 benedictionis
980 2778 1057 2823 suae
1083 2756 1243 2822 adiutorio
1265 2776 1377 2838 prose-
1429 2759 1508 2839 quin
1548 2758 1656 2839 potius
1695 2757 1737 2820 ad
1770 2757 1855 2821 11666
1888 2759 2118 2840 cogitationem
2157 2782 2192 2824 se
2224 2769 2403 2824 convertet:

401 2852 529 2927 quatur.
564 2845 744 2921 Postrema,
768 2845 795 2908 si
817 2864 876 2926 pro
899 2853 973 2908 voto
996 2863 1033 2908 ac
1056 2865 1112 2925 spe
1130 2863 1198 2906 non
1216 2842 1375 2920 succedat,
1429 2843 1535 2926 gratia
1557 2852 1668 2907 tamen
1684 2842 1829 2919 Domini,
1853 2864 1934 2923 quae
1954 2842 2088 2907 domum
2106 2867 2213 2909 616616
2231 2844 2404 2924 inhabitat,

402 2930 627 2995 cohibebimur
649 2936 758 2992 tamen
781 2930 821 2992 ab
843 2928 1060 3012 impatientia,
1089 2937 1123 2992 et
1143 2928 1377 3010 qualiscunque
1429 2950 1502 2992 eam
1524 2928 1703 2992 desolatam
1730 2949 1798 2990 non
1820 2928 1990 3009 relinquet.
2036 2928 2116 2994 Sive
2139 2930 2264 2994 adustis
2286 2932 2405 3012 pruina

400 3023 531 3080 nostrae
565 3014 759 3079 conditionis
792 3013 1006 3080 detestatione
1013 3039 1021 3093 ;
1054 3013 1141 3096 quod
1172 3013 1311 3077 sciemus
1343 3012 1378 3076 id
1429 3015 1607 3097 segetibus,
1637 3020 1694 3077 aut
1721 3012 1796 3096 gelu
1822 3015 2038 3094 consumptis,
2068 3023 2125 3078 aut
2149 3016 2308 3097 grandine
2330 3038 2404 3098 pro·

401 3122 471 3177 csse
494 3121 700 3164 murmurare
723 3100 880 3166 adversus
902 3103 1027 3178 Deum,
1057 3100 1149 3164 cuius
1171 3099 1305 3162 arbit-rio
1328 3097 1377 3161 di·
1429 3100 1570 3177 oulcatis,
1593 3099 1766 3163 imminere
1786 3098 1906 3162 famem
1918 3098 2038 3178 videat,
2061 3121 2127 3163 non
2145 3100 2404 3183 tamendespon-

400 3187 501 3251 vitiae
523 3195 557 3249 et
578 3192 771 3269 paupertas,
801 3196 1006 3268 contemptus
1028 3193 1062 3249 et
1081 3185 1224 3248 honores
1246 3183 1376 3265 dispen-
1430 3185 1519 3249 debit
1540 3186 1696 3262 animum,
1718 3205 1779 3248 nec
1800 3184 1872 3248 Deo
1894 3184 2051 3248 invidiam
2073 3186 2178 3263 faciet,
2205 3184 2262 3249 sed
2284 3186 2320 3248 16
2343 3186 2405 3251 1166

357 3281 365 3291 ‘
400 3279 522 3336 santur.
562 3272 605 3335 In
626 3292 763 3349 summa,
785 3273 842 3354 qui
863 3294 898 3337 so
921 3293 958 3335 eo
980 3292 1043 3354 quo
1066 3270 1189 3335 dictum
1210 3269 1260 3336 est
1281 3267 1376 3333 modo
1428 3269 1550 3335 fiducia
1570 3269 1775 3352 permanebit
1796 3270 1898 3353 (Psal.
1919 3274 1968 3347 79,
1991 3273 2060 3353 13);
2083 3293 2142 3335 666
2162 3279 2273 3334 166166
2294 3272 2329 3334 16
2351 3278 2404 3334 tu·

400 3358 435 3420 in
457 3358 521 3420 Dei
544 3355 804 3421 benedictionem
822 3359 997 3433 reclinarit,
1022 3378 1082 3421 nec
1100 3376 1237 3438 eaquae
1255 3355 1376 3419 furiose
1429 3356 1495 3420 tela
1521 3356 1657 3420 Domini
1690 3377 1817 3434 666166,
1847 3362 1880 3419 61
1906 3375 1982 3421 6166
2009 3357 2044 3419 16
2069 3356 2198 3437 pascuis
2227 3357 2298 3420 eius
2325 3355 2403 3420 edu-

401 3442 510 3523 expeti
532 3443 573 3507 ab
596 3443 782 3507 hominibus
804 3444 911 3508 solent
938 3443 1033 3507 malis
1055 3442 1179 3506 artibus
1201 3439 1376 3523 aucupabi-
1429 3451 1533 3520 catae;
1562 3442 1618 3505 ille
1645 3442 1748 3525 igitur
1775 3441 1932 3505 alimenta
1958 3440 2051 3505 nobis
2079 3443 2177 3506 611616
2199 3443 2233 3505 16
2256 3448 2405 3506 61116166

400 3534 468 3606 161,
498 3526 614 3610 quibus
637 3548 671 3592 se
692 3528 775 3591 nihil
797 3529 1017 3610 profecturum
1045 3528 1216 3611 cogitabit,
1245 3548 1319 3604 nec,
1348 3527 1376 3591 si
1429 3529 1600 3593 sterilitate
1622 3527 1852 3610 suppeditabit.
1886 3524 1965 3591 Sive
1987 3527 2099 3590 morbo
2121 3528 2338 3604 afflictabitur,
2361 3547 2404 3590 116

400 3613 478 3694 quid
500 3634 654 3695 prospere
677 3614 844 3690 acciderit,
868 3614 930 3678 sibi
951 3614 1140 3697 imputabit,
1163 3633 1200 3676 ao
1222 3635 1300 3677 6666
1322 3613 1376 3679 161
1429 3624 1500 3678 1661
1521 3613 1654 3696 quidem
1674 3614 1846 3696 frangetur
1867 3612 1986 3677 doloris
2009 3614 2193 3689 acerbitate,
2219 3621 2256 3676 ut
2278 3612 2320 3676 ad
2341 3612 2404 3676 im·

400 3697 579 3776 sedulitati,
612 3699 666 3763 vel
698 3699 893 3777 industriae,
927 3701 980 3765 vel
1012 3702 1175 3775 fortunae,
1213 3698 1271 3762 sed
1302 3699 1375 3763 Deo
1428 3701 1620 3782 patientiam
1641 3706 1845 3781 prorumpat,
1871 3706 1969 3780 atque
1990 3699 2037 3762 ita
2059 3720 2134 3764 cum
2156 3698 2227 3762 Deo
2249 3705 2404 3782 expostu-

400 3785 507 3847 autori
529 3792 697 3866 acceptum
719 3787 809 3849 feret.
855 3784 952 3865 Quod
974 3786 1003 3851 si
1023 3785 1214 3849 florentibus
1237 3784 1376 3849 aliorum
1428 3787 1475 3849 let
1482 3809 1490 3864 ;
1518 3786 1576 3850 sed
1599 3785 1756 3848 iustitiam
1783 3805 1820 3849 66
1846 3783 2017 3848 1661161616
2045 3785 2081 3848 16
2103 3785 2167 3848 Dei
2194 3784 2300 3848 ferula
2327 3804 2404 3848 con-

400 3870 511 3945 rebus,
540 3870 609 3950 ipse
630 3891 747 3951 parum
768 3879 974 3953 promoveat,
998 3872 1065 3935 imo
1087 3871 1188 3934 ctiam
1209 3882 1296 3934 retro
1320 3869 1376 3935 de-
1429 3872 1601 3935 siderando
1634 3869 1676 3935 ad
1708 3869 1916 3934 tolerantiam
1948 3890 1983 3933 66
2012 3869 2186 3934 revocabit.
2241 3869 2403 3952 Denique,

400 3954 538 4032 labatur,
561 3955 676 4019 maiori
698 3966 808 4020 tamen
826 3958 987 4039 aequitate
1008 3977 1045 4021 ae
1065 3956 1285 4020 moderatione
1305 3957 1375 4020 ani-
1428 3957 1586 4039 quidquid
1613 3956 1754 4033 eveniet,
1782 3956 1859 4038 quia
1886 3954 1966 4019 sciet
1992 3976 2092 4019 manu
2112 3955 2248 4019 Domini
2272 3955 2405 4020 ordina·

400 4040 447 4101 mi
475 4060 568 4102 suem
589 4041 784 4104 tenuitatem
810 4043 894 4107 feret
919 4063 1017 4125 quam
1038 4043 1194 4124 profanus
1215 4042 1376 4125 quispiam
1428 4051 1509 4120 tum,
1530 4042 1657 4124 placido
1678 4048 1834 4123 gratoque
1857 4042 1964 4105 animo
1986 4041 2149 4123 suscipiet,
2172 4062 2214 4104 ne
2236 4049 2405 4106 contuma-

400 4123 597 4188 mediocrem
624 4145 822 4204 successum,
851 4129 907 4210 qui
933 4137 1009 4193 voto
1039 4129 1200 4192 duntaxat
1227 4149 1295 4191 non
1323 4149 1375 4192 re-
1429 4126 2082 4208 61161616611611611616616161,6616616
2098 4135 2259 4208 potestate
2277 4147 2312 4190 so
2330 4147 2425 4209 sua·

401 4209 572 4291 spondeat:
601 4211 725 4275 habens
748 4213 1053 4292 66111661661611661,
1075 4215 1111 4276 in
1133 4215 1376 4296 qnotranquil·
1428 4235 1490 4295 que
1524 4214 1633 4277 omnia
1660 4212 1760 4276 semel
1793 4207 1949 4293 permisit.
2000 4212 2158 4277 Facessat
2189 4211 2351 4292 imprimis
2383 4231 2404 4274 a

400 4296 463 4360 lius
493 4297 675 4378 acquiescat
703 4319 801 4379 quam
829 4299 865 4362 in
892 4321 1019 4364 summo
1040 4299 1094 4364 vel
1117 4299 1300 4380 opulentiae
1323 4300 1375 4364 vel
1428 4308 1557 4381 pectore
1586 4299 1755 4363 christiani
1784 4297 1926 4361 hominis
1955 4298 2055 4362 stulta
2080 4298 2137 4362 illa
2165 4305 2199 4360 et
2220 4295 2404 4359 miserrima

399 4384 565 4463 potentiae
586 4384 734 4466 fastigio;
762 4384 839 4465 quia
860 4385 898 4448 111
919 4385 1017 4451 661611
1040 4405 1118 4449 suae
1141 4384 1305 4463 conducit,
1330 4387 1376 4450 ita
1430 4385 1635 4449 ethnicorum
1660 4383 1850 4461 consolatio,
1885 4383 1941 4465 qni
1970 4390 2007 4447 ut
2035 4384 2182 4447 animum
2210 4389 2323 4445 contra
2350 4400 2404 4444 ros

399 4488 451 4529 res
480 4490 555 4533 6666
585 4469 730 4534 ordinari
752 4491 772 4534 a
793 4470 935 4535 Domino
956 4478 1095 4553 reputat.
1144 4470 1197 4533 Sic
1219 4472 1376 4536 Davidem
1429 4470 1583 4535 adversas
1615 4471 1861 4547 confirmarent,
1902 4489 1957 4533 eas
1994 4469 2144 4532 fortunae
2180 4466 2401 4546 imputabant:

399 4553 500 4629 (Psal.
523 4558 596 4631 131,
620 4555 652 4639 l)
679 4557 781 4637 faisse
803 4558 942 4636 ‹rffedam
963 4558 1118 4632 61661666,
1148 4557 1204 4636 qai
1232 4558 1309 4621 dam
1331 4579 1375 4622 66
1428 4563 1661 4638 contraquam
1677 4554 1843 4638 indignari
1862 4553 2001 4618 stultum
2017 4551 2293 4626 csseiudicabant,
2317 4549 2403 4632 quod

398 4638 505 4714 quitur
525 4638 642 4720 Deam,
676 4663 766 4722 seque
795 4643 823 4706 61
851 4643 1016 4725 rependam
1044 4642 1155 4718 tradit,
1182 4643 1317 4706 6111111616
1342 4664 1375 4708 ce
1428 4639 1559 4714 ἄσκοπος
1580 4648 1666 4706 esset
1688 4663 1725 4706 ac
1749 4641 1937 4717 temeraria,
1967 4658 2051 4720 quae
2080 4637 2181 4701 caecis
2210 4636 2403 4700 666116166-

399 4726 527 4784 testotar
543 4746 643 4804 puero
659 4728 818 4806 6111661616,
840 4749 937 4808 aeque
956 4727 1170 4792 ambularem
1189 4728 1282 4792 rebus
1300 4730 1374 4793 61116
1427 4735 1538 4792 166166
1559 4728 1656 4793 611661
1679 4749 1716 4791 ac
1737 4727 1947 4790 immerentes
1970 4722 2166 4787 vulneraret.
2200 4721 2293 4785 Η666
2314 4721 2404 4784 66116

400 4806 447 4869 cel
468 4807 666 4874 mirabilibus
686 4833 784 4893 capra
805 4834 845 4878 se.
1427 4835 1445 4876 6
1475 4834 1629 4879 66616166
1658 4814 1788 4894 pietatis
1816 4820 1866 4875 est
1890 4808 2017 4891 regula:
2046 4806 2150 4871 solam
2174 4808 2237 4871 Dei
2267 4826 2404 4870 manum

489 4896 536 4954 10.
581 4894 694 4976 Neque
720 4900 756 4962 in
784 4899 844 4964 hac
867 4907 996 4965 tantum
1023 4905 1117 4981 parte
1139 4905 1289 4964 constare
1310 4900 1373 4981 piis
1426 4900 1594 4981 utriusque
1620 4900 1770 4962 fortunae
1799 4897 1956 4960 arbitram
1984 4914 2054 4956 esse
2083 4901 2116 4956 et
2142 4893 2427 4969 moderatricem.

277 5000 290 5009 ·
401 4977 529 5042 animis.
543 4977 637 5042 debet
656 4980 712 5043 illa
733 4986 954 5066 tranquillitas
983 4994 1018 5049 et
1040 4985 1227 5063 tolerantia,
1257 5006 1372 5050 161616
1426 5005 1464 5048 66
1486 5005 1558 5048 6616
1579 4983 1710 5066 quidem
1738 4984 1842 5064 ipsam
1872 4999 1938 5041 non
1961 4998 2057 5041 ruere
2079 4978 2319 5044 inconsiderato
2341 4979 2404 5041 116-

401 5063 441 5126 ad
463 5085 576 5127 omncs
599 5064 697 5127 611661
719 5087 821 5146 66666,
846 5070 962 5151 quibus
984 5070 1125 5136 obnoxia
1147 5084 1196 5136 est
1217 5092 1371 5153 praesens
1425 5078 1512 5153 patu,
1536 5071 1594 5134 sed
1615 5066 1856 5133 ordinatissima
1878 5064 2003 5128 iustitia
2024 5065 2117 5130 nobis
2141 5065 2224 5129 bona
2247 5063 2344 5129 simul
2366 5084 2404 5127 ac

400 5150 482 5227 vita,
517 5148 714 5214 extendatur
745 5173 877 5219 necesse
904 5167 961 5221 661.
1005 5156 1095 5240 Ergo
1123 5177 1220 5222 nemo
1247 5179 1282 5223 66
1309 5159 1372 5223 1116
1426 5157 1513 5221 mala
1534 5154 1729 5237 dispensare.
1755 5208 1758 5214 .

403 5341 604 5348 ...ῃ-ὴ..-

353 5475 358 5485 “
468 5473 497 5538 1)
519 5473 565 5528 Sic
582 5476 679 5543 legitur
695 5478 726 5529 ia
743 5475 802 5529 edd.
821 5491 846 5527 6.
866 5472 1060 5529 1559611561
1087 5485 1112 5532 61
1133 5482 1162 5533 ia
1182 5482 1309 5548 pluribus
1330 5499 1371 5536 re·

401 5544 569 5597 66111161ίό6.
613 5545 705 5597 Verum
731 5547 790 5597 61116
812 5543 895 5596 dubio
912 5560 990 5597 error
1006 5553 1045 5599 611
1062 5563 1137 5616 quem
1155 5550 1219 5602 inde
1236 5551 1370 5604 ubeda

402 5609 468 5664 1545
486 5629 576 5665 amaea
599 5622 749 5666 6611161661.
789 5613 1009 5681 [6961666661.
1046 5616 1104 5666 Alii
1129 5617 1372 5672 111116166611116166

401 5680 534 5735 exhibeat:
553 5682 720 5735 calamitates
737 5680 826 5750 (1612.
847 5679 1015 5734 16161637.
1035 5681 1218 5752 luetluet).

507 5765 617 5819 Caluini
632 5785 723 5834 611616.
764 5769 823 5822 Vol.
842 5767 885 5820 ΙΙ.
