5600 6809
296 1676 300 1686 '
397 1665 566 1730 butionem
589 1664 762 1742 descendit,
786 1684 822 1729 ao
845 1663 925 1728 dicit
947 1683 1002 1726 eos

1307 646 1330 702 0

402 735 489 858 601x
629 792 717 857 LIB.
741 791 805 855 111.
849 790 913 855 DE
936 788 1072 855 MODO
1093 788 1444 865 PEROIPOENDAE
1464 788 1655 856 cHRISuI
1676 791 1893 856 GRATIAE.
1939 791 2038 858 0AP.
2065 793 2174 857 XVII.
2339 798 2400 858 602
2490 807 2491 810 ’

400 981 535 1046 dubium
557 1002 623 1046 non
635 1001 797 1058 vocamus,
820 980 900 1061 quin
922 979 1003 1061 legis
1023 977 1150 1041 iustitia
1168 976 1326 1043 consistat
1342 979 1377 1042 in
1429 977 1560 1044 ticulari
1593 999 1726 1043 causam
1757 978 1890 1056 habeat,
1928 980 1985 1044 sed
2018 989 2208 1062 perpetuam
2236 984 2401 1064 quandam

400 1066 560 1150 operibus,
583 1088 620 1132 ac
642 1086 684 1130 ne
701 1065 782 1129 illud
800 1063 942 1146 quidem,
965 1063 1045 1146 quin
1068 1063 1224 1128 consistat
1245 1065 1281 1127 in
1301 1085 1376 1147 ope-
1428 1071 1498 1127 tota
1520 1064 1588 1128 vita
1608 1064 1755 1131 iustitiae
1777 1066 2011 1148 symmetriam.
2056 1066 2157 1148 Atqui
2178 1068 2297 1147 sancti,
2322 1069 2401 1134 dum

400 1176 474 1218 rum
496 1155 647 1236 dignitate
668 1157 696 1215 et
717 1151 839 1215 meritis
864 1149 1000 1213 iustitia.
1046 1146 1113 1213 Sed
1134 1147 1279 1213 nondum
1301 1171 1375 1232 pro·
1428 1150 1469 1213 ad
1492 1148 1765 1232 comprobandam
1794 1171 1888 1215 suam
1909 1150 2130 1216 innocentiam
2152 1153 2216 1217 Dci
2244 1155 2428 1221 iudicium·

400 1238 512 1302 batum
541 1246 590 1301 est
618 1238 771 1321 operibus
798 1256 858 1299 nos
880 1235 1066 1312 iustificari,
1097 1234 1161 1298 nisi
1189 1256 1291 1298 unum
1315 1235 1375 1299 ali-
1427 1235 1613 1317 implorant,
1637 1256 1704 1299 non
1727 1257 1761 1299 se
1782 1237 1870 1318 ipsos
1892 1237 1980 1300 omni
2003 1255 2089 1301 noxa
2110 1237 2234 1303 solutos
2255 1248 2289 1303 et
2310 1242 2399 1304 omni

400 1346 495 1406 quem
524 1324 704 1406 proferant,
733 1323 793 1405 qui·
815 1322 921 1405 legem
949 1319 1141 1402 impleverit.
1187 1320 1262 1383 Non
1285 1320 1374 1385 aliud
1427 1342 1468 1384 ex
1490 1330 1583 1403 parte
1604 1321 1787 1404 inculpatos
1809 1322 1965 1400 offerunt3
1988 1321 2045 1386 sed
2066 1344 2168 1404 quum
2190 1325 2225 1387 in
2242 1326 2399 1391 solacius

399 1419 508 1474 autem
531 1409 670 1473 sensisse
692 1408 843 1484 Paulum,
868 1407 931 1471 erit
951 1407 1030 1469 satis
1057 1405 1164 1487 amplo
1186 1407 1373 1470 testimonio
1425 1406 1568 1471 bonitate
1596 1406 1713 1472 salutis
1743 1406 1898 1472 fiduciam
1925 1407 2111 1486 defixerint,
2145 1411 2257 1473 confisi
2289 1420 2405 1484 tamen

398 1496 555 1559 orationis
589 1502 771 1559 contextus.
816 1492 997 1573 Postquam
1029 1500 1142 1574 gentes
1171 1512 1207 1555 ac
1234 1492 1372 1556 Iudaeos
1426 1513 1496 1555 csse
1522 1492 1684 1556 vindicem
1710 1514 1893 1575 pauperum
1919 1501 2050 1575 praeter
2071 1495 2122 1557 ius
2146 1502 2179 1559 et
2201 1497 2398 1577 aequitatem

397 1581 433 1644 in
457 1601 628 1646 commune
648 1581 828 1643 iniustitiae
850 1578 1079 1654 damnaverat,
1108 1583 1179 1639 tum
1201 1576 1243 1641 ad
1264 1576 1372 1641 distri·
1425 1578 1634 1653 afflictorum,
1662 1579 1805 1659 profecto
1830 1600 1962 1642 causam
1985 1580 2018 1642 in
2041 1601 2107 1661 qua
2129 1579 2319 1646 innocentes
2341 1602 2398 1664 op-

1004 1715 1011 1740 ,
1055 1664 1090 1725 ni
1112 1664 1182 1727 sine
1204 1663 1276 1745 lege
1298 1685 1371 1745 pec·
1424 1665 1622 1744 primuntnr,
1645 1663 1693 1726 illi
1715 1663 1950 1728 commendant
1995 1665 2083 1728 Dum
2108 1687 2185 1729 vero
2206 1687 2317 1731 secum
2340 1666 2398 1732 ad·

397 1759 565 1829 caverimt,
588 1752 658 1815 sine
681 1751 753 1834 lege
774 1751 889 1837 perire,
913 1748 998 1830 quod
1017 1684 1059 1811 ed
1081 1755 1196 1831 gentes
1217 1750 1371 1826 refortur;
1423 1750 1585 1813 versarios
1606 1748 1647 1812 ad
1670 1749 1813 1814 tribunal
1831 1750 1894 1813 Dei
1917 1749 2047 1827 sistunt,
2071 1772 2136 1815 non
2158 1752 2281 1816 iactant
2302 1753 2397 1817 inno·

397 1838 453 1919 qui
483 1859 560 1902 vero
587 1838 622 1900 11
645 1836 716 1919 lege
738 1841 971 1917 peceaverunt,
1005 1855 1063 1915 per
1087 1833 1194 1916 legem
1225 1833 1371 1913 iudicari,
1425 1835 1582 1910 centiam,
1610 1856 1693 1916 quae
1715 1835 1778 1899 Dei
1799 1836 1936 1916 puritati
1952 1857 2148 1917 responsura
2169 1837 2212 1900 sit
2234 1839 2261 1901 si
2284 1860 2397 1905 severe

396 1922 481 2005 quod
499 1922 697 1986 Iudaeorum
719 1928 775 1985 est.
810 1921 924 1996 Porro,
942 1919 1095 2001 quoniam
1117 1919 1167 1983 illi
1189 1920 1256 1982 suis
1278 1941 1372 2002 prae-
1424 1921 1648 2001 conquiratur;
1677 1919 1734 1984 sed
1762 1920 1839 2001 quia
1860 1942 1938 2002 prae
1973 1921 2234 1986 adversariorum
2261 1923 2396 2002 malitia,

397 2005 649 2073 varicationibus
681 2007 894 2072 conniventes
926 2004 996 2068 sola
1026 2004 1098 2088 lege
1131 2005 1370 2086 superbiebant,
1423 2004 1638 2087 improbitate,
1662 2006 1791 2082 astutia
1810 2007 1964 2087 nequitia,
1979 2007 2209 2086 sinceritatem,
2227 2009 2396 2090 iustitiam,

397 2093 547 2175 adiungit
575 2092 661 2174 quod
688 2092 809 2174 optime
837 2089 1050 2174 congruebat,
1082 2112 1147 2154 non
1175 2089 1247 2154 ideo
1270 2091 1372 2155 latam
1423 2090 1663 2173 simplicitatem
1703 2091 1944 2174 puritatemque
1982 2111 2074 2156 suam
2097 2093 2170 2156 Deo
2197 2102 2397 2178 compertam

395 2200 465 2243 esse
488 2179 593 2262 legem
615 2186 653 2241 ut
664 2177 775 2242 audita
796 2176 998 2242 solummodo
1019 2178 1088 2240 eius
1106 2196 1184 2241 voce
1202 2178 1280 2241 iusti
1297 2176 1371 2240 red·
1423 2186 1615 2259 gratamque
1642 2198 1713 2241 esse
1740 2183 1879 2253 norunt,
1908 2197 1975 2240 non
1997 2178 2223 2257 reformidant,
2251 2181 2339 2244 inter
2359 2202 2395 2246 se

395 2264 565 2341 darentur,
579 2262 636 2327 sed
647 2271 720 2327 tum
733 2262 865 2326 demum
876 2263 903 2326 si
915 2260 1092 2326 obedirent.
1120 2264 1170 2325 Ao
1187 2263 1215 2327 si
1234 2261 1369 2327 diceret:
1423 2269 1457 2324 et
1483 2262 1557 2326 illos
1583 2262 1725 2328 indicem
1753 2263 1914 2328 invocare.
1960 2260 2017 2328 Sic
2045 2284 2145 2344 quum
2170 2265 2280 2330 David
2302 2265 2395 2331 Sauli

394 2351 429 2414 in
450 2350 521 2433 lege
541 2350 670 2432 quaeris
684 2348 865 2412 iustitiam?
887 2369 930 2411 ne
947 2348 1096 2411 auditum
1109 2348 1179 2411 eius
1189 2356 1369 2429 praetexas,
1422 2345 1549 2412 dicebat
1571 2348 1603 2429 (1
1625 2346 1714 2413 Sam.
1734 2351 1784 2422 26,
1805 2347 1876 2429 2311
1900 2346 2017 2413 reddat
2035 2347 2198 2413 Dominus
2219 2352 2396 2434 unicuique

395 2437 451 2516 qui
464 2436 559 2517 parvi
571 2443 620 2500 est
630 2455 689 2516 per
708 2454 743 2497 se
753 2434 922 2516 ponderis;
941 2432 998 2496 sed
1011 2433 1129 2497 afferas
1143 2453 1241 2514 opera
1252 2433 1370 2515 quibus
1422 2432 1602 2497 secundum
1628 2434 1788 2497 iustitiam
1817 2441 1850 2497 et
1871 2434 2042 2499 veritatem
2064 2434 2149 2513 eius,
2177 2455 2245 2499 non
2274 2436 2396 2502 intelli-

395 2520 539 2586 declares
552 2521 657 2603 legem
675 2541 740 2583 101
753 2520 812 2584 tibi
823 2519 947 2583 frustra
958 2520 1108 2601 positam.
1138 2518 1202 2583 His
1216 2520 1369 2600 quoniam
1422 2519 1522 2601 gebat
1542 2526 1580 2581 ut
1596 2518 1759 2584 Dominus
1777 2540 2041 2602 unumquemque
2061 2541 2121 2602 per
2142 2543 2176 2585 se
2194 2524 2397 2587 examinaret

394 2604 762 2681 definiebanturomnes,
781 2604 984 2686 sequebatur,
1002 2604 1083 2688 legis
1095 2604 1286 2687 gloriatione
1299 2626 1369 2670 esse
1422 2622 1460 2667 ac
1482 2612 1713 2668 muneraretur
1733 2626 1792 2686 pro
1814 2605 1953 2682 meritis;
1978 2604 2035 2668 sed
2056 2606 2239 2670 Dominum
2261 2614 2396 2672 attesta-
2504 2647 2508 2656 ·

394 2692 557 2774 spoliatos.
591 2691 707 2773 Itaque
731 2690 929 2755 contrarium
951 2691 1058 2771 potius
1082 2711 1123 2754 ex
1146 2698 1255 2754 mente
1272 2690 1369 2754 Pauli
1420 2687 1518 2752 batur
1540 2690 2396 2773 111οῃ110000101111100011110110110111811110

394 2784 624 2860 argumentum
647 2775 851 2839 formandum
876 2784 938 2839 est:
967 2776 1092 2839 iustitia
1120 2775 1202 2860 legis
1229 2777 1265 2840 in
1293 2797 1368 2859 ope-
1419 2773 1585 2855 iniquitas.
1630 2775 1680 2838 Ac
1708 2796 1749 2838 ne
1777 2774 1901 2840 Paulus
1927 2775 2072 2857 quidem,
2107 2798 2210 2858 quum
2237 2779 2299 2844 hac
2326 2779 2395 2863 glo·

393 2883 469 2927 rum
490 2863 686 2944 perfectione
704 2862 768 2926 sita
785 2871 849 2938 est;
877 2882 973 2924 nemo
995 2862 1117 2925 iactare
1135 2869 1241 2943 potest
1258 2883 1292 2926 se
1310 2882 1369 2943 per
1422 2860 1559 2924 riatione
1581 2880 1616 2923 sc
1633 2860 1734 2923 iactat
1753 2859 1787 2943 (2
1800 2858 1874 2924 Cor.
1897 2865 1923 2938 1,
1940 2860 2003 2942 12),
2026 2860 2112 2942 quod
2134 2862 2253 2927 bonum
2277 2864 2396 2930 habeat

392 2969 491 3031 opera
512 2948 576 3031 legi
594 2947 801 3024 satisfecisse;
823 2946 916 3010 nulla
933 2965 1011 3029 ergo
1033 2952 1084 3010 est
1103 2966 1123 3009 a
1143 2946 1215 3030 lege
1233 2947 1366 3012 iustitia
1421 2945 1636 3023 conscientiae
1655 2944 1887 3023 testimonium,
1911 2967 1946 3010 se
1966 2967 2042 3010 cum
2061 2947 2267 3028 simplicitate
2290 2958 2323 3014 et
2344 2953 2394 3015 in-

483 3039 528 3097 14.
563 3033 635 3098 Iam
658 3040 692 3096 et
714 3054 755 3096 011
776 3032 856 3097 locis
877 3032 943 3096 illis
964 3040 1114 3114 pugnant
1135 3030 1252 3113 quibus
1274 3055 1368 3097 suam
1421 3032 1573 3114 tegribite
1600 3039 1765 3095 versatum
1792 3051 1862 3094 esse
1889 3031 1925 3094 in
1946 3031 2082 3096 ecclesia
2102 3031 2180 3111 Dei,
2217 3035 2394 3114 11110110-Ι

391 3121 549 3185 iustitiam
572 3116 684 3184 fideles
705 3117 957 3182 examinandam
980 3116 1043 3180 Dei
1072 3109 1191 3182 iudicio
1214 3117 1368 3183 audacter
1421 3115 1508 3180 modi
1531 3116 1723 3199 gloriatione
1745 3116 1832 3198 apud
1852 3115 1961 3181 Deum
1983 3117 2044 3179 niti
2051 3141 2059 3194 ;
2088 3115 2145 3181 sed
2174 3129 2303 3185 coactus
2332 3123 2394 3184 im-

390 3206 546 3284 offerunt,
581 3226 618 3270 ac
651 3202 831 3269 secundum
859 3223 931 3267 eam
959 3203 999 3266 de
1026 3222 1061 3267 se
1090 3203 1189 3267 statui
1222 3204 1366 3285 eupiunt.
1419 3203 1549 3284 piorum
1571 3202 1753 3280 calumniis,
1776 3199 1875 3266 tidem
1897 3222 1934 3266 ac
1955 3202 2151 3284 probitatem
2169 3225 2271 3283 suam,
2295 3227 2394 3287 quam

392 3288 515 3370 Quales
537 3297 627 3355 sunt:
650 3288 758 3353 iudica
772 3309 826 3353 me
838 3287 981 3352 Domine
1003 3287 1184 3353 secundum
1205 3289 1365 3353 iustitiam
1422 3287 1551 3352 divinae
1569 3288 1794 3371 indulgentiae
1812 3295 1979 3370 acceptam
1999 3309 2069 3352 esse
2087 3288 2218 3365 sciebat,
2237 3290 2394 3356 adversus

390 3397 514 3454 meam,
537 3383 570 3440 et
592 3373 771 3440 secundum
792 3376 1015 3440 innocentiam
1035 3394 1157 3449 meam,
1182 3395 1266 3457 quse
1289 3383 1367 3439 sunt
1418 3373 1597 3455 quamlibet
1617 3374 1786 3438 hominum
1803 3372 2065 3438 maledicentiam
2083 3374 2207 3438 asserit.
2234 3373 2394 3441 Videmus

374 3460 426 3525 Ι11
447 3483 500 3525 me
533 3461 634 3545 (Psal.
655 3465 689 3538 7,
709 3461 753 3543 9).
792 3460 897 3545 Item:
932 3459 1050 3524 exaudi
1084 3460 1175 3524 Deus
1206 3460 1366 3525 iustitiam
1418 3458 1506 3522 enim
1535 3458 1612 3541 quid
1639 3459 1715 3525 alibi
1746 3458 1930 3542 (10014,
1957 3458 1993 3543 4)
2021 3459 2121 3537 dicat,
2150 3481 2184 3523 sc
2211 3460 2295 3524 nihil
2322 3483 2394 3527 esse

389 3568 507 3624 meam,
530 3547 675 3630 probasti
692 3567 752 3610 cor
773 3568 880 3610 meum
906 3555 939 3610 et
956 3545 1097 3610 visitasti
1119 3553 1223 3623 nocte,
1246 3552 1279 3610 et
1299 3566 1366 3611 non
1418 3544 1477 3609 sibi
1497 3544 1583 3609 male
1601 3545 1776 3622 conscium,
1800 3544 1857 3608 sed
1875 3564 1943 3608 non
1962 3545 1997 3609 in
2015 3544 2076 3610 hoc
2094 3546 2271 3611 iustificari.
2306 3544 2394 3627 Quia

315 3692 320 3704 ,
390 3643 439 3698 001
460 3635 596 3699 inventa
615 3632 651 3695 in
672 3652 725 3696 me
744 3632 899 3714 iniquitas
920 3631 1010 3716 (ibid.
1033 3635 1080 3709 17,
1103 3630 1159 3715 1).’
1189 3632 1289 3696 Item:
1313 3653 1365 3696 re·
1417 3629 1540 3695 scilicet
1561 3630 1775 3714 intelligebat,
1798 3630 1954 3695 iudicium
1972 3629 2036 3694 Dei
2059 3630 2238 3695 humanam
2259 3631 2393 3715 lippitu-

372 3717 511 3812 ‚tribuet
542 3718 626 3782 mihi
653 3716 818 3781 Dominus
847 3717 1028 3783 secundum
1055 3718 1215 3782 iustitiam
1245 3737 1362 3797 meam,
1416 3714 1527 3779 dinem
1544 3716 1641 3800 longo
1658 3715 1912 3797 transscendere.
1945 3715 2119 3798 Utcunque
2136 3737 2214 3800 ergo
2225 3717 2271 3800 pii
2280 3725 2394 3785 contra

390 3812 423 3868 et
444 3804 624 3869 secundum
651 3805 829 3885 puritatem
852 3825 1011 3868 manuum
1036 3824 1186 3867 mearum
1207 3802 1364 3884 rependet
1415 3802 1592 3883 impiorum
1620 3800 1805 3886 hypocrisin
1834 3822 1928 3865 suam
1955 3803 2177 3866 innocentiam
2190 3801 2276 3867 ‘Deo
2305 3812 2392 3870 teste

389 3890 487 3967 mihi;
516 3891 591 3971 quia
613 3887 772 3954 custodivi
793 3890 862 3953 vias
884 3889 1035 3966 Domini,
1058 3909 1119 3953 nec
1139 3889 1239 3971 impie
1261 3887 1364 3954 deieci
1417 3907 1453 3951 ao
1477 3885 1584 3951 iudice
1607 3884 1798 3963 defendant,
1828 3887 1883 3951 ubi
1910 3894 2021 3951 tamen
2050 3908 2125 3952 cum
2153 3886 2220 3951 solo
2241 3889 2313 3954 Deo
2335 3912 2392 3955 ne·

390 3997 410 4039 a
431 3976 503 4039 Deo
524 3995 611 4038 meo:
640 3981 673 4038 et
699 3994 755 4040 cro
777 3974 1018 4050 immaculatus,
1047 3981 1079 4038 01
1107 3975 1283 4039 observabo
1309 3996 1363 4039 me
1416 3973 1543 4056 gotium
1566 3979 1631 4049 est,
1662 3992 1775 4035 omnes
1798 3987 1862 4036 uno
1884 3994 1940 4037 ore
1961 3973 2105 4038 clamant
2126 3971 2228 4056 (Psal.
2250 3977 2320 4054 130,
2340 3975 2389 4060 3):

389 4063 429 4128 ab
456 4060 628 4143 iniquitate
655 4081 730 4124 mea
751 4057 841 4143 (ibid.
865 4063 916 4136 18,
936 4061 1001 4144 21).
1046 4061 1147 4124 Item:
1176 4059 1283 4124 iudica
1310 4080 1362 4123 me
1416 4060 1446 4122 si
1466 4059 1662 4138 iniquitatem
1683 4058 1892 4123 observaveris
1908 4057 2051 4138 Domine,
2074 4057 2209 4122 Domine
2229 4061 2303 4141 qnia
2323 4081 2392 4126 stis-

387 4148 538 4224 Domine,
562 4146 716 4228 quoniam
738 4147 773 4208 in
794 4146 980 4210 innocentia
1002 4167 1075 4210 mea
1092 4144 1273 4222 ambulavi;
1296 4166 1363 4209 non
1416 4142 1544 4206 tinebit?
1579 4143 1677 4207 Item:
1697 4164 1738 4207 10
1760 4142 1954 4226 ingrediaris
1971 4144 2006 4207 in
2023 4143 2178 4209 iudicium
2196 4166 2269 4211 cum
2288 4148 2391 4212 servis

388 4233 456 4298 sedi
483 4253 558 4297 eum
580 4232 660 4296 viris
681 4230 907 4308 mendacibus,
936 4252 1011 4296 cum
1037 4231 1149 4313 iniqua
1176 4231 1363 4313 gerentibus
1416 4230 1495 4306 tuis;
1523 4229 1684 4310 quianon
1707 4228 1935 4294 iustificabitur
1956 4229 1993 4292 in
2011 4235 2185 4312 conspectu
2208 4237 2263 4293 tuo
2284 4233 2390 4297 omnis

387 4339 453 4383 non
477 4319 629 4395 introibo;
652 4339 694 4381 ne
715 4315 833 4399 perdas
856 4316 1061 4399 cumimpiis
1084 4314 1228 4379 animam
1245 4335 1361 4395 meam,
1415 4314 1776 4399 111010(11>1(1.143,2).
1817 4312 1958 4398 Suisque
1974 4315 2125 4397 operibus
2136 4313 2234 4378 diffisi
2250 4315 2390 4381 libenter

387 4426 460 4470 cum
483 4405 562 4469 viris
586 4403 785 4487 sanguinum
808 4403 911 4467 vitam
933 4421 1049 4479 meam,
1073 4402 1270 4483 inquorum
1292 4423 1363 4466 ma·
1416 4407 1553 4465 canunt:
1582 4400 1709 4464 bonitas
1738 4407 1795 4464 tua
1818 4399 1932 4465 melior
1952 4421 2050 4483 quam
2073 4400 2141 4464 vita
2162 4397 2252 4481 (ibid.
2274 4403 2323 4479 63,
2342 4400 2386 4485 4).

387 4490 483 4555 nibus
505 4490 695 4572 iniquitates
716 4496 808 4565 sunt,
838 4487 972 4552 dextera
1000 4508 1137 4569 quorum
1165 4486 1291 4570 repleta
1312 4494 1363 4551 est
1506 4489 1554 4549 15.
1605 4483 1693 4551 Sunt
1725 4495 1758 4550 et
1789 4486 1844 4550 alii
1877 4507 1942 4551 non
1975 4484 2139 4550 absimiles
2170 4484 2391 4566 superioribus

387 4575 593 4640 muneribus:
628 4596 688 4659 ego
717 4582 827 4639 autem
854 4575 1046 4638 innocenter
1074 4572 1243 4637 >ambulavi
1269 4571 1360 4655 (ibid.
1415 4571 1500 4649 loci,
1534 4571 1569 4634 in
1603 4572 1720 4654 quibus
1752 4572 1926 4637 subsistere
1960 4572 2140 4636 etiamnum
2173 4569 2246 4650 quis
2277 4572 2388 4651 possit

388 4664 475 4737 26,1
502 4660 601 4743 019).
636 4661 715 4725 Dixi
738 4681 837 4743 supra
855 4660 895 4724 de
917 4656 1035 4723 fiducia
1056 4680 1154 4742 quam
1176 4659 1238 4723 sibi
1258 4659 1363 4724 sancti
1415 4657 1507 4722 Dicit
1528 4653 1684 4723 Salomon
1711 4656 1823 4741 (Prov.
1842 4661 1892 4735 20,
1913 4657 1962 4739 7),
1995 4675 2069 4718 eum
2097 4654 2154 4736 qui
2183 4654 2328 4718 ambulat
2353 4658 2389 4723 in

388 4743 578 4825 simpliciter
600 4744 641 4808 ab
653 4747 804 4828 operibus
816 4767 944 4810 sumere
956 4743 1117 4810 videntur.
1147 4742 1362 4824 Quacantem
1415 4743 1605 4826 integritate
1632 4765 1706 4821 sua,
1735 4743 1858 4808 iustum
1887 4763 1965 4806 csse.
2010 4740 2095 4803 Item
2122 4737 2213 4820 (ibid
2242 4744 2294 4818 12,
2316 4740 2387 4826 28);

387 4831 451 4895 huc
474 4828 670 4894 adduximus
692 4832 878 4897 testimonia
899 4852 959 4896 nos
977 4851 1044 4895 non
1061 4830 1157 4895 valde
1174 4829 1360 4912 impedient,
1415 4830 1450 4893 in
1481 4828 1598 4894 semita
1625 4829 1771 4894 iustitiae
1800 4849 1870 4893 esse
1898 4827 2014 4902 vitam,
2048 4845 2086 4888 ac
2113 4826 2148 4888 in
2170 4846 2210 4889 ea
2230 4826 2301 4908 ipsa
2322 4849 2390 4893 uon

388 4918 415 4979 si
429 4912 711 4980 secundumsuam
731 4926 913 5001 περίστασιν,
933 4918 995 4983 hoc
1008 4925 1058 4983 est
1074 4917 1290 5001 complexum,
1308 4915 1362 4982 vel
1416 4935 1486 4980 esse
1516 4921 1664 4980 mortem.
1715 4912 1790 4994 Qua
1819 4912 1943 4975 ratione
1970 4909 2122 4973 Ezechiel
2150 4909 2224 4994 (18,
2244 4916 2272 4976 9.
2293 4915 2329 4975 21
2356 4922 2390 4979 01

388 5001 440 5085 (11
468 4998 567 5081 vulgo
591 4997 799 5084 loquuntur),
829 5003 1121 5083 circumstantiam,
1151 5003 1359 5085 accipiantur.
1414 5005 1467 5081 33,
1490 4999 1543 5084 15)
1564 5000 1715 5084 perhibet
1735 5001 1805 5064 vita
1826 4997 1989 5062 victurum
2017 4996 2072 5078 qui
2099 4995 2258 5062 iudicium
2280 5018 2318 5064 ac
2339 5000 2389 5064 iu-

386 5088 437 5151 Ea
459 5104 557 5170 porro
580 5082 701 5165 duplex
722 5093 782 5151 est.
813 5086 901 5150 Nam
930 5109 989 5154 nec
1012 5089 1051 5154 de
1072 5091 1152 5171 ipsis
1173 5090 1207 5152 in
1229 5090 1362 5154 univer·
1414 5087 1538 5151 stitiam
1559 5087 1679 5152 fecerit.
1720 5083 1813 5148 Nihil
1835 5102 1949 5144 eorum
1970 5080 2024 5145 vel
2045 5080 2234 5160 infitiamur,
2257 5083 2311 5149 vel
2332 5085 2389 5150 ob-

387 5194 460 5237 sum
482 5169 706 5254 quaestionem
729 5170 843 5234 haberi
865 5173 988 5248 volunt,
1012 5181 1050 5236 ut
1070 5196 1129 5256 pro
1151 5176 1250 5240 totins
1271 5175 1361 5238 vitae
1414 5191 1592 5237 scuramus.
1637 5169 1705 5237 Sed
1737 5167 1873 5250 prodeat
1898 5187 1984 5230 unus
2013 5187 2055 5231 ex
2081 5167 2157 5233 filiis
2177 5166 2284 5234 Adam
2312 5184 2414 5234 0111

386 5266 499 5323 tenore
520 5255 574 5319 vel
596 5255 793 5339 damnentur
820 5255 873 5319 vel
900 5256 1126 5338 absolvantur3
1154 5259 1212 5323 sed
1238 5261 1361 5342 specia—
1414 5258 1472 5323 tali
1500 5258 1697 5341 integritate.
1743 5252 1779 5318 Si
1808 5271 1904 5318 nemo
1926 5260 1992 5332 est,
2020 5259 2080 5317 aut
2104 5262 2241 5336 pereant
2268 5275 2386 5318 acon·

386 5345 451 5409 lem
473 5362 606 5409 causam
627 5341 662 5404 in
683 5339 841 5405 iudicium
861 5339 1103 5422 disceptandam
1125 5344 1277 5422 afferunt,
1300 5367 1360 5409 nec
1413 5352 1525 5425 speetu
1557 5342 1621 5406 Dei
1650 5346 1788 5422 oportet,
1823 5345 1880 5402 aut
1912 5337 1954 5402 ad
1983 5339 2223 5404 misericordiae
2256 5338 2384 5422 asylum

367 5429 516 5496 -divinae
551 5425 757 5510 perfectionis
784 5433 949 5509 respectu,
982 5425 1040 5490 sed
1068 5448 1110 5490 ex
1136 5428 1359 5510 improborum
1414 5429 1611 5512 confugiant.
1657 5426 1770 5508 Neque
1791 5425 1922 5489 interim
1944 5445 2102 5508 negamus
2130 5424 2208 5507 quin
2232 5423 2382 5490 fidelibus

389 5537 426 5580 ao
456 5514 669 5580 scelestorum
702 5512 945 5596 comparatione
976 5511 1148 5577 iustitiam·
1174 5511 1237 5576 sibi
1272 5533 1362 5576 arro-
1413 5534 1473 5577 sua
1494 5513 1673 5594 integritas,
1696 5509 1865 5575 dimidiata
1886 5510 1962 5577 licet
1984 5531 2022 5575 ac
2042 5510 2238 5592 imperfecta,
2262 5508 2384 5592 gradus

388 5611 476 5683 gant.
510 5600 669 5678 Primum,
693 5620 794 5682 quum
817 5598 858 5664 de
874 5598 1007 5663 homine
1023 5595 1229 5662 iustificando
1243 5598 1360 5681 agitne
1413 5599 1456 5662 sit
1477 5598 1518 5662 ad
1540 5595 1826 5662 immortalitatem.
1870 5594 1938 5662 Sed
1959 5596 2048 5661 unde
2070 5595 2119 5673 id,
2134 5594 2209 5692 xnisi
2231 5594 2386 5678 quoniam

387 5705 452 5750 non
482 5692 607 5749 tantum
634 5686 804 5767 quaeritur
830 5693 869 5748 ut
893 5683 1014 5749 bonam
1042 5683 1077 5747 in
1099 5704 1136 5748 re
1157 5682 1266 5766 aliqua
1285 5702 1362 5776 par·
1412 5703 1492 5763 quos
1520 5684 1555 5746 in
1582 5681 1696 5749 foedus
1719 5684 1844 5768 gratiae
1870 5683 2046 5766 assumpsit
2066 5679 2244 5761 Dominus,
2272 5699 2387 5749 eorum
