5600 6809
336 692 347 710 ’
400 747 439 807 19
1044 687 1310 803 marmorio
1331 736 1435 799 ann.
1459 731 1638 799 enarer.
1663 736 1754 796 icco.
1910 687 1914 694 ’
2358 729 2400 790 ao

398 908 525 994 studiis.
574 929 622 992 Et
651 928 742 993 huuc
767 926 906 992 limitem
934 927 1132 1010 transgressi
1154 932 1245 1000 sunt,
1271 944 1374 1005 quum
1426 942 1486 1003 pro
1512 921 1607 986 cuius
1640 921 1841 985 confessione
1874 921 2067 1004 sanguinem
2102 940 2200 983 suum
2232 916 2400 983 effimdere

399 1042 519 1106 otiosos
547 1059 584 1104 ac
612 1037 750 1102 doliares
776 1038 1014 1103 monachorum
1040 1044 1172 1102 ventres
1197 1037 1233 1098 in
1261 1034 1374 1097 lustris
1427 1033 1568 1098 iubetur.
1613 1032 1685 1096 Hos
1706 1052 1834 1114 quoque
1859 1033 2017 1096 terminos
2046 1032 2268 1107 sustulerunt,
2296 1047 2399 1111 quum

302 1223 305 1228 ,
400 1173 439 1217 ao
461 1149 639 1216 fornicibus
661 1149 876 1226 collocarunt,
905 1151 961 1230 qui
985 1149 1092 1213 aliena
1117 1146 1302 1212 substantia
1322 1166 1374 1209 sa·
1427 1143 1608 1209 inviolabili
1635 1143 1707 1227 lege
1734 1143 1769 1207 id
1796 1142 1905 1224 ipsum
1933 1143 2101 1209 iusserunt
2134 1141 2223 1225 quod
2255 1139 2310 1203 ille
2342 1159 2400 1201 ex-

399 1263 600 1347 ginarcntur.
645 1261 746 1324 Pater
766 1268 837 1323 erat
858 1261 912 1343 qui
936 1260 1020 1324 dixit
1032 1260 1056 1344 ¹)
1085 1258 1284 1323 horrendam
1305 1277 1375 1321 esse
1428 1255 1723 1322 communicatione
1743 1255 1909 1337 puniebat,
1932 1255 1986 1320 hic
2008 1254 2117 1320 valida
2134 1254 2261 1316 ratione
2277 1251 2400 1331 impro-

399 1373 692 1449 abominationem,
732 1369 842 1436 ‘videre
882 1371 1045 1453 depictam
1077 1371 1131 1435 vel
1164 1369 1291 1435 Christi
1323 1367 1375 1432 vel
1427 1369 1534 1432 babet.
1579 1368 1681 1431 Pater
1703 1374 1774 1430 erat
1787 1367 1810 1449 ¹)
1839 1367 1896 1448 qui
1917 1368 2136 1430 temeritatem
2157 1386 2227 1429 esse
2250 1361 2400 1437 asseruit,

399 1485 505 1550 sancti
537 1483 636 1548 ullius
666 1481 844 1564 imaginem
877 1482 912 1545 in
939 1482 1206 1546 Christianorum
1234 1479 1373 1561 templis.
1429 1479 1469 1544 de
1491 1501 1526 1543 re
1543 1479 1681 1544 obscura
1703 1479 1739 1542 in
1756 1478 1917 1543 utramvis
1939 1487 2067 1561 partem
2089 1476 2225 1541 definire
2241 1474 2312 1539 sine
2335 1472 2401 1537 cla

399 1597 515 1677 Neque
549 1594 583 1658 id
616 1594 758 1657 hominis
785 1594 884 1656 unius
918 1614 997 1658 voce
1032 1593 1284 1674 pronuntiatum
1317 1597 1374 1667 est,
1428 1591 1475 1654 ris
1497 1598 1594 1673 atque
1616 1588 1822 1654 evidentibus
1853 1591 2033 1673 scripturae
2054 1587 2258 1653 testimoniis.
2301 1583 2402 1647 Hunc

398 1704 456 1771 sed
484 1705 525 1768 ab
553 1705 769 1771 ecclesiastico
792 1705 892 1767 etiam
920 1704 1093 1787 concili02)
1123 1702 1305 1779 decretum,
1332 1722 1375 1765 ne
1428 1701 1608 1766 terminum
1637 1701 1729 1766 obliti
1754 1708 1841 1782 sunt,
1858 1724 1959 1784 quum
1987 1708 2036 1797 tot
2062 1699 2325 1773 constitutiones,
2352 1701 2402 1775 tot

398 1816 486 1899 quod
515 1817 633 1880 colitur
664 1815 700 1877 in
727 1814 905 1896 parietibus
932 1813 1137 1897 depingatur.
1189 1813 1376 1878 Plurimum
1428 1833 1582 1888 canones,
1612 1820 1661 1875 tot
1686 1812 1894 1896 magistrales
1922 1812 2209 1877 determinationes
2237 1808 2307 1873 sine
2334 1805 2401 1869 ullo

399 1926 492 1991 abest
525 1928 604 2010 quin
635 1947 670 1989 se
696 1927 784 1988 intra
811 1926 870 1989 hos
899 1927 981 1991 fines
1012 1926 1217 2003 contineant,
1245 1922 1375 2006 quando
1427 1924 1493 1987 Dei
1518 1923 1617 1988 verbo
1645 1931 1841 1989 statuerunt.
1891 1925 1993 1989 Pater
2018 1921 2125 2008 erati)
2155 1921 2212 2003 qui
2240 1920 2401 1984 Montano

398 2058 466 2102 non
488 2037 679 2119 relinquunt
700 2036 859 2118 angulum
876 2034 1075 2124 imaginibus
1097 2056 1247 2102 vacuum.
1281 2034 1376 2099 Alius
1428 2037 1516 2099 inter
1538 2034 1619 2098 alias
1647 2034 1798 2099 haereses
1820 2035 2031 2118 exprobravit
2057 2033 2144 2116 quod
2171 2031 2298 2114 primus
2319 2028 2401 2092 ieiu-

400 2157 494 2231 pater
503 2149 532 2231 ⁸)
561 2148 725 2213 consuluit
746 2152 785 2210 ut
802 2136 916 2211 'officio
945 2147 1162 2211 humanitatis
1189 2167 1268 2230 erga
1287 2165 1377 2207 mor·
1428 2147 1561 2211 niorum
1581 2146 1671 2229 loges
1692 2148 1908 2229 imposuisset
1953 2147 2052 2212 Hunc
2071 2164 2200 2229 quoque
2222 2145 2402 2208 terminum

355 2347 359 2356 Ι
402 2267 479 2324 tuos
499 2260 536 2324 in
558 2259 727 2342 'sepultura
749 2257 893 2323 defuncti
921 2258 1103 2322 sineremus
1125 2279 1179 2322 eos
1201 2258 1374 2338 quiescere.
1427 2258 1525 2340 longe
1552 2277 1719 2322 excessere
1748 2280 1851 2340 quum
1877 2258 2002 2323 ieiunia
2028 2256 2243 2322 strictissimis
2274 2254 2402 2339 legibus

400 2352 471 2436 Hbs
494 2371 615 2435 limites
637 2376 857 2452 perrumpunt
883 2390 985 2451 quum
1013 2377 1207 2452 perpetuam
1229 2383 1375 2431 mortuo·
1428 2376 1619 2433 sanxerunt.
1664 2370 1765 2434 Pater
1786 2371 1896 2454 erat⁸)
1923 2371 1981 2453 qui
2006 2369 2141 2454 negavit
2162 2367 2317 2433 ecclesiae
2338 2366 2401 2428 mi-

399 2504 476 2546 rum
497 2481 749 2546 sollicitudinem
771 2480 943 2545 incutiunt.
987 2481 1042 2544 Ex
1062 2480 1211 2561 patribus
1233 2487 1304 2544 erat
1319 2479 1377 2561 qui
1428 2481 1542 2544 nistris
1574 2458 1835 2545 interdicendum
1868 2482 2071 2565 coniugium
2109 2480 2293 2545 castitatem
2325 2498 2401 2560 pro-

400 2592 621 2657 substantiam
640 2593 734 2674 panis
756 2599 790 2654 et
816 2592 886 2656 vini
914 2598 1054 2656 testatur
1062 2592 1092 2676 ⁴)
1121 2592 1157 2655 in
1178 2591 1377 2656 eucharistia
1429 2591 1610 2669 nuntiavit,
1641 2613 1713 2656 oum
1739 2594 1870 2676 propria
1891 2614 1994 2658 uxore
2016 2576 2232 2656 concubitum.
2276 2590 2323 2653 Et
2343 2609 2402 2670 pa·

400 2704 448 2768 ita
479 2724 671 2785 permanere
704 2709 738 2765 et
777 2723 842 2766 non
875 2701 1057 2781 desinere,
1079 2703 1165 2766 sicut
1198 2709 1309 2767 manet
1341 2702 1376 2765 in
1429 2710 1495 2769 tres
1518 2712 1612 2768 amnt
1634 2705 1690 2786 qui
1712 2706 1783 2770 eius
1805 2704 1975 2769 autoritati
1996 2709 2215 2769 assenserunt.
2244 2701 2310 2765 His
2326 2699 2402 2764 fini-

402 2813 536 2880 Christo
575 2815 718 2878 Domino
764 2814 947 2880 substantia
986 2821 1019 2878 et
1058 2821 1179 2878 natura
1223 2813 1374 2889 hominis,
1428 2816 1490 2880 bus
1523 2817 1646 2899 egressi
1679 2822 1757 2879 suut
1787 2837 1888 2898 quum
1919 2816 1987 2881 suis
2019 2816 2174 2880 sacrificis
2206 2812 2403 2877 caelibatum

400 2919 673 2990 iuncta'divinae.
718 2925 827 3008 Igitur
846 2922 982 2988 modum
1002 2932 1214 3007 praetereunt
1234 2925 1291 3007 qui
1313 2925 1375 2987 fin-
1429 2946 1541 2991 severe
1563 2927 1764 2991 indixerunt.
1818 2906 1919 2992 Pater
1941 2926 2047 3011 erat⁴)
2069 2926 2127 3009 qui
2148 2925 2277 2989 censuit
2297 2944 2403 2987 unum

397 3043 484 3118 gunt
505 3034 654 3101 desinere
675 3034 893 3101 substantiam
913 3037 1008 3118 panis
1030 3044 1064 3100 et
1084 3037 1154 3102 vini
1175 3035 1283 3102 verbis
1304 3035 1375 3099 Do·
1428 3035 1599 3103 Christum
1619 3038 1818 3103 audiendum
1836 3061 1916 3116 esse,
1939 3037 1979 3102 de
1997 3058 2062 3121 quo
2080 3037 2205 3102 dictum
2223 3037 2274 3115 sit,
2291 3036 2402 3118 ipsum

394 3147 478 3210 mini
499 3147 653 3225 recitatis,
676 3147 770 3210 utin
792 3167 911 3229 corpus
935 3168 973 3212 aa
991 3148 1187 3234 sanguinem
1204 3147 1374 3211 uanssub-
1427 3149 1555 3228 audite,
1588 3171 1649 3217 nee
1682 3151 1921 3234 respiciendum
1954 3149 2034 3233 quid
2065 3148 2122 3214 alii
2149 3156 2227 3213 ante
2254 3168 2316 3211 nos
2342 3153 2403 3210 aut

395 3258 581 3323 stantietur.
626 3259 743 3323 Patres
766 3258 899 3343 erant-¹³)
919 3259 983 3340 qui
1004 3258 1055 3322 uti
1078 3258 1251 3323 universae
1272 3258 1374 3323 eccle-
1427 3258 1572 3325 dixerint
1593 3269 1651 3325 aut
1672 3263 1815 3342 fecerint,
1839 3262 1897 3326 sed
1918 3261 2011 3345 quid,
2035 3262 2090 3345 qui
2107 3261 2235 3344 primus
2252 3258 2403 3322 omnium

394 3369 461 3434 siae
483 3390 587 3433 unam
610 3368 774 3433 duntaxat
791 3369 1025 3434 eucharistiam
1044 3367 1251 3447 exhibebant,
1276 3376 1374 3450 atque
1427 3377 1492 3449 eat,
1515 3369 1668 3438 Christus
1694 3375 1903 3456 praeceperit
1952 3373 2053 3440 Hunc
2079 3375 2180 3438 finem
2206 3392 2311 3453 neque
2338 3370 2403 3454 ipsi

394 3486 432 3545 ut
460 3479 537 3545 inde
566 3481 722 3546 arcebant
750 3481 928 3564 flagitiosos
950 3487 985 3545 et
1012 3479 1201 3558 sceleratos,
1229 3482 1277 3544 ita
1298 3500 1373 3564 gra·
1427 3482 1490 3547 sibi
1516 3485 1754 3566 praestituunt,
1786 3506 1893 3568 noque
1919 3485 1992 3551 aliis
2020 3484 2252 3567 praestitutum
2279 3483 2402 3547 habere

351 3638 353 3644 -
393 3593 527 3659 vissime
555 3593 758 3658 damnabant
795 3613 908 3656 omnes
941 3612 997 3656 eos
1032 3590 1091 3674 qui
1123 3598 1310 3673 praesentes
1342 3590 1373 3654 ei
1425 3595 1632 3677 permittrmt,
1655 3593 1736 3659 dum
1757 3596 1890 3679 quosvis
1911 3597 2020 3680 potius
2042 3603 2076 3660 et
2096 3594 2159 3660 sibi
2181 3602 2214 3660 et
2236 3594 2308 3659 aliis
2329 3614 2402 3658 ma·

393 3725 460 3769 non
489 3703 778 3769 communicarent
828 3703 900 3768 Hos
925 3703 1009 3797 fines
1032 3723 1132 3786 quam
1159 3703 1273 3785 procul
1295 3701 1373 3768 sub-
1425 3706 1546 3790 glstros
1574 3728 1674 3790 quam
1701 3706 1873 3773 Christum
1906 3710 2109 3792 praeficiunt
2158 3708 2260 3772 Pater
2290 3704 2402 3790 erait)

287 3903 290 3908 .
393 3821 585 3892 moverunt,
620 3835 723 3897 quum
756 3836 824 3878 non
858 3814 983 3898 templa
1010 3821 1155 3895 tantum,
1189 3814 1246 3878 sed
1274 3814 1374 3879 etiam
1425 3818 1483 3901 qui
1503 3818 1672 3884 contendit
1692 3819 1861 3886 ecclesiam
1877 3842 1945 3885 non
1961 3818 2079 3886 debere
2101 3841 2136 3884 se
2153 3817 2288 3884 Christo
2304 3837 2402 3901 prae-

393 3926 541 4009 privatas
564 3924 677 3989 domos
698 3927 807 3990 missis
830 3927 898 3991 suis
920 3925 1057 4009 replent,
1080 3926 1122 3990 ad
1144 3946 1199 3990 eas
1222 3934 1373 4008 spectari·
1425 3951 1562 4013 ponere,
1596 3930 1673 4012 quia
1703 3931 1759 3996 ille
1787 3952 1916 4015 semper
1942 3933 2103 3998 veraciter
2128 3929 2264 4008 iudicet,
2298 3929 2402 3996 ecole-

394 4035 453 4102 das
487 4037 619 4118 quosvis
648 4035 843 4111 admittunt,
877 4043 911 4100 et
945 4057 983 4101 eo
1011 4058 1172 4121 quemque
1206 4037 1371 4117 libentius,
1425 4040 1547 4106 siastioi
1585 4050 1696 4105 autem
1737 4041 1862 4109 iudices
1894 4044 1979 4108 sicut
2020 4043 2169 4107 homines
2207 4041 2402 4125 plerumque

393 4168 459 4230 quo
487 4146 612 4229 largius
640 4148 777 4230 quisque
806 4154 973 4225 numerat,
1008 4149 1222 4230 quantumvis
1249 4148 1373 4231 impuri
1424 4151 1591 4217 fallantur.
1642 4154 1717 4221 Hoc
1745 4155 1845 4219 etiam
1871 4157 1937 4220 fine
1964 4162 2134 4238 perrupto,
2165 4174 2310 4218 asserere
2332 4175 2400 4217 non

394 4259 462 4324 sint
482 4266 516 4322 et
539 4258 683 4337 scelesti;
711 4257 753 4321 ad
781 4258 880 4323 fidem
909 4258 945 4322 in
972 4256 1154 4338 Christum,
1180 4267 1214 4324 et
1240 4260 1372 4325 fidelem
1425 4263 1577 4329 dubitant
1605 4271 1708 4330 totam
1736 4267 1917 4351 scripturae
1942 4266 2153 4332 autoritatem
2180 4265 2221 4329 ab
2244 4264 2400 4330 ecclesiae

394 4376 675 4436 sacramentorum
711 4369 974 4434 communionem
1011 4369 1157 4435 invitant
1191 4373 1369 4437 neminem:
1424 4376 1561 4440 arbitrio
1587 4376 1738 4459 pendere.
1783 4379 1901 4444 Patres
1923 4400 2036 4443 omnes
2058 4398 2125 4441 uno
2153 4386 2283 4458 pectore
2305 4396 2399 4441 exse-

394 4483 474 4564 quin
494 4482 604 4565 potius
626 4503 724 4546 suum
745 4502 827 4566 opus
847 4500 908 4563 pro
931 4480 1038 4563 gratia
1059 4488 1092 4545 et
1108 4482 1226 4545 merito
1245 4480 1372 4547 Christi
1425 4487 1507 4554 orati
1535 4496 1613 4552 sunt
1640 4496 1674 4552 et
1702 4510 1767 4553 uno
1794 4511 1850 4556 ore
1879 4491 2046 4569 detestati,
2069 4495 2218 4554 sanctum
2237 4489 2301 4553 Dei
2323 4509 2399 4552 ver·

396 4592 577 4656 venditant.
632 4593 751 4657 Patres
784 4590 917 4674 erant‘)
951 4612 1092 4674 quorum
1118 4613 1205 4656 rmus
1237 4593 1277 4657 ab
1310 4615 1373 4658 usu
1426 4600 1505 4664 bum
1533 4599 1758 4683 sophistarum
1785 4602 1923 4686 argutiis
1951 4601 2167 4667 contaminari
2194 4608 2228 4664 et
2254 4599 2400 4665 dialecti·

399 4722 510 4767 sacrae
531 4702 656 4768 Christi
678 4723 797 4771 coenae
817 4704 854 4767 in
875 4709 980 4767 totum
1000 4703 1241 4768 submovendos
1263 4704 1375 4769 decre·
1428 4731 1541 4777 cornm
1563 4711 1646 4775 rixis
1668 4713 1837 4795 implicari,
1872 4715 1927 4778 An
1949 4713 2004 4777 isti
2024 4712 2066 4777 iis
2088 4711 2248 4776 limitibus
2269 4730 2304 4776 se
2322 4729 2401 4773 con·

398 4813 463 4891 vit,
497 4814 553 4895 qui
574 4813 710 4881 alterius
740 4814 858 4899 speciei
879 4815 1127 4898 participatione
1157 4817 1302 4880 contenti
1334 4816 1374 4881 ab
1431 4824 1555 4904 tinent,
1591 4824 1670 4888 dum
1702 4824 1788 4889 nihil
1821 4824 1911 4889 aliud
1942 4825 1979 4888 in
2010 4831 2080 4888 tota
2110 4824 2180 4888 vita
2210 4821 2402 4897 moliuntur,

400 4923 503 4988 altera
525 4923 748 5007 abstinebant;
772 4927 854 4992 alter
875 4926 1005 4991 fortiter
1027 4933 1163 5010 pugnat,
1186 4947 1255 4991 nou
1277 4926 1376 4992 dene-
1430 4954 1531 5016 qnam
1551 4938 1689 5005 infinitis
1708 4936 1971 5001 contentionibus
1989 4943 2023 5000 et
2041 4935 2116 5019 plus
2134 4956 2232 5017 quam
2250 4931 2406 5016 sophisti-

400 5034 547 5119 ssffildfflfl
574 5035 694 5118 P⁰Plll⁰
721 5037 900 5103 Ohfissffissffi
927 5037 1066 5103 D⁰¹¹fi¹11
1094 5039 1144 5128 ,Sui
1172 5040 1376 5122 sanguinem,
1430 5050 1477 5114 cis
1498 5050 1614 5134 iurgiis
1637 5051 1819 5132 scripturae
1837 5047 2079 5129 simplicitatem
2101 5046 2269 5112 involvere
2291 5052 2324 5109 et
2343 5043 2407 5107 im-

400 5191 604 5200 ——--——-

469 5284 497 5352 1)
520 5283 666 5353 Epiphanii
686 5283 765 5349 epist.
785 5285 821 5336 ab
845 5285 956 5339 Hieron.
975 5303 1062 5339 versa
1121 5284 1151 5353 2)
1169 5286 1273 5340 Concil.
1292 5288 1379 5340 illibe-

399 5371 443 5423 rit
462 5388 484 5424 c.
501 5369 543 5424 36.
596 5367 626 5437 3)
645 5368 772 5421 cimbros.
790 5369 851 5421 libr.
869 5370 903 5423 de
921 5371 1024 5425 Abreh
1045 5372 1068 5425 1.
1088 5389 1110 5426 c.
1128 5371 1152 5425 9.
1205 5371 1236 5440 4)
1254 5373 1376 5426 Gelasius
1501 5370 1531 5437 1)
1548 5369 1694 5438 Angustia
1715 5368 1776 5421 libr.
1795 5365 2178 5434 adspernationibus.
2239 5361 2269 5430 2)
2281 5363 2409 5430 ΔροΙΙοιι.

399 5473 471 5526 papa
493 5457 522 5509 in
539 5455 632 5510 concil
651 5471 753 5507 roman.
878 5453 909 5524 b)
932 5455 1072 5527 Chrysost.
1090 5460 1119 5512 in
1137 5456 1161 5511 1.
1179 5475 1201 5511 c.
1220 5459 1290 5528 Eplu
1326 5458 1376 5512 Ca·
1435 5457 1469 5509 dc
1488 5472 1542 5524 quo
1560 5455 1653 5508 eccles.
1674 5454 1770 5506 histor.
1790 5453 1851 5506 libr.
1870 5449 1894 5505 5.
1914 5468 1935 5504 c.
1954 5450 1995 5504 18.
2097 5450 2128 5518 3)
2150 5449 2284 5518 Paphnut.
2302 5449 2412 5518 tripart.

346 5585 347 5589 ,
399 5541 483 5594 lixtus
501 5558 579 5610 papa,
598 5540 632 5593 de
651 5543 798 5593 consecrat.
817 5539 879 5592 dist.
897 5541 923 5594 2.
1001 5541 1032 5611 6)
1051 5544 1174 5598 Celusius
1191 5560 1284 5598 canon.
1303 5561 1374 5598 com·
1433 5543 1529 5595 histor.
1550 5542 1612 5593 libr.
1629 5538 1653 5593 2.
1675 5557 1696 5592 e.
1718 5538 1758 5591 14.
1853 5535 1884 5606 4)
1902 5537 2029 5608 Cyprius.
2048 5537 2126 5605 epist.
2144 5534 2169 5587 2.
2188 5536 2249 5588 libr.
2268 5533 2292 5587 2.
2384 5531 2415 5603 5)

398 5643 455 5696 per.
475 5627 508 5678 do
526 5633 672 5679 consecrat.
692 5627 753 5679 dist.
766 5625 791 5679 2.
833 5624 959 5696 Cypriam
979 5629 1057 5697 epist.
1070 5628 1094 5682 2.
1112 5631 1174 5683 libr.
1187 5629 1211 5683 l.
1230 5630 1264 5683 de
1282 5630 1372 5699 lapsis.
1436 5629 1580 5697 Angustia.
1599 5628 1660 5681 libr.
1682 5624 1707 5678 2.
1730 5633 1815 5679 contr.
1836 5624 2009 5678 Cresconium
2026 5626 2166 5691 grammat.
2185 5637 2207 5673 c.
2226 5619 2268 5673 21.
