5600 6809
394 717 459 784 199
1040 717 1305 796 INSTITUTIO
1328 717 1434 782 REL.
1458 713 1637 781 OHRIS'P.
1664 719 1755 778 1559.
2336 716 2405 779 200

394 929 455 972 nes
476 915 572 986 artes,
594 906 729 972 dearum
751 908 887 971 inventa
908 927 979 971 esse
1001 906 1139 972 confessi
1161 911 1247 970 sunt.
1281 906 1372 988 Erga
1429 904 1535 980 Deus,
1557 901 1678 967 nasibi
1699 901 1866 982 quisqumn
1886 903 1967 967 velut
1983 903 2151 985 proprirm
2171 907 2300 984 arropet,
2323 900 2406 982 quod

395 1015 496 1077 quum
524 994 673 1058 homines
695 994 789 1070 istos,
819 1014 898 1074 quos
920 992 1082 1074 scriptura
1104 990 1247 1072 ψυχικοιὶς
1269 998 1371 1069 vocat,
1429 1010 1466 1054 er
1486 1009 1573 1052 moa
1594 988 1684 1051 illius
1705 987 1888 1052 liberalitate
1905 990 1986 1068 [lui.
2026 988 2112 1054 Unde
2132 989 2215 1053 enirn
2235 988 2320 1051 alius
2340 986 2405 1053 alio

395 1100 498 1160 usque
524 1099 561 1142 eo
583 1079 682 1143 fuisse
704 1085 814 1160 puteat
834 1079 869 1142 in
891 1099 1001 1142 rerum
1022 1077 1215 1141 inferiorum
1235 1077 1373 1142 investi·
1421 1075 1645 1156 praenuntias,
1672 1073 1737 1137 nisi
1758 1078 1793 1136 ut
1813 1073 1848 1137 in
1868 1079 1984 1139 natura
2006 1075 2160 1139 motuni
2186 1074 2317 1137 emineat
2336 1093 2405 1155 spe-

396 1165 526 1249 gatione
554 1172 666 1229 acutos
688 1171 722 1228 et
742 1165 959 1246 perspicaces,
982 1162 1103 1227 talibus
1126 1163 1284 1245 exemplis
1307 1163 1372 1226 dis-
1426 1160 1518 1225 elatis
1540 1159 1604 1224 Dei
1622 1160 1741 1241 mutia,
1770 1178 1850 1239 quae
1871 1160 1982 1250 mnltm
1997 1161 2205 1242 praeteriens,
2231 1159 2350 1223 nemini
2371 1178 2406 1224 se

396 1272 508 1317 camus
535 1259 613 1332 quot
640 1257 777 1314 naturae
806 1250 970 1313 humanae
998 1249 1083 1313 bona
1107 1249 1270 1313 Dominus
1297 1248 1373 1312 reli·
1426 1246 1601 1310 obstrictam
1626 1264 1691 1309 esse
1712 1245 1850 1308 clamat?
1890 1245 1983 1310 Adde
2003 1247 2085 1327 quod
2105 1245 2282 1328 siopulares
2303 1248 2406 1311 moltis

396 1336 512 1419 querit,
535 1344 708 1418 postquam
730 1356 807 1400 vero
829 1334 912 1398 bono
933 1333 1070 1415 spoliata
1092 1340 1148 1398 est.
1423 1351 1483 1413 pro
1505 1333 1652 1411 cuiusque
1673 1331 1825 1395 romane
1843 1330 1933 1396 Deus
1949 1331 2090 1396 instillat.
2122 1329 2222 1395 Gaius
2240 1331 2288 1395 rei
2304 1329 2405 1395 multa

486 1427 534 1486 16.
580 1421 694 1503 Neque
726 1428 837 1485 tamen
871 1420 1004 1483 interim
1037 1418 1265 1484 obliviscamur
1293 1419 1374 1484 haec
1425 1422 1588 1482 aaaron
1614 1417 1753 1498 manpla
1778 1417 1814 1479 in
1837 1416 1915 1481 libra
1936 1416 2100 1494 Indicum,
2129 1417 2182 1481 ubi
2204 1416 2319 1480 diadar
2339 1416 2406 1497 spi-

396 1508 677 1589 praestantissima
706 1506 808 1570 divini
836 1505 972 1588 spiritus
1001 1526 1072 1568 esse
1101 1505 1200 1583 bona,
1230 1526 1312 1587 quae
1339 1505 1374 1568 in
1428 1505 1509 1568 ritus
1530 1502 1663 1568 Domini
1681 1503 1822 1567 induisse
1843 1522 1919 1582 quas
1940 1503 1983 1567 ael
2003 1503 2169 1586 rependum
2184 1501 2338 1583 mulum
2354 1520 2407 1567 ro·

396 1593 564 1675 publicum
587 1593 715 1675 generis
738 1591 874 1655 hnmani
896 1592 1036 1667 bonum,
1060 1591 1178 1672 quibus
1202 1590 1289 1669 vult,
1312 1588 1376 1655 dis-
1428 1588 1516 1654 cubat
1538 1587 1625 1672 (Iud.
1646 1592 1675 1666 6,
1695 1591 1735 1650 34
1754 1587 1839 1672 eta).
1872 1587 2015 1669 Denique
2036 1591 2070 1652 in
2091 1589 2217 1653 eximiis
2234 1587 2407 1669 quibumrre

396 1688 521 1761 pensat.
563 1676 600 1742 Si
624 1678 710 1741 enirn
732 1676 879 1741 Beseleel
900 1685 934 1741 et
951 1675 1048 1741 Oliab
1069 1676 1320 1759 intelligentiam
1342 1682 1376 1741 et
1427 1675 1520 1757 factis
1542 1674 1688 1756 manalis
1708 1678 1753 1738 est
1772 1674 1944 1738 instinctus.
1979 1674 2048 1755 Quia
2069 1675 2188 1738 ratione
2212 1672 2339 1738 Saulem
2359 1692 2407 1738 se-

398 1765 567 1829 scientiam
584 1784 666 1845 quae
685 1760 726 1826 ad
744 1762 902 1826 fabricam
919 1761 1120 1826 tabernaculi
1139 1762 1374 1844 requirebatur,
1429 1761 1518 1841 quati
1545 1765 1619 1825 sunt
1642 1759 1754 1841 farus,
1784 1779 1915 1839 quarum
1941 1761 2079 1842 tetiperat
2098 1759 2189 1825 Deus
2215 1759 2317 1823 carole.
2361 1756 2408 1824 Et

399 1850 574 1931 oportuita
593 1849 710 1930 spiritu
720 1848 783 1911 Dei
796 1847 949 1911 instillari
961 1846 1080 1930 (Exod.
1101 1851 1151 1926 31,
1165 1851 1182 1909 2
1197 1855 1231 1912 et
1245 1851 1294 1925 35,
1308 1847 1374 1931 30),
1428 1867 1525 1927 quum
1540 1845 1738 1927 predicitur
1757 1847 1958 1928 inaupuratia
1978 1846 2013 1909 in
2034 1867 2178 1928 reponio,
2201 1845 2248 1908 ita
2269 1845 2408 1926 loquitw

397 1956 463 1998 nou
483 1935 603 1997 mirum
626 1942 691 2007 est,
715 1933 743 1998 si
765 1955 878 1997 aarum
900 1955 1025 2011 rerum,
1049 1954 1132 2015 quae
1154 1941 1231 1997 sunt
1251 1933 1286 1995 in
1308 1934 1377 1998 vita
1432 1931 1576 1995 Samuel:
1598 1932 1742 1995 transibit
1762 1951 1856 2010 super
1876 1936 1904 1994 te
1920 1933 2053 2012 spiritus
2070 1931 2211 2008 Dmnini,
2229 1935 2256 1994 et
2273 1930 2337 1994 eris
2355 1929 2409 1994 ab·

397 2021 551 2083 humana
564 2020 872 2101 praestantissimae,
896 2019 1036 2102 cognitio
1057 2040 1117 2101 per
1139 2020 1289 2101 spiritum
1312 2019 1376 2083 Dei
1429 2018 1514 2081 alias
1536 2016 1567 2101 (l
1590 2015 1679 2081 Sam.
1703 2021 1751 2095 10,
1771 2016 1816 2101 6).
1859 2017 1963 2098 Ablue
1988 2017 2042 2081 bae
2069 2018 2113 2082 ad
2139 2020 2236 2080 tatum
2256 2017 2408 2099 pubere«

398 2105 628 2170 communicari
661 2103 754 2168 nobis
787 2104 924 2169 dicatur.
968 2104 1081 2186 Neque
1115 2113 1164 2169 est
1198 2126 1256 2168 cur
1282 2113 1376 2188 roget
1428 2104 1522 2168 tierris
1553 2123 1679 2167 cursuro
1710 2102 1900 2180 mauditum
1933 2103 2027 2167 sicuti
2053 2108 2162 2184 pastea
2177 2107 2342 2166 narratur
2369 2101 2409 2166 de

397 2190 572 2273 quispiam,
606 2189 762 2272 quidnam
789 2211 864 2254 cum
891 2190 1008 2273 spiritu
1040 2191 1226 2255 commercii
1257 2191 1374 2272 impiis,
1429 2189 1568 2267 Deoida,
1603 2189 1684 2269 quael
1710 2189 1874 2252 transierit
1899 2208 1993 2269 super
2020 2209 2091 2253 eum
2111 2188 2245 2270 spiritus
2271 2185 2410 2252 Domini

399 2277 454 2359 qui
477 2284 555 2339 sunt
577 2297 596 2339 a
618 2276 690 2339 Deo
711 2296 844 2358 prorsus
867 2275 987 2339 alieni?
1033 2276 1120 2340 Nam
1148 2275 1232 2358 quod
1256 2276 1376 2341 dicitur
1428 2297 1450 2338 a
1471 2275 1521 2338 die
1542 2275 1603 2339 illa
1624 2277 1835 2356 inposterum
1857 2273 1947 2357 (ibid.
1971 2277 2018 2353 16,
2041 2273 2104 2359 13).
2141 2273 2204 2338 sea
2224 2274 2306 2338 idern
2328 2272 2410 2339 alibi·

398 2362 533 2444 spiritus
550 2362 615 2425 Dei
637 2362 671 2423 in
693 2361 769 2424 solis
786 2360 936 2426 fidelibus
954 2361 1111 2439 habitare,
1135 2360 1168 2425 id
1188 2361 1375 2444 intelligen·
1428 2362 1565 2425 traditur
1595 2361 1698 2448 quoad
1723 2359 1937 2442 particulares
1963 2366 2072 2424 oratus.
2120 2360 2190 2424 Ima
2222 2359 2309 2441 aprici
2339 2357 2411 2424 Ha-

397 2447 477 2510 dum
506 2447 546 2511 de
569 2447 688 2528 spiritu
709 2447 986 2524 sanctificationis,
1015 2469 1074 2529 per
1102 2468 1198 2529 quom
1219 2447 1290 2511 Deo
1312 2448 1375 2529 ipsi
1428 2467 1548 2511 aarum
1561 2446 1585 2530 ¹)
1614 2446 1734 2529 inperia
1749 2444 1866 2525 pallere
1887 2446 2033 2509 dicuntur
2054 2445 2205 2522 laminas,
2232 2465 2294 2508 nan
2316 2444 2411 2511 modo

396 2533 434 2599 in
462 2532 586 2614 templa
612 2553 848 2596 consecramur.
893 2533 1007 2614 Neque
1035 2541 1145 2597 tamm
1171 2533 1243 2601 ideo
1268 2534 1375 2598 minus
1422 2538 1519 2614 prout
1536 2534 1645 2612 cuique
1663 2529 1824 2594 distribuit
1835 2529 1969 2611 lupnte,
1991 2531 2045 2595 sal
2063 2527 2124 2594 olor
2141 2535 2188 2593 ἐπ’
2207 2523 2287 2614 ἦμαρ
2305 2527 2409 2613 ἄγῃσι.

397 2618 518 2699 replet,
546 2625 670 2694 movet,
704 2625 834 2700 vegetat
856 2619 966 2682 omnia
985 2618 1130 2683 eiusdem
1154 2619 1288 2700 spiritus
1309 2620 1376 2684 vir·
1428 2617 1473 2682 Et
1494 2623 1569 2682 certe
1590 2617 1778 2698 experientia
1799 2617 1944 2695 annau
1971 2617 2047 2680 dum
2075 2618 2197 2682 attoniti
2223 2637 2316 2697 saepe
2335 2616 2412 2682 bae·

400 2712 478 2778 tute,
500 2702 598 2784 idque
616 2703 796 2767 secundum
814 2705 1066 2785 uniuscuiusque
1084 2704 1213 2786 generis
1230 2706 1376 2788 proprie·
1429 2705 1571 2784 reliqui
1592 2703 1729 2766 mairac
1750 2702 1903 2784 inpatiasi
1925 2708 2012 2767 mant
2033 2704 2229 2781 aecclesias,
2251 2703 2286 2766 iu
2308 2722 2411 2769 marm

398 2795 516 2864 tatem,
545 2809 644 2869 quam
673 2789 702 2851 ei
731 2790 902 2854 creationis
926 2789 998 2872 lege
1026 2790 1183 2853 attribuit.
1229 2788 1327 2870 Quod
1348 2792 1376 2855 si
1429 2794 1457 2853 et
1477 2789 1608 2853 arbitrio
1629 2788 1693 2853 Dei
1716 2808 1781 2852 esse
1801 2793 1915 2853 menas
1935 2787 2107 2866 boninum,
2135 2793 2171 2852 ut
2196 2808 2250 2853 eas
2270 2787 2414 2872 mapalia

398 2895 457 2938 nos
477 2874 640 2937 Dominus
662 2872 837 2956 impiorum
858 2895 955 2957 opera
974 2881 1007 2938 et
1024 2876 1214 2954 ministerio,
1237 2877 1272 2938 in
1290 2876 1375 2959 phy·
1428 2876 1588 2939 mmeritis
1613 2879 1715 2956 repat:
1747 2894 1811 2954 qua
1840 2875 1959 2938 ratione
1984 2875 2101 2939 dicitm
2127 2875 2252 2956 aufem
2277 2894 2411 2939 sarsum

399 2959 489 3036 sicia,
514 2958 705 3035 dialecticis,
734 2959 975 3024 mathematicis
1003 2968 1037 3024 et
1056 2960 1191 3043 reliquis
1215 2960 1249 3024 id
1272 2983 1375 3044 genus
1424 2961 1638 3042 pradestibus,
1661 2965 1695 3023 ut
1716 2963 1817 3023 emant
1832 2980 1894 3040 per
1915 2960 2003 3023 ionia
2021 2959 2123 3042 (Psal,
2146 2965 2214 3038 107,
2234 2958 2300 3044 40).
2329 2957 2412 3026 Cae·

398 3045 504 3109 veluit
526 3044 663 3123 adiutos,
686 3066 725 3108 ea
745 3051 892 3123 utamur;
919 3067 962 3110 ne
990 3047 1018 3110 si
1037 3046 1103 3110 Dei
1126 3046 1211 3111 dona
1232 3047 1318 3111 ultro
1339 3049 1375 3112 in
1428 3051 1528 3109 taum
1556 3047 1590 3108 in
1617 3045 1674 3110 bac
1700 3046 1878 3110 cliaaslate
1909 3047 2116 3126 mamistanus
2146 3051 2247 3111 moseo
2277 3045 2413 3126 aliqum

397 3131 477 3212 ipsis
499 3129 608 3193 oblata
628 3129 852 3213 negligamus,
881 3129 995 3196 demus
1018 3131 1121 3196 iustas
1143 3133 1294 3216 ignaviae
1316 3155 1375 3197 no·
1427 3132 1579 3215 inopinis
1598 3131 1662 3197 Dei
1682 3131 1861 3211 superstites
1882 3137 1986 3210 natas,
2014 3152 2094 3213 quae
2120 3136 2215 3197 totum
2232 3130 2412 3197 humanum

397 3223 484 3280 strae
512 3235 642 3297 poenas.
697 3216 744 3279 At
776 3236 870 3293 vero,
904 3238 947 3280 ne
979 3218 1051 3299 quis
1080 3217 1247 3282 hominem
1279 3217 1375 3284 valde
1426 3238 1524 3300 penus
1544 3218 1582 3282 ab
1604 3217 1680 3308 aliis
1693 3217 1854 3281 creaturis
1873 3218 2072 3300 distinguant.

396 3302 527 3366 beatum
561 3308 670 3384 putet,
704 3323 804 3383 quum
831 3302 892 3366 sub
925 3301 1095 3366 elementis
1129 3303 1226 3368 huius
1259 3305 1375 3369 mundi
1517 3308 1565 3368 18.
1614 3304 1711 3368 Nune
1743 3303 1973 3384 exponendum
2005 3311 2056 3368 est
2088 3302 2166 3385 quid
2198 3310 2311 3369 cernat
2339 3303 2413 3371 hn-

396 3393 490 3452 tanta
511 3387 660 3451 veritatis
681 3387 1006 3469 comprehendendae
1034 3389 1169 3472 energia
1191 3390 1239 3452 illi
1261 3411 1375 3454 conce·
1427 3411 1527 3455 mana
1553 3389 1653 3467 rada,
1687 3388 1744 3453 ubi
1769 3387 1811 3453 ad
1838 3409 1977 3472 regnum
1997 3389 2063 3453 Dei
2089 3390 2222 3453 venitur
2248 3395 2281 3454 et
2308 3389 2414 3473 spiri-

396 3471 499 3551 ditur;
527 3472 624 3537 simul
647 3471 834 3537 addendum
856 3481 918 3550 est,
940 3481 1044 3538 totam
1064 3473 1176 3553 istam,
1200 3483 1232 3539 et
1254 3474 1375 3539 intelli·
1428 3476 1551 3540 tualem
1571 3475 1663 3539 illam
1679 3474 1954 3557 perspicientiam,
1976 3496 2060 3557 quae
2076 3476 2181 3540 tribus
2197 3475 2415 3557 potissimum

396 3557 495 3642 gandi
517 3559 601 3635 vim,
626 3565 658 3622 et
680 3559 932 3642 intelligentiam
953 3580 1036 3642 quae
1057 3560 1134 3624 inde
1156 3561 1374 3642 consequitur,
1427 3562 1525 3627 rebus
1546 3567 1683 3639 constat,
1704 3558 1815 3624 Deum
1837 3581 1942 3637 nosse,
1960 3567 2131 3642 palearem
2152 3581 2232 3644 erga
2252 3582 2314 3627 nos
2334 3562 2414 3628 eius

395 3666 466 3708 rem
489 3664 560 3707 esse
582 3645 705 3708 fluxam
728 3651 762 3708 et
783 3644 958 3709 evanidam
981 3665 1091 3710 coram
1113 3644 1200 3724 Deo,
1229 3647 1286 3712 ubi
1307 3666 1375 3710 non
1425 3649 1578 3730 favareou
1607 3648 1643 3710 in
1671 3667 1730 3727 quo
1750 3645 1838 3710 salus
1858 3652 1966 3711 nostra
1985 3648 2136 3725 amastit,
2163 3654 2198 3711 et
2216 3644 2414 3714 formandae

396 3729 508 3793 subest
540 3729 678 3793 solidum
712 3729 859 3794 veritatis
890 3731 1150 3796 tundamentum.
1195 3732 1375 3797 Verissime
1428 3732 1606 3799 secundum
1641 3732 1717 3815 lmis
1747 3731 1887 3815 rapulam
1920 3733 2006 3797 vitae
2037 3734 2207 3797 rationem.
2252 3732 2338 3799 Οιιιιι
2371 3733 2414 3799 in

397 3815 486 3877 enim
507 3815 714 3896 Augustinus
737 3815 804 3899 (cui
826 3817 1045 3896 subscribere,
1074 3824 1110 3881 ut
1134 3817 1292 3897 diximus,
1321 3840 1374 3885 co-
1427 3819 1541 3902 primis
1569 3817 1709 3896 duobus,
1731 3825 1811 3881 -tum
1839 3840 1917 3882 vero
1945 3819 1981 3881 in
2010 3816 2153 3883 secundo
2175 3818 2320 3902 proprie,
2348 3818 2413 3901 qui

398 3899 461 3962 acti
488 3903 560 3961 sunt
580 3900 741 3982 Magister
762 3903 1000 3967 sententiarum
1013 3902 1037 3984 ι)
1066 3909 1093 3967 et
1119 3902 1314 3988 Scholastici)
1337 3913 1375 3968 ut
1427 3914 1505 3970 suut
1527 3905 1698 3969 hominum
1721 3904 1988 3986 ingeniosissimi,
2016 3905 2115 3987 talpis
2135 3912 2214 3968 sunt
2234 3904 2412 3970 caederes.

397 3984 542 4067 gratuita
563 3983 689 4047 homini
712 3985 796 4050 dona
814 3996 888 4070 post
909 3988 1038 4071 lapsum
1060 3989 1206 4054 detracta
1224 4010 1303 4068 essa,
1326 3991 1374 4054 ita
1427 3991 1590 4073 Equidem
1612 4011 1679 4054 non
1699 3989 1838 4067 infitior,
1867 3991 2007 4072 sparsim
2034 3989 2193 4072 quaedam
2216 3989 2304 4071 apud
2331 3989 2411 4072 phi-

397 4069 562 4132 naturalia
590 4069 670 4134 baec
694 4092 776 4152 quae
798 4074 979 4153 restabant,
1009 4083 1162 4158 corrupta
1188 4076 1289 4140 fuisse
1316 4074 1373 4140 do·
1426 4076 1578 4159 losophos
1606 4075 1646 4142 de
1672 4076 1745 4141 Deo
1773 4074 1838 4158 legi
1872 4077 1951 4141 scite
1979 4085 2013 4140 et
2040 4076 2186 4158 apposite
2215 4074 2316 4154 diota,
2347 4074 2411 4142 sed

397 4162 465 4218 cet:
493 4174 560 4217 non
588 4153 674 4237 quod
703 4177 761 4237 per
788 4179 822 4221 se
849 4158 1015 4241 inquinari
1043 4161 1184 4243 possint,
1213 4169 1374 4245 quatenus
1427 4182 1509 4244 quae
1537 4162 1774 4245 vertiginosam
1799 4161 1964 4244 quandam
1985 4162 2256 4245 imaginationem
2276 4182 2411 4244 semper

397 4240 511 4304 aDeo
533 4241 797 4340 proficiscuntur,
822 4242 879 4308 sed
901 4245 977 4326 quia
998 4246 1121 4328 polluto
1144 4248 1269 4312 homini
1290 4269 1374 4332 pura
1427 4249 1594 4331 resipiant,
1638 4246 1796 4314 Praebuit
1817 4246 1949 4329 quidem
1970 4247 2036 4312 illis
2058 4248 2230 4325 Dominus,
2249 4254 2410 4330 utsupra

397 4347 467 4391 esse
491 4323 673 4402 desierunt,
701 4348 744 4390 ne
771 4349 869 4409 quam
895 4328 972 4394 inde
994 4330 1125 4397 laudern
1147 4342 1371 4416 consequatur.
1427 4334 1552 4400 dictum
1580 4341 1644 4411 ost,
1679 4335 1836 4418 exiguum
1859 4332 2042 4398 divinitatis
2074 4354 2152 4398 snae
2180 4339 2328 4417 gustum,
2363 4354 2409 4399 ne

485 4415 532 4510 ll:
569 4412 656 4476 Hace
677 4432 801 4478 summ
821 4416 870 4493 sit,
893 4415 927 4478 in
947 4417 1090 4482 aeterra
1109 4440 1218 4500 penos
1239 4420 1374 4484 bumana
1426 4421 1649 4504 ignorantiam
1671 4420 1834 4503 impietati
1856 4418 2084 4496 obtenderent,
2108 4426 2142 4483 et
2164 4440 2219 4483 eos
2235 4416 2407 4483 interdum

391 4517 540 4579 perspice,
562 4503 695 4562 naturae
716 4503 838 4563 nostrae
852 4502 1021 4582 propriam
1038 4523 1103 4567 esse
1123 4505 1283 4584 rationem,
1294 4526 1374 4586 quae
1426 4506 1468 4570 ad
1484 4506 1622 4572 dicenda
1639 4505 1798 4570 nonnulla
1812 4504 1953 4587 impulit,
1971 4526 2109 4587 quorum
2127 4505 2323 4570 mnfessione
2338 4503 2407 4586 ipsi

395 4602 452 4679 nos
479 4604 499 4645 a
526 4584 627 4648 brutis
655 4584 847 4649 animalibus
873 4587 1041 4665 discernat,
1076 4590 1155 4653 sicut
1182 4590 1254 4670 ipsa
1281 4611 1373 4655 sensu
1426 4594 1709 4670 conducerentum
1728 4589 1786 4655 sed
1796 4590 1844 4653 ita
1855 4590 2009 4654 viderunt
2020 4611 2103 4673 quae
2115 4590 2277 4677 videbant,
2295 4589 2406 4656 attali

395 4668 544 4765 differat
571 4692 592 4734 a
617 4671 709 4734 rebus
737 4671 930 4735 inanimatis.
977 4673 1063 4737 Naue
1095 4676 1174 4755 quod
1202 4681 1373 4740 nascuntur
1425 4678 1546 4743 intuitu
1559 4678 1694 4741 minime
1709 4676 1749 4741 ad
1762 4676 1935 4742 veritatem
1948 4674 2178 4759 dirigerentur,
2196 4675 2405 4758 nedumper·

393 4773 546 4850 owriancs
571 4757 714 4835 quidam,
743 4757 792 4821 ael
811 4757 945 4837 stupi‘cli,
975 4757 1107 4839 mlestus
1129 4762 1184 4826 ille
1203 4760 1373 4843 parmulae
1425 4764 1598 4845 tingerent.
1639 4761 1790 4842 Qualiter
1812 4762 1963 4826 nocturni
1985 4762 2121 4845 fulgetri
2138 4762 2404 4841 coruscationem,

391 4837 457 4930 Dei
488 4842 626 4921 pratiam
654 4864 714 4906 nan
748 4843 903 4921 absarrat;
932 4845 1008 4924 quin
1033 4847 1141 4926 patius
1173 4848 1231 4911 toli
1259 4851 1373 4928 specta-
1425 4849 1481 4929 qui
1498 4847 1650 4912 inmedio
1666 4869 1744 4931 agro
1756 4856 1807 4912 est
1818 4847 1933 4926 viator,
1950 4846 2047 4931 longe
2060 4848 2187 4931 lateque
2200 4847 2403 4913 admomen·

395 4923 462 5021 cula
483 4943 656 5021 oranemur,
679 4929 760 5007 quod
781 4929 869 4993 rioms
888 4929 1030 4994 relictum
1052 4936 1104 5009 est,
1128 4931 1192 4996 Dei
1212 4933 1374 5016 indulpan-
1425 4942 1496 4996 tum
1507 4933 1605 5007 videt,
1621 4933 1678 4998 sed
1691 4933 1770 4997 adeo
1783 4932 1922 4997 evanida
1935 4941 2076 5016 aspectu,
2092 4942 2131 4998 ut
2146 4942 2221 4998 ante
2232 4933 2404 4999 noctisoa·

395 5013 457 5106 trae
478 5014 586 5073 moda
607 5011 711 5109 elabere
723 5014 867 5094 adscribi,
890 5015 967 5095 quia
988 5017 1053 5080 uisi
1074 5018 1162 5081 nabis
1177 5022 1371 5100 pepercisset,
1426 5018 1751 5101 ligineresorbeatur,
1763 5037 1862 5100 quam
1874 5018 1991 5100 pedem
2002 5040 2134 5085 movere
2147 5027 2259 5103 queat;
2273 5025 2404 5085 tantum

396 5098 490 5157 trtius
510 5099 641 5160 naturae
662 5101 819 5162 erraneam
839 5120 941 5165 secun
957 5103 1105 5166 traxisset
1121 5104 1253 5184 Mettio.
1287 5105 1374 5185 Quoi
1427 5105 1518 5169 abest
1541 5113 1577 5168 ut
1600 5106 1635 5168 in
1654 5105 1743 5169 viam
1766 5104 1824 5168 tali
1842 5104 1984 5169 subsidio
2002 5104 2190 5171 deducatur.
2226 5106 2405 5169 Praeterea

396 5185 499 5278 aubin
531 5179 590 5243 alii
616 5189 779 5279 praestant
806 5189 961 5266 ammissa,
996 5187 1055 5252 alii
1076 5189 1194 5253 iudicia
1215 5195 1371 5271 superant,
1425 5190 1500 5254 illae
1512 5190 1662 5255 veritatis
1673 5190 1831 5274 gutarlae,
1853 5190 1969 5273 quibus
1985 5191 2085 5257 libros
2100 5198 2257 5274 tanquam
2269 5189 2403 5255 fortmto

395 5266 472 5331 dcis
493 5286 580 5364 rnna
601 5267 714 5364 reprlrar
734 5275 777 5332 est
799 5272 840 5334 ad
861 5271 940 5338 banc
960 5273 1006 5337 ael
1027 5273 1115 5338 mam
1136 5280 1236 5340 artem
1256 5276 1373 5339 clamn-
1426 5284 1614 5359 aspergunt,
1637 5285 1715 5359 quot
1736 5284 1769 5341 et
1791 5297 1891 5359 quam
1911 5278 2107 5359 portentosis
2124 5277 2304 5342 mendaciis
2324 5280 2405 5341 sunt

396 5351 484 5431 clara
507 5373 542 5416 in
563 5352 621 5416 baa
641 5358 788 5418 variante
805 5359 943 5437 matiam
963 5380 1056 5424 suam
1077 5360 1164 5425 nobis
1185 5361 1374 5426 mundat
1425 5361 1635 5443 inquinatae?
1678 5362 1830 5445 Denique
1852 5363 1945 5427 illam
1966 5361 2096 5428 dinnao
2118 5384 2198 5447 erga
2221 5383 2282 5427 nos
2303 5362 2404 5427 bene-

396 5525 601 5534 -ηη-Ψ

462 5624 491 5692 1)
508 5626 582 5678 Libr.
601 5626 626 5679 2.
645 5627 763 5680 distinct.
782 5626 824 5680 25.
1496 5635 1525 5704 1)
1542 5637 1639 5708 Odyss.
1658 5637 1768 5703 XVIII,
1788 5636 1847 5690 1³7.
