5600 6809
393 772 433 830 rr
941 718 945 725 ’
1043 759 1756 844 msuruuuronnn.ana1su1sea
2362 764 2403 824 rs

393 957 541 1023 custodiis
567 954 701 1031 emittat,
735 954 800 1017 sive
832 953 1005 1034 nautrapos
1032 951 1068 1013 in
1089 954 1219 1030 portum
1240 947 1375 1011 adducat
1426 949 1675 1043 quaeritandum
1703 972 1786 1028 esse,
1820 950 1940 1033 quippe
1969 951 2025 1032 qui
2051 949 2316 1032 praesentissima
2342 971 2403 1014 sua

393 1042 568 1118 incolumes,
591 1041 656 1103 sice
677 1060 699 1103 a
715 1039 832 1103 morbis
853 1041 941 1102 sainct
961 1037 1181 1111 semimortuos,
1203 1034 1268 1097 sice
1289 1037 1376 1096 aestu
1427 1036 1548 1099 virtute
1572 1036 1752 1101 habitatin
1775 1058 1964 1118 unoquoque
1982 1044 2139 1100 nostrum.
2173 1036 2316 1111 Proinde
2332 1036 2403 1100 Da·

393 1128 577 1193 etsiccitate
598 1129 710 1189 eiurat
731 1129 846 1200 terras,
873 1125 938 1187 siae
965 1122 1078 1186 occulto
1102 1121 1284 1201 irrigatione
1303 1138 1375 1200 pro-
1427 1119 1482 1183 vid
1510 1121 1612 1204 (Psal.
1641 1121 1731 1205 145),
1763 1121 2018 1185 inenarrabilem
2046 1123 2115 1186 eius
2141 1119 2403 1204 magnitudinem

392 1216 455 1278 tiae
486 1213 658 1294 foecundet,
692 1211 757 1275 sice
789 1209 909 1273 attollat
942 1206 1215 1287 contemptissimos
1237 1226 1253 1268 e
1274 1204 1373 1286 culpo,
1427 1217 1502 1269 ante
1535 1207 1716 1284 confessus,
1754 1216 1927 1289 postquam
1966 1206 2008 1269 ad
2040 1226 2176 1289 operum
2208 1227 2403 1271 commemo-

379 1301 459 1364 'sioe
487 1317 629 1379 proceres
662 1297 789 1360 deliciet
817 1316 854 1358 en
883 1295 943 1358 alto
971 1293 1134 1376 dignitatis
1158 1291 1277 1374 produ:
1299 1308 1374 1370 pre
1426 1292 1586 1356 rationem
1610 1291 1784 1370 descendit,
1808 1313 1881 1356 eam
1902 1294 2008 1375 ipsam
2025 1314 2060 1357 se
2080 1301 2309 1356 emanaturum
2326 1312 2404 1374 pro-

389 1386 506 1466 positis
533 1383 685 1447 eiusmodi
713 1381 863 1463 cueinplis
889 1379 1016 1461 callipit,
1045 1378 1101 1458 qui
1128 1381 1287 1441 censentur
1309 1394 1374 1439 esse
1425 1378 1543 1440 fitetur.
1589 1376 1701 1458 Quare
1729 1386 1763 1442 et
1790 1400 1849 1442 uos
1876 1380 1911 1442 in
1934 1399 2006 1442 eam
2027 1378 2091 1442 Dei
2118 1378 2404 1460 investigationem

392 1471 516 1553 fortuiti
539 1489 644 1545 casus,
674 1468 797 1532 totidem
817 1486 881 1529 esse
897 1465 1113 1546 prouidentiae
1135 1462 1269 1527 coelestis
1291 1461 1373 1525 testi
1425 1463 1605 1528 incumbere
1625 1465 1716 1542 decet
1738 1486 1820 1546 quae
1839 1465 1885 1529 sic
1903 1485 2096 1544 suspensum
2113 1463 2327 1528 admiratione
2348 1464 2401 1526 in-

393 1557 508 1632 mania,
526 1555 714 1635 pracsertim
735 1572 805 1615 cero
822 1551 1170 1631 paternaeclementiae;
1191 1553 1282 1628 atque
1299 1546 1372 1609 binc
1425 1549 1559 1631 genium
1587 1558 1698 1613 teneat
1725 1558 1764 1612 ut
1792 1551 1915 1614 efficaci
1937 1571 2036 1614 sensu
2058 1550 2188 1631 penitus
2210 1549 2308 1613 simul
2330 1550 2402 1613 affi-

389 1643 460 1724 piis
488 1641 561 1704 dori
588 1640 752 1702 materiam
778 1637 927 1711 laetitiae,
956 1637 1066 1718 impiis
1089 1655 1158 1698 cero
1186 1639 1213 1698 ct
1233 1631 1372 1713 reprobis
1425 1634 1498 1698 ciat.
1537 1635 1584 1698 Et
1600 1633 1873 1717 quemadmodum
1895 1634 1989 1700 docet
2011 1635 2129 1699 alicubi
2147 1636 2362 1718 Augustinus,
2378 1635 2401 1721 ¹)

394 1748 451 1791 oro
473 1726 599 1792 obstrui.
642 1723 702 1789 Sed
723 1723 800 1804 quia
821 1724 923 1786 maior
939 1742 1022 1803 pars
1044 1719 1203 1784 mroribus
1223 1720 1293 1784 suis
1314 1718 1372 1780 im-
1424 1720 1500 1801 quia
1530 1720 1625 1783 illum
1657 1741 1724 1784 non
1756 1742 1927 1803 passumus
1954 1741 2084 1803 capere,
2118 1721 2209 1785 velut
2240 1720 2300 1785 sub
2331 1722 2403 1785 eius

394 1813 476 1890 buta,
504 1814 539 1875 in
566 1816 630 1874 tam
651 1809 769 1873 illustri
790 1808 907 1872 tbeatro
929 1808 1069 1883 caecutit,
1099 1805 1252 1870 mclomat
1277 1823 1371 1866 rarae
1424 1805 1651 1888 magnitudine
1684 1805 1885 1885 deficientes,
1925 1807 1966 1870 ad
1999 1828 2098 1888 opera
2131 1808 2291 1889 respicere
2324 1827 2402 1870 eon·

394 1904 421 1963 et
442 1898 616 1981 semuncta
637 1916 701 1959 esse
719 1894 902 1975 sapientiae,
919 1895 1090 1975 prudenter
1109 1890 1277 1971 eapeuderc
1298 1888 1371 1952 liaeo
1424 1893 1524 1968 venit,
1548 1903 1585 1955 ut
1607 1893 1677 1955 eius
1700 1893 1887 1957 reficiamur
1907 1891 2060 1956 bonitate.

395 1984 459 2048 Dei
481 2004 586 2063 opera,
615 2002 748 2061 quorum
775 1985 899 2060 aspectu
925 1979 1006 2042 rribil
1027 1978 1198 2059 proliciunt
1218 1976 1273 2055 qui
1295 1975 1371 2037 olio-
1513 1982 1560 2041 10.
1606 1977 1729 2042 Deinde
1751 1979 1908 2048 eiusmodi
1931 1979 2049 2041 notitia
2070 2000 2137 2042 non
2157 1976 2315 2042 modoad
2337 1978 2404 2042 Dei

395 2071 449 2151 qui
482 2069 625 2133 uidentur
653 2087 717 2131 esse
743 2066 926 2130 acutissimi.
983 2064 1028 2128 Et
1060 2068 1137 2129 certe
1171 2057 1371 2142 quantumvis
1423 2062 1548 2126 cultum
1569 2064 1713 2127 excitare
1735 2084 1795 2128 nos
1818 2062 1921 2142 debet,
1947 2063 2004 2128 sed
2026 2063 2067 2127 ad
2088 2084 2179 2145 spem
2201 2083 2327 2146 quoque
2350 2064 2403 2128 fu·

394 2156 552 2237 splendeat
572 2153 633 2217 Dei
653 2152 765 2235 plocio,
787 2152 842 2214 cia
864 2152 1045 2214 centesimus
1066 2151 1194 2229 quisque
1215 2167 1306 2209 cerus
1327 2149 1371 2209 cst
1423 2154 1517 2211 turae
1539 2150 1626 2212 vitae
1648 2151 1910 2232 expergefacere,
1939 2157 1972 2214 et
1997 2151 2130 2232 erigere.
2176 2148 2289 2228 Quum
2310 2150 2401 2214 enim

394 2243 463 2306 eires
489 2244 645 2320 spectator.
691 2237 803 2301 Nihilo
836 2237 941 2319 magis
974 2243 1031 2300 aut
1062 2234 1206 2317 potentia
1233 2240 1291 2296 aut
1319 2252 1369 2294 sa·
1423 2233 1722 2299 animadvertamus
1744 2257 1826 2317 quae
1843 2236 2006 2300 Dominus
2019 2235 2305 2312 tumelementiae,
2329 2242 2403 2299 tum

394 2327 518 2409 pientia
544 2326 578 2388 in
606 2323 748 2388 tenebris
776 2322 892 2401 latent3
919 2342 1057 2403 quarum
1080 2320 1183 2384 altera
1204 2317 1370 2400 praeclare
1423 2321 1606 2384 severitatis
1629 2341 1708 2384 suae
1726 2322 1904 2403 specimina
1921 2321 1996 2398 edit,
2019 2322 2173 2385 inchoata
2190 2321 2351 2384 duntaxat
2368 2328 2403 2385 et

394 2411 533 2493 emergit
552 2401 644 2472 ¹dum
675 2409 851 2490 impiorum
878 2408 1011 2484 ferocia,
1044 2406 1191 2470 omnium
1220 2404 1371 2484 opinione
1423 2406 1603 2487 semiplena
1634 2427 1719 2483 esse,
1752 2406 1841 2470 haud
1873 2406 1970 2473 dubie
1999 2407 2040 2471 ad
2066 2407 2190 2470 maiora
2217 2407 2262 2471 sic
2290 2408 2401 2488 ipsum

393 2495 638 2578 insuperabilis,
671 2503 834 2557 momento
861 2515 926 2557 una
958 2492 1152 2567 retunditur,
1186 2488 1371 2571 arrogantia
1422 2490 1615 2572 praeludere
1636 2498 1824 2573 reputemus
1846 2500 1988 2574 oportet,
2017 2513 2154 2575 quorum
2180 2492 2401 2557 manifestatio

394 2583 560 2656 dematur,
594 2579 770 2643 diruuntur
802 2579 1003 2644 validissima
1035 2576 1210 2659 praesidia,
1244 2574 1310 2637 tela
1338 2581 1371 2637 et
1422 2576 1582 2659 plenaque
1605 2577 1763 2641 exhibitio
1784 2579 1819 2641 in
1840 2579 1936 2642 aliam
1955 2580 2057 2648 vitam
2076 2578 2234 2642 differtur.
2267 2579 2298 2642 E
2322 2600 2400 2644 con-

395 2688 487 2730 arma
515 2668 795 2743 comminuuntur,
827 2666 915 2730 vires
936 2664 1173 2747 infringuntur,
1201 2660 1369 2724 machina
1421 2684 1517 2727 verso
1547 2663 1617 2745 pias
1644 2663 1685 2727 ab
1707 2664 1817 2746 impiis
1840 2685 1942 2746 quum
1971 2664 2141 2745 videamus
2169 2662 2399 2728 afflictionibus

395 2754 499 2816 tiones
522 2759 728 2829 evertuntur,
758 2759 791 2813 ct
817 2771 876 2816 sua
902 2752 1047 2834 ipsorum
1075 2748 1159 2813 mole
1181 2744 1369 2822 concidunt;
1422 2750 1569 2831 gravari,
1603 2749 1730 2813 iniuriis
1758 2751 1899 2828 concuti,
1932 2750 2105 2815 calumniis
2132 2750 2287 2832 opprimi,
2321 2771 2400 2814 con-

395 2859 477 2920 quae
505 2857 604 2919 supra
628 2836 732 2901 coelos
755 2858 789 2900 se
812 2836 967 2901 efferebat
986 2835 1135 2910 audacia,
1163 2835 1199 2895 in
1221 2838 1370 2896 centrum
1404 2834 1564 2898 ·tumeliis
1585 2835 1776 2916 probrisque
1795 2834 1946 2915 lacerari;
1969 2836 2121 2901 scelestes
2139 2837 2398 2914 contraderem,

394 2945 496 3005 usque
513 2931 622 2986 terrae
636 2923 871 3003 prosternitur3
892 2942 1022 2986 rursum
1040 2921 1212 3002 erigimtur
1230 2916 1370 2981 humiles
1422 2921 1619 3001 prosperari,
1650 2921 1791 3002 quietem
1821 2942 1897 2985 cum
1923 2921 2083 3005 dignitate
2108 2922 2268 3000 obtinere,
2300 2922 2400 3004 idque

395 3008 570 3091 epulvere
592 3007 693 3090 (Psal.
717 3012 785 3086 113,
807 3007 855 3093 7),
878 3017 912 3072 et
932 3009 1045 3089 inopes
1067 3028 1084 3069 e
1106 3013 1248 3069 stercore
1269 3001 1370 3065 susci·
1422 3007 1568 3087 impune:
1599 3006 1747 3088 protinus
1769 3006 1986 3090 colligendum
2008 3016 2072 3083 est,
2101 3007 2237 3071 alteram
2258 3007 2328 3071 fore
2350 3008 2401 3071 vi-

394 3103 515 3172 tantur,
539 3094 684 3175 oppressi
707 3101 740 3156 et
757 3094 869 3159 afflicti
887 3093 928 3157 ab
946 3093 1101 3157 extremis
1119 3090 1278 3174 angustiis
1296 3108 1370 3151 eru·
1422 3098 1491 3154 tam
1524 3091 1560 3154 in
1590 3113 1654 3174 qua
1681 3108 1714 3155 et
1742 3113 1801 3156 sua
1827 3093 1993 3174 iniquitati
2020 3092 2179 3168 vindicta,
2214 3100 2248 3156 et
2273 3114 2400 3159 meroes

395 3189 511 3256 untur,
536 3178 695 3260 deplorati
717 3179 752 3242 in
774 3201 865 3261 spem
887 3179 1008 3244 bonam
1025 3177 1259 3252 restituuntur,
1282 3175 1370 3237 iner-
1421 3176 1566 3242 iustitiae
1595 3179 1737 3260 reposita
1769 3179 1819 3242 sit.
1865 3178 1919 3243 Ad
1952 3179 2033 3242 haee
2059 3199 2160 3260 quum
2188 3178 2401 3244 observemus

393 3287 464 3330 mes
481 3266 521 3329 do
540 3265 684 3342 muratis,
706 3266 800 3346 pauci
823 3265 863 3329 de
880 3264 1038 3347 plurimis,
1060 3261 1236 3327 imbecilles
1255 3259 1295 3323 de
1312 3280 1370 3322 va»
1422 3263 1559 3326 Domini
1575 3262 1689 3327 ferulis
1705 3264 1834 3346 saepius
1851 3263 1965 3328 fideles
1982 3265 2144 3347 castigari,
2167 3271 2257 3329 certo
2278 3266 2401 3331 certius

393 3351 468 3416 lidia
491 3351 661 3415 victoriam
683 3351 838 3414 referunt
885 3348 1049 3431 Sapientia
1073 3369 1151 3413 vero
1172 3348 1245 3429 ipsa
1264 3345 1371 3408 mani·
1422 3348 1619 3413 constituere
1645 3349 1734 3425 licet,
1764 3349 1869 3412 multo
1897 3351 2005 3415 minus
2032 3351 2149 3433 impios
2177 3351 2247 3415 eius
2269 3350 2401 3435 flagella

393 3438 474 3501 feste
498 3436 629 3501 excellit
645 3435 723 3499 dum
741 3437 864 3518 optima
881 3454 1145 3517 unamquamque
1159 3453 1229 3496 rem
1253 3449 1370 3513 oppor·
1422 3434 1501 3498 olim
1521 3455 1685 3498 evasuros.
1732 3432 1860 3500 Scitum
1883 3435 1971 3499 enim
1993 3445 2044 3500 est
2064 3436 2146 3501 illud
2165 3436 2400 3521 Augustinizl)

393 3523 532 3586 tunitate
558 3522 739 3603 dispensat,
779 3521 970 3603 quamlibet
995 3518 1109 3584 mundi
1137 3517 1371 3601 perspicaciam
1423 3521 1450 3585 si
1472 3542 1561 3585 nunc
1583 3541 1679 3584 omne
1697 3528 1867 3602 peecatum
1889 3522 2062 3586 manifesta
2078 3522 2274 3604 plecteretur
2284 3544 2400 3605 paena,

393 3607 571 3684 confundit,
595 3606 810 3689 deprehendit
832 3614 957 3672 astutos
973 3606 1010 3669 in
1027 3605 1149 3671 astutia
1164 3625 1225 3667 sua
1247 3601 1279 3686 (l
1294 3601 1368 3665 Oor.
1422 3605 1507 3669 nihil
1530 3605 1646 3669 ultimo
1673 3605 1792 3670 iudicio
1822 3608 2189 3691 reservariputaretun
2224 3629 2348 3687 rursus,
2372 3609 2402 3674 si

395 3697 424 3770 3,
447 3692 510 3773 19),
533 3692 617 3756 nihil
632 3691 770 3775 denique
791 3714 859 3757 non
877 3693 999 3776 optima
1019 3692 1144 3756 ratione
1167 3694 1370 3770 attemperat.
1422 3691 1550 3756 nullum
1576 3700 1748 3774 peccatum
1768 3713 1857 3758 nunc
1879 3700 1990 3776 aperte
2011 3694 2104 3759 Deus
2131 3693 2279 3777 puniret,
2307 3693 2403 3757 nulla

481 3784 508 3840 9.
555 3777 714 3842 Videmus
740 3801 807 3843 non
834 3780 933 3863 longa
961 3800 1022 3842 uec
1048 3777 1210 3841 laboriosa
1236 3772 1370 3837 demon·
1423 3799 1493 3842 esse
1518 3775 1633 3842 divina
1660 3775 1875 3861 providentia
1894 3779 2090 3844 crederetur.
2133 3779 2320 3843 Fatendum
2349 3786 2403 3844 est

393 3863 550 3928 stratione
583 3884 664 3946 opus
697 3885 767 3929 esse
798 3865 840 3929 ad
873 3865 1016 3930 eruenda
1048 3884 1130 3945 quae
1157 3858 1369 3925 illustrandae
1422 3864 1538 3947 igitur,
1567 3863 1603 3926 in
1631 3864 1770 3947 singulis
1790 3863 1855 3928 Dei
1881 3866 2045 3948 operibus,
2074 3866 2266 3949 praesertim
2289 3872 2402 3930 autem

394 3947 649 4030 asserendaeque
672 3949 802 4014 divinae
821 3951 985 4016 maiestati
1002 3951 1151 4015 serviunt
1169 3944 1368 4023 testimonia
1422 3951 1457 4012 in
1480 3949 1627 4031 ipsorum
1648 3949 1871 4028 universitate,
1893 3972 1961 4015 non
1981 3972 2073 4017 secus
2095 3960 2193 4033 atque
2216 3953 2251 4014 in
2269 3950 2399 4032 tabulis,

394 4033 553 4116 siquidem
586 4055 627 4097 ex
659 4037 773 4117 paucis
805 4058 887 4118 quae
918 4036 1147 4113 delibavimus,
1178 4051 1370 4116 quocunque
1424 4034 1566 4117 depictas
1595 4056 1665 4100 esse
1685 4035 1750 4099 Dei
1779 4036 1917 4100 virtutes
1924 4060 1933 4115 ;
1960 4038 2076 4119 quibus
2102 4039 2138 4101 in
2162 4039 2232 4101 eius
2260 4037 2402 4120 agnitio·

393 4119 561 4197 incideris,
595 4120 675 4183 adeo
701 4129 853 4203 prompta
880 4130 914 4186 et
940 4123 1037 4187 obvia
1065 4143 1135 4186 esse
1162 4124 1304 4196 constat,
1332 4122 1371 4179 ut
1422 4141 1513 4198 nem,
1537 4126 1571 4183 et
1593 4120 1633 4184 ab
1655 4121 1726 4203 ipsa
1747 4121 1783 4184 in
1805 4142 1910 4185 ueram
1926 4113 2111 4205 plenamque
2131 4123 2322 4188 felicitatem
2348 4124 2403 4186 in-

394 4205 494 4270 ceulis
517 4204 681 4288 designari
703 4228 741 4271 ac
764 4206 874 4289 digitis
895 4209 1001 4272 notari
1023 4207 1118 4272 facile
1139 4212 1268 4288 queant
1307 4203 1370 4266 At
1422 4207 1547 4272 vitatur
1575 4215 1671 4289 atque
1699 4207 1833 4272 illicitur
1859 4209 2051 4274 universum
2084 4210 2254 4273 hominum
2285 4229 2401 4292 genus.

394 4313 456 4374 que
489 4291 542 4356 hie
575 4312 689 4356 rursus
716 4293 954 4357 observandum
983 4303 1046 4370 est,
1079 4293 1214 4356 invitari
1242 4310 1301 4354 nos
1329 4287 1371 4352 ad
1422 4293 1526 4357 Porro
1555 4292 1773 4357 lucidissimae
1800 4315 1901 4376 quum
1930 4295 1996 4360 illic
2024 4301 2216 4377 appareant:
2246 4316 2404 4377 quorsum

392 4377 458 4442 Dei
480 4377 644 4454 notitiam,
675 4399 740 4441 non
768 4399 850 4460 quae
877 4379 969 4442 inani
991 4378 1211 4461 speculatione
1232 4379 1371 4440 mntenta
1422 4386 1533 4442 tamen
1560 4379 1765 4461 potissimum
1786 4388 1959 4462 spectent,¹
1972 4379 2050 4462 quid
2072 4381 2217 4457 valeant,
2247 4402 2344 4463 quam
2367 4381 2403 4445 in

392 4464 428 4526 in
454 4463 572 4528 cerebro
594 4468 715 4526 tantum
737 4464 850 4542 coli'tet,
880 4464 937 4528 sed
966 4485 1049 4546 quae
1072 4463 1174 4528 solida
1195 4464 1306 4526 futura
1328 4461 1371 4524 sit
1421 4464 1524 4527 finem
1546 4486 1565 4528 a
1586 4464 1680 4529 nobis
1702 4466 1769 4529 sint
1785 4468 1984 4546 reputandae,
2008 4474 2079 4530 tum
2101 4466 2233 4530 demum
2256 4467 2403 4548 assequi-

393 4556 427 4611 ct
449 4549 627 4627 fructuosa,
658 4550 684 4614 si
706 4551 764 4614 rite
786 4550 985 4633 percipiatur
1011 4571 1031 4613 a
1055 4549 1148 4613 nobis
1175 4549 1371 4626 radicemque
1416 4571 1498 4628 ‚mur
1525 4548 1603 4613 dum
1630 4550 1664 4614 in
1692 4572 1752 4615 nos
1777 4552 1863 4632 ipsos
1886 4551 2126 4630 descendimus,
2148 4573 2193 4616 sac
2215 4551 2402 4616 considera-
2506 4559 2510 4563 '

394 4638 467 4715 opat
488 4635 523 4696 in
545 4635 640 4699 corde.
684 4636 726 4699 A·
739 4637 806 4700 suis
834 4637 922 4699 enim
946 4634 1122 4700 virtutibus
1143 4634 1371 4698 manifestatur
1423 4657 1496 4700 mus
1517 4636 1759 4717 quibusmodis
1783 4658 1876 4700 suam
1893 4639 1929 4701 in
1946 4638 2039 4703 nobis
2061 4639 2173 4716 vitam,
2196 4637 2401 4719 sapientiam,

393 4718 556 4783 Dominus
563 4743 570 4797 ;
593 4742 732 4802 quarum
754 4722 823 4786 vim
845 4723 923 4804 quia
944 4721 1104 4785 sentimus
1125 4721 1214 4785 intra
1235 4739 1311 4795 nas,
1337 4725 1370 4781 et
1421 4721 1581 4786 virtutem
1607 4720 1770 4790 Dominus
1797 4733 1940 4802 exserat,
1975 4745 2069 4788 suam
2097 4722 2271 4799 iustitiam,
2306 4723 2402 4786 boni-

393 4802 557 4868 beneticiis
574 4805 722 4885 fruimur,
745 4807 888 4872 vividius
907 4807 1011 4870 multo
1029 4806 1091 4872 hac
1109 4806 1292 4890 cognitione
1309 4823 1369 4867 nos
1421 4814 1537 4883 tatem,
1571 4806 1779 4872 clementiam
1811 4829 1890 4890 erga
1917 4831 1976 4873 nos
2009 4817 2168 4875 exerceat.
2223 4807 2310 4871 Nam
2342 4810 2402 4874 etsi

394 4889 480 4952 affici
502 4910 634 4954 necesse
652 4899 711 4970 est,
734 4914 833 4975 quam
856 4895 883 4958 si
905 4895 1015 4957 Deum
1036 4893 1292 4974 imaginaremur
1313 4910 1369 4955 cu·
1422 4895 1503 4957 iuste
1523 4894 1721 4973 conqueritur
1743 4893 1852 4958 David
1877 4895 1980 4977 (Psal.
2000 4900 2050 4974 92,
2071 4896 2120 4980 7),
2148 4894 2322 4958 incredrdos
2349 4895 2401 4958 de

393 4975 445 5038 ius
472 4974 582 5038 nullus
611 4974 653 5037 ad
674 5000 733 5041 nos
766 4995 881 5045 sensus
908 4978 1102 5062 perveniret
1147 4977 1245 5044 Unde
1272 4974 1369 5039 intel·
1422 4980 1531 5059 sipere,
1554 4981 1631 5059 quia
1652 4980 1687 5042 in
1707 4978 1840 5043 buniam
1858 4982 1981 5062 pencris
2000 4981 2218 5063 gubernatione
2235 4979 2401 5061 profunda

393 5059 527 5142 ligimus
555 5059 640 5123 hane
668 5084 737 5127 esse
758 5066 975 5131 rectissimam
996 5064 1061 5128 Dei
1082 5062 1260 5146 quaerendi
1280 5062 1370 5127 viam
1423 5064 1487 5128 Dei
1509 5064 1641 5128 masilia
1662 5085 1723 5128 non
1740 5067 1923 5145 expendunt,
1947 5072 1990 5131 est
2011 5073 2112 5132 tamen
2130 5067 2183 5130 loc
2202 5066 2401 5130 amasiorum

394 5153 427 5208 et
455 5146 661 5228 aptissimum
688 5148 833 5214 ordinem
840 5175 848 5230 ;
880 5173 947 5216 non
973 5159 1011 5215 ut
1039 5150 1155 5215 audaci
1182 5148 1370 5215 curiositate
1422 5150 1503 5231 qnod
1523 5149 1797 5234 animatio,
1821 5152 1874 5234 13)
1902 5153 1991 5230 dicit
2020 5153 2236 5218 admirabilem
2258 5150 2321 5216 Dei
2349 5171 2401 5214 sa-

392 5240 567 5315 penetrare
591 5239 756 5296 tentemus
778 5235 819 5299 ad
843 5235 1071 5302 excutiendam
1093 5236 1163 5301 eius
1186 5234 1368 5310 essentiam,
1416 5235 1574 5317 pientiam
1596 5235 1655 5300 bac
1681 5237 1717 5299 in
1732 5241 1828 5318 parte
1849 5239 1988 5304 euoedem
2010 5239 2137 5320 capillos
2158 5238 2272 5318 capitis
2292 5237 2400 5301 nostri.

394 5338 476 5398 quae
505 5316 671 5381 adoranda
697 5320 803 5401 potius
831 5329 895 5399 est,
929 5345 1028 5406 quam
1054 5320 1277 5406 scrupulosius
1304 5317 1370 5382 dis·
1425 5320 1487 5384 Sed
1508 5323 1584 5401 quia
1605 5320 1659 5386 boc
1680 5328 1895 5405 armoncentum
1913 5325 2043 5406 posthac
2069 5346 2125 5390 saco
2146 5324 2255 5389 ordine
2274 5322 2402 5404 plenius

394 5402 567 5484 quirenda;
601 5402 659 5467 sed
690 5412 729 5468 ut
757 5405 851 5469 illum
880 5409 916 5471 in
944 5409 1012 5473 suis
1040 5408 1192 5490 operibus
1225 5414 1370 5471 contem·
1423 5407 1621 5472 tractandum
1642 5409 1709 5487 erit,
1732 5429 1813 5473 nunc
1834 5411 1946 5475 omdto.

395 5487 536 5570 plemur,
564 5489 680 5573 quibus
703 5511 738 5554 se
759 5493 978 5573 propinquum
999 5495 1094 5559 nobis
1113 5493 1371 5572 familiaremque

395 5571 503 5636 reddit
530 5596 567 5638 ac
594 5574 830 5657 quodammodo
852 5581 1077 5645 communicat
1122 5578 1198 5660 Quo
1220 5577 1372 5660 respicie-

395 5658 453 5722 bat
469 5660 633 5741 apostolus
653 5683 754 5744 quum
772 5662 894 5728 diceret
916 5662 1003 5747 (Act.
1027 5670 1074 5743 17,
1094 5665 1167 5750 m),
1189 5686 1255 5728 non
1274 5663 1371 5747 longe
1494 5680 1522 5749 1)
1542 5683 1610 5752 Aug.
1629 5683 1657 5736 in
1675 5683 1745 5735 Pal.
1765 5682 1822 5736 144.
1901 5682 1932 5752 2)
1950 5684 2023 5736 Litr.
2038 5682 2062 5736 1.
2081 5684 2115 5735 de
2133 5683 2236 5737 ducat
2255 5684 2314 5749 Dei,
2333 5700 2355 5736 a.
2374 5680 2401 5736 8.
