5600 6809
408 755 470 817 001
544 711 546 714 ’
1055 745 1321 816 mammo
1341 747 1446 813 sur..
1469 745 1650 813 01110101.
1673 750 1764 811 1559.
2350 750 2415 812 eos

404 940 461 1022 qui
482 937 692 1003 Corinthium
712 935 876 1001 incestum
896 957 963 1001 non
984 936 1080 1001 modo
1102 937 1212 1002 verbis
1230 936 1378 1018 castigat,
1432 937 1628 1018 sanguinem
1661 954 1771 998 meum
1804 933 1896 1000 fundi
1929 935 2051 1018 patiar,
2085 953 2185 1018 quam
2216 932 2408 1014 pollutionis

404 1023 462 1090 sed
488 1021 825 1087 excommunicatione
852 1023 961 1106 punit,
991 1022 1089 1087 simul
1116 1030 1214 1104 atque
1243 1021 1283 1086 dc
1310 1042 1379 1098 006·
1431 1022 1525 1086 istim
1552 1023 1632 1085 fiam
1660 1021 1830 1103 particeps.
1874 1022 1979 1104 Ergo,
2002 1042 2044 1085 ne
2065 1019 2324 1085 sacratissimum
2341 1006 2409 1084 hoc

403 1108 470 1174 lere
496 1109 602 1174 factus
630 1114 680 1172 est
708 1108 834 1172 certior.
884 1109 983 1174 Nune
1010 1129 1088 1191 ergo
1116 1109 1234 1172 melius
1262 1109 1379 1189 incipi·
1431 1108 1627 1190 mysterium
1656 1106 1819 1171 afficiatur
1847 1106 2041 1190 ignominia,
2069 1106 2105 1168 in
2127 1125 2165 1169 eo
2188 1104 2409 1186 dispensando

402 1215 477 1259 mus
510 1214 644 1259 cernere
676 1193 838 1277 quomodo
873 1194 1053 1274 spiritualis
1093 1193 1248 1259 ecclesiae
1280 1194 1378 1257 iuris-
1431 1213 1631 1275 magnopere
1663 1191 1807 1257 delectus
1841 1193 2033 1274 requiritur:
2069 1191 2126 1273 qui
2154 1199 2266 1255 tamen
2292 1191 2410 1256 haberi

405 1280 517 1358 dictio,
545 1301 629 1362 quae
656 1301 698 1344 ex
720 1280 819 1344 verbo
838 1279 974 1343 Domini
1002 1281 1038 1343 in
1068 1288 1202 1362 peccata
1230 1279 1380 1343 animad-
1431 1279 1554 1360 nequit,
1574 1279 1639 1342 nisi
1658 1299 1716 1358 per
1734 1278 1889 1342 ccclesiae
1910 1278 2178 1342 iurisdictionem.
2213 1275 2307 1340 Alter
2328 1278 2409 1342 finis

403 1366 520 1443 vertit,
548 1367 711 1447 optimum
736 1365 779 1428 sit
801 1372 835 1429 et
861 1365 1010 1429 sanitatis
1039 1365 1220 1430 subsidium
1250 1366 1380 1429 011011-
1432 1370 1495 1440 est,
1523 1385 1566 1426 ne
1588 1364 1719 1428 assidua
1740 1365 1902 1428 malorum
1924 1361 2171 1440 consuetudine,
2202 1373 2239 1425 ιιι
2258 1363 2329 1426 fieri
2352 1384 2409 1427 so-

403 1452 595 1516 damentum
617 1450 741 1515 ordinis
763 1460 797 1513 et
817 1451 987 1516 vinculum
1010 1452 1153 1515 unitatis.
1187 1452 1278 1534 Ergo
1300 1449 1380 1514 dum
1431 1449 1491 1521 let,
1522 1450 1598 1513 boni
1621 1458 1882 1532 corrumpantur.
1927 1442 2027 1525 Nam,
2051 1469 2133 1530 quae
2156 1455 2270 1512 nostra
2291 1455 2342 1512 est
2365 1447 2410 1512 ad

323 1614 325 1619 ¹
403 1537 539 1603 ecelesia
582 1537 771 1601 manifestos
809 1535 991 1614 adulteros,
1026 1543 1240 1613 scortatores,
1280 1536 1378 1612 fures,
1432 1533 1631 1598 deviandum
1659 1535 1863 1618 proclivitas,
1892 1536 1975 1599 nihil
2008 1535 2136 1599 facilius
2164 1541 2215 1597 est
2243 1553 2342 1615 quam
2371 1541 2411 1598 ut

324 1624 341 1641 ”
402 1622 594 1707 praedones,
618 1622 795 1699 seditiosae,
817 1623 974 1703 periuros,
998 1623 1098 1686 falsos
1121 1629 1230 1699 testes,
1258 1624 1379 1686 eteius
1430 1621 1527 1684 malis
1560 1620 1718 1702 exemplis
1752 1642 1771 1684 a
1809 1628 1897 1684 recto
1929 1621 2018 1684 vitae
2056 1641 2155 1685 oursu
2194 1618 2408 1684 abducamur.
2470 1623 2472 1626 ’

318 1768 322 1776 .
405 1704 535 1793 generis
556 1708 705 1790 reliquos,
727 1708 807 1771 item
826 1715 1042 1786 contumaces,
1066 1709 1123 1790 qui
1143 1707 1183 1772 de
1201 1707 1379 1773 levioribus
1431 1706 1531 1770 Hunc
1559 1728 1658 1770 usum
1690 1708 1818 1771 notavit
1849 1707 2027 1789 apostolus,
2062 1726 2164 1788 quum
2196 1706 2361 1769 incestum
2391 1726 2413 1770 a

403 1795 503 1859 etiam
529 1795 617 1858 vitiis
649 1793 711 1856 rite
740 1792 898 1857 admoniti
926 1794 1037 1858 Deum
1065 1801 1099 1857 et
1126 1794 1197 1858 eius
1223 1793 1380 1858 iudicium
1432 1792 1592 1856 consortio
1615 1813 1673 1856 suo
1693 1791 1869 1856 amandare
1887 1792 2068 1857 Corinthiis
2087 1791 2297 1872 praeciperet.
2332 1791 2412 1855 Mo·

402 1879 542 1944 ludibrio
570 1879 708 1954 habent,
737 1900 755 1942 e
782 1879 945 1943 consortio
973 1901 1031 1944 suo
1055 1880 1266 1958 exterminat,
1294 1880 1379 1943 nihil
1432 1876 1551 1956 dicum,
1573 1877 1682 1959 inquit
1704 1879 1736 1962 (l
1758 1877 1879 1956 0015,
1900 1883 1970 1941 Get
1991 1877 2053 1961 11),
2084 1877 2283 1941 fermentum
2305 1883 2412 1942 totam

403 1965 466 2030 sibi
486 1973 616 2047 praeter
637 1966 800 2028 rationem
822 1971 971 2047 usurpat,
995 1964 1053 2029 sed
1073 1963 1296 2030 iurisdictione
1318 1965 1380 2029 sibi
1431 1984 1574 2027 massam
1597 1963 1784 2044 corrumpit.
1830 1966 1880 2028 Ac
1902 1971 2033 2026 tantum
2055 1963 2108 2027 hie
2127 1962 2310 2043 periculum
2332 1984 2412 2045 pro-

403 2050 585 2115 aDomiuo
609 2050 717 2115 delata
738 2050 898 2132 fungitur.
943 2051 1058 2127 Porro,
1082 2053 1217 2133 nequis
1240 2052 1304 2114 tale
1326 2072 1378 2116 ec·
1431 2050 1596 2130 spiciebat,
1620 2056 1658 2112 ut
1675 2050 1728 2113 vel
1750 2049 1791 2112 ab
1813 2051 1900 2113 omni
1923 2048 2094 2113 sodalitate
2116 2047 2335 2112 interdiceret.
2373 2047 2414 2114 Si

363 2182 367 2189 ·
402 2135 519 2201 clasiae
540 2135 699 2202 iudicium
721 2142 864 2217 spernat,
887 2145 945 2200 aut
961 2139 1057 2219 parvi
1078 2139 1228 2201 aestimet
1246 2159 1280 2201 se
1299 2136 1378 2199 fide·
1432 2136 1519 2216 quis,
1549 2135 1610 2212 ait,
1637 2135 1738 2199 frater
1764 2136 1930 2199 intervos
1953 2136 2141 2199 nominatur
2163 2133 2216 2198 vel
2238 2141 2411 2215 scortator,

401 2221 484 2286 lium
516 2223 682 2305 suffragiis
715 2221 924 2299 damnatum,
958 2229 1099 2286 testatus
1131 2231 1181 2286 cst
1215 2223 1378 2286 Dominus
1431 2221 1484 2284 101
1513 2241 1646 2298 avarus,
1677 2221 1730 2286 vel
1756 2221 1917 2285 idolorum
1946 2220 2066 2298 cultor,
2096 2218 2150 2284 101
2172 2218 2331 2298 ebriosus,
2357 2221 2413 2287 161

401 2307 491 2371 istud
517 2308 626 2393 ipsum
654 2307 737 2370 nihil
761 2307 850 2371 aliud
872 2308 943 2372 esse
965 2329 1064 2390 quam
1094 2309 1274 2372 sententiae
1300 2330 1378 2372 suae
1430 2306 1625 2384 maledicus,
1656 2327 1731 2371 eum
1754 2305 1941 2370 huiusmodi
1962 2327 2022 2370 nee
2044 2306 2152 2370 cibum
2182 2327 2312 2370 sumere
2334 2327 2411 2388 per-

400 2393 713 2475 promulgationem,
747 2399 919 2474 ratumque
952 2393 1067 2458 haberi
1098 2395 1134 2458 in
1162 2393 1260 2458 coelis
1292 2393 1378 2476 quod
1431 2393 1535 2456 mitto.
1581 2393 1727 2469 Tertius,
1756 2403 1794 2455 ut
1816 2413 1871 2457 eos
1899 2393 1986 2473 ipsos
2013 2391 2135 2474 pudore
2158 2392 2307 2456 confusos
2330 2413 2411 2458 suae

400 2479 451 2542 illi
473 2478 510 2541 in
531 2486 620 2542 terra
643 2477 779 2560 egerint.
820 2477 956 2542 Habent
977 2480 1065 2542 enim
1086 2479 1224 2544 verbum
1242 2478 1380 2543 Domini
1432 2477 1645 2560 turpitudinis
1667 2479 1834 2560 poenitere
1856 2479 2000 2561 incipiat.
2046 2479 2099 2541 Ita
2117 2477 2270 2543 conducit
2290 2485 2323 2541 et
2342 2479 2410 2544 illis

401 2586 464 2648 quo
492 2584 664 2644 perversos
694 2564 865 2642 damnent;
895 2563 1019 2628 habeut
1046 2565 1271 2646 verbumque
1299 2566 1379 2630 resi·
1432 2585 1528 2628 suam
1547 2563 1737 2647 'nequitiam
1766 2564 1934 2647 castigari,
1963 2586 2027 2646 quo
2054 2565 2281 2646 expergefiant
2308 2586 2412 2630 sensu

401 2651 565 2732 piscentes
592 2650 628 2712 in
650 2650 792 2732 gratiam
813 2650 979 2731 recipiant.
1025 2650 1105 2715 Sine
1126 2651 1203 2730 hoc,
1216 2657 1221 2671 ‘
1234 2651 1377 2734 inquam,
1431 2650 1555 2713 ferulae
1588 2651 1643 2731 qui
1676 2649 1882 2733 indulgentia
1908 2650 2137 2714 obstinatiores
2170 2649 2275 2713 futuri
2303 2659 2410 2716 erant.

403 2735 593 2816 disciphnae
626 2734 759 2800 viuculo
797 2736 852 2816 qui
894 2735 950 2800 diu
983 2742 1070 2800 stare
1098 2758 1192 2818 posse
1226 2737 1379 2802 ecclesias
1431 2734 1472 2798 Id
1504 2735 1669 2817 significat
1701 2736 1864 2816 apostolus
1892 2758 1994 2819 quum
2023 2737 2059 2799 in
2081 2736 2171 2800 hunc
2199 2735 2334 2799 modum
2362 2736 2412 2800 lo·

403 2820 586 2898 confidunt,
616 2821 770 2903 opinione
791 2819 967 2884 falluntur:
993 2822 1058 2885 nisi
1079 2824 1162 2887 forte
1185 2845 1294 2887 carere
1316 2824 1378 2886 im-
1431 2821 1544 2903 quitur
1573 2822 1607 2905 (2
1627 2822 1739 2886 Thess.
1762 2825 1795 2900 3,
1819 2825 1887 2906 14):
1917 2823 2038 2904 siquis
2066 2843 2134 2885 non
2158 2818 2266 2885 obedit
2289 2821 2411 2885 doctri-

402 2927 490 2988 pune
516 2905 679 2987 possimus
706 2926 744 2970 60
772 2905 984 2985 adminiculo,
1012 2907 1099 2989 quod
1124 2909 1287 2972 Dominus
1310 2910 1379 2972 fore
1431 2927 1494 2970 nao
1516 2914 1655 2984 nostrae,
1678 2907 1767 2972 hune
1788 2915 1908 2986 notate,
1932 2916 2025 2972 61110
2043 2906 2313 2973 commisceamini
2331 2927 2410 2970 eum

397 2991 497 3056 nobis
524 2992 746 3056 necessarium
772 2992 925 3074 providit.
975 2993 1021 3056 Et
1052 3014 1144 3072 sane,
1180 3002 1304 3076 quanta
1337 2996 1380 3058 sit
1431 2992 1497 3069 illo,
1518 2999 1556 3055 ut
1573 2992 1697 3074 pudore
1715 2993 1932 3058 suffundatur.
1963 2995 2049 3058 Item
2067 2992 2144 3057 alibi
2161 2993 2193 3076 (l
2215 2991 2286 3056 (lor.
2308 2997 2336 3070 5,
2359 2992 2406 3077 5),

403 3078 474 3141 eius
506 3077 699 3156 necessitas,
732 3099 774 3142 ex
806 3078 981 3161 multiplici
1013 3100 1077 3142 usu
1106 3079 1222 3145 melius
1255 3081 1379 3162 perspi.
1432 3099 1533 3159 quum
1563 3101 1597 3142 so
1626 3077 1797 3143 tradidisse
1826 3081 1938 3144 scribit
1965 3078 2172 3144 Corinthium
2194 3084 2340 3155 satanae,
2366 3085 2408 3141 ut

402 3163 516 3228 oietur.
1432 3163 1567 3246 spiritus
1600 3164 1711 3230 salvus
1739 3167 1834 3229 fieret
1858 3167 1893 3229 in
1917 3165 1968 3230 die
1997 3165 2141 3229 Domini.
2185 3164 2258 3227 Hoc
2280 3172 2344 3240 est,
2368 3171 2409 3228 ut

490 3252 518 3312 5.
570 3245 656 3312 Sunt
685 3256 799 3313 autem
826 3256 894 3313 tres
920 3251 1002 3314 fines
1023 3271 1105 3332 quos
1133 3259 1257 3334 spectat
1279 3252 1380 3317 eccle·
1432 3270 1492 3333 ego
1515 3249 1647 3331 quidem
1667 3251 1874 3333 interpretor,
1897 3252 2093 3317 concessisse
2111 3251 2147 3315 in
2164 3249 2411 3314 damnationem
2492 3306 2495 3312 .

401 3335 450 3399 sia
471 3335 507 3397 in
529 3334 689 3398 eiusmodi
712 3336 965 3400 correctionibus
983 3343 1017 3399 et
1034 3338 1379 3403 excommunicatione.
1432 3343 1690 3418 temporaneam,
1719 3344 1756 3400 ut
1778 3344 1950 3402 aeternum
1971 3338 2081 3402 salvus
2102 3338 2205 3401 fieret.
2250 3335 2328 3399 Ideo
2351 3356 2410 3399 au-

401 3420 535 3486 Primus
557 3429 616 3498 est,
640 3442 682 3485 ne
705 3440 780 3484 oum
801 3421 867 3484 Dei
889 3422 1089 3487 contumelia
1110 3425 1197 3488 inter
1219 3423 1379 3488 Christia—
1432 3428 1501 3486 tem
1523 3429 1657 3486 satanae
1679 3422 1809 3488 tradere
1833 3424 1920 3502 dicit,
1944 3424 2021 3506 quia
2039 3430 2133 3487 extra
2151 3422 2323 3487 ecclesiam
2340 3420 2410 3485 dia·

400 3527 461 3570 nos
494 3506 713 3585 nominentur,
742 3507 800 3588 qui
828 3513 958 3589 turpem
985 3528 1022 3572 ae
1054 3510 1251 3591 flagitiosam
1277 3511 1380 3575 vitam
1431 3506 1524 3572 bolus
1547 3515 1605 3586 est,
1628 3507 1902 3590 quemadmodum
1919 3511 1956 3573 in
1975 3509 2110 3574 ecelesia
2130 3507 2292 3573 Christus.
2322 3507 2410 3571 Nam

402 3598 519 3675 agunt,
546 3612 584 3656 ac
606 3592 635 3655 01
656 3601 771 3657 0611οι0
792 3593 863 3656 eius
890 3593 1025 3658 ecclesia
1051 3596 1136 3660 foret
1157 3596 1380 3677 improborum
1431 3592 1517 3674 quod
1539 3592 1672 3675 quidam
1693 3593 1734 3657 ad
1756 3603 1879 3659 certam
1902 3596 2009 3660 carnis
2026 3595 2234 3659 vexationem
2251 3594 2409 3672 referunt,

391 3683 436 3762 ‚et
467 3677 699 3742 sceleratorum
729 3679 901 3743 hominum
928 3680 1117 3744 coniuratio.
1170 3681 1256 3745 Nam
1278 3702 1380 3762 quum
1432 3679 1515 3742 mihi
1537 3678 1667 3743 videtur
1689 3681 1957 3756 incertissimum.
1970 3681 1994 3765 ¹)

402 3763 475 3844 ipsa
496 3761 622 3827 Christi
645 3765 689 3828 sit
711 3786 838 3846 corpus,
858 3765 1018 3829 eiusmodi
1037 3766 1167 3832 foetidis
1190 3775 1223 3832 et
1239 3766 1380 3849 putridis
1519 3769 1547 3828 6.
1592 3765 1656 3829 His
1678 3765 1798 3830 finibus
1820 3769 2001 3849 propositis,
2024 3771 2174 3847 superest
2195 3763 2307 3828 videre
2330 3786 2411 3847 qua-

327 3874 339 3923 ,·
403 3846 561 3912 membris
572 3849 740 3930 inquinari
756 3872 824 3915 non
841 3860 956 3933 potest,
976 3853 1056 3934 quin
1074 3853 1184 3935 aliqua
1199 3854 1381 3935 ignominia
1433 3849 1508 3913 liter
1530 3850 1615 3914 hanc
1637 3861 1766 3933 partem
1788 3851 1995 3935 disciplinae,
2023 3872 2105 3934 quae
2127 3851 2162 3913 in
2184 3850 2411 3916 iurisdictione

402 3932 440 3996 in
468 3941 567 4014 oaput
593 3934 726 4000 recidat
771 3937 823 4001 Ne
849 3937 928 4019 quid
950 3960 1028 4022 0100
1051 3937 1116 4003 tale
1138 3946 1246 4004 exstet
1271 3939 1306 4002 iu
1328 3961 1380 4004 ec-
1432 3936 1539 4018 posita
1566 3943 1629 4014 est,
1660 3937 1795 4001 ecclesia
1823 3951 2027 4021 exsequatur.
2071 3936 2238 4018 Principio
2268 3939 2411 4002 retinea-
2511 3947 2513 3952 '

402 4017 502 4084 alesia
522 4018 611 4082 unde
628 4022 787 4102 probrum
809 4032 1015 4089 sacrosancto
1034 4025 1104 4089 eius
1122 4025 1249 4089 nomini
1267 4026 1380 4089 inurar
1432 4043 1507 4086 mus
1526 4021 1619 4085 illam
1636 4023 1845 4105 partitionem
1864 4026 2015 4108 superius
2031 4024 2180 4105 positam,
2199 4029 2413 4105 peccatorum

400 4110 470 4182 tur,
493 4104 645 4188 abigendi
674 4115 754 4171 sunt
775 4129 817 4171 ex
838 4108 909 4174 eius
937 4109 1061 4174 familia
1084 4132 1223 4192 quorum
1245 4133 1288 4175 cx
1310 4118 1380 4174 tur·
1433 4107 1498 4172 alia
1519 4128 1590 4172 esse
1617 4108 1760 4190 publica,
1789 4111 1854 4175 aha
1881 4114 2011 4194 privata
2032 4110 2086 4173 101
2109 4108 2293 4174 occultiora.
2338 4109 2411 4173 Pu·

398 4188 547 4273 pitudine
570 4191 612 4255 ad
634 4193 851 4257 christianum
871 4216 993 4259 nomen
1014 4195 1151 4260 infamia
1170 4196 1377 4262 redundaret
1432 4192 1516 4257 blica
1542 4201 1630 4274 sunt,
1654 4217 1736 4278 quae
1765 4217 1833 4260 non
1856 4220 1959 4262 unum
1985 4197 2039 4262 161
2062 4196 2204 4260 alterum
2226 4194 2427 4272 1110010160-ο

399 4277 511 4357 Atque
546 4276 600 4341 hio
626 4299 753 4360 quoque
787 4280 1015 4345 habenda-est
1050 4303 1168 4346 coenae
1198 4282 1380 4348 dominicae
1432 4287 1501 4343 tem
1528 4279 1666 4359 habent,
1695 4281 1753 4346 sed
1780 4283 1891 4365 palam
1913 4291 2045 4353 etcum
2062 4283 2163 4346 totius
2186 4281 2336 4346 ecclesiae
2357 4280 2409 4342 of·

399 4362 493 4441 ratic,
516 4383 559 4426 ne
580 4366 767 4445 promiscua
790 4365 992 4430 exhibitione
1019 4369 1220 4449 profanetur.
1266 4369 1380 4433 Veris-
1431 4365 1577 4431 tensione
1600 4366 1823 4450 designantur.
1870 4368 2011 4435 Occulta
2032 4388 2124 4444 1000,
2155 4388 2220 4430 non
2242 4385 2324 4448 quae
2345 4364 2410 4428 ho·

400 4447 523 4512 simum
544 4456 595 4512 est
612 4450 711 4525 onim,
731 4472 815 4527 eum,
840 4451 893 4515 cui
912 4453 1083 4517 commissa
1101 4461 1152 4518 est
1169 4452 1379 4537 dispensatio,
1433 4453 1540 4516 mines
1574 4475 1708 4535 prorsus
1741 4454 1859 4533 late-nt,
1894 4455 2005 4538 qualia
2041 4460 2120 4519 sunt
2149 4452 2409 4534 hypocritarum,

401 4533 429 4597 si
456 4535 562 4599 sciens
583 4557 628 4600 ac
659 4536 772 4600 voleus
799 4535 973 4618 indignum
1007 4538 1175 4603 admiserit
1202 4561 1300 4622 quem
1328 4562 1380 4604 re-
1432 4559 1510 4601 nam
1541 4538 1599 4602 illa
1632 4541 1691 4603 sub
1720 4541 1874 4607 ecclesiae
1901 4540 2057 4605 iudicium
2086 4559 2153 4602 non
2181 4538 2321 4615 cadunt,
2351 4537 2411 4602 sed

399 4618 521 4701 pellere
546 4621 619 4685 iure
649 4628 796 4703 poterat,
831 4621 968 4705 perinde
996 4644 1089 4687 reum
1118 4645 1188 4689 esse
1217 4625 1379 4709 sacrilegii
1433 4621 1531 4687 medii
1554 4627 1693 4708 generis,
1716 4647 1799 4707 quae
1821 4628 1944 4692 scilieet
1960 4624 2097 4691 testibus
2116 4644 2182 4687 non
2203 4631 2327 4702 careat,
2350 4644 2410 4688 ne-

401 4724 438 4769 ae
461 4706 490 4769 si
513 4727 630 4788 corpus
659 4707 796 4770 Domini
827 4709 963 4774 canibus
989 4711 1210 4791 prostitueret.
1254 4710 1379 4792 Quam·
1433 4730 1496 4791 que
1524 4717 1636 4774 tamen
1658 4718 1736 4775 sunt
1756 4712 1894 4793 publica.
1938 4713 2035 4777 Prior
2057 4711 2180 4792 speeies
2208 4731 2276 4773 nou
2300 4711 2411 4792 requi-

400 4789 516 4854 obrem
538 4790 590 4855 oh
632 4800 795 4857 sostomus
810 4793 834 4877 ¹)
857 4795 1003 4877 01011161
1024 4795 1193 4860 invehitur
1213 4797 1250 4861 iu
1272 4817 1379 4863 sacer-
1432 4797 1477 4858 rit
1496 4794 1617 4879 gradus
1645 4796 1718 4860 11100
1740 4818 1820 4879 quos
1843 4798 1995 4863 Christus
2016 4804 2203 4874 enumerat,
2227 4795 2285 4860 sed
2307 4795 2410 4861 00016-

401 4873 502 4970 dotes,
525 4876 580 4958 qui
625 4899 680 4941 um
697 4900 895 4961 magnorum
912 4882 1092 4962 potentiam
1109 4882 1297 4962 formidant,
1320 4905 1378 4949 ne-
1433 4882 1496 4959 sia,
1530 4879 1587 4945 ubi
1619 4882 1685 4945 talo
1718 4881 1795 4964 quid
1823 4884 1976 4968 emergit,
2004 4884 2110 4948 facero
2138 4882 2282 4946 officium
2312 4902 2411 4947 suum

400 4979 525 5057 minem
555 4961 677 5027 audent
706 4984 825 5029 arcere.
871 4965 1025 5050 Sanguis,
1048 4967 1165 5050 inquit,
1186 4989 1204 5031 e
1225 4969 1378 5035 manibus
1432 4967 1528 5031 debet
1549 4967 1586 5028 in
1607 4967 1753 5032 vocando
1774 4979 1944 5050 peccatore
1967 4976 2000 5035 et
2020 4967 2212 5051 corrigendo
2235 4988 2293 5049 pro
2312 4965 2410 5031 modo

401 5051 520 5142 1601110
542 5048 741 5129 requiretur:
766 5052 793 5116 si
816 5051 983 5118 hominem
1005 5054 1143 5134 timetis,
1165 5054 1301 5119 1116100
1323 5054 1380 5118 de·
1432 5052 1549 5117 delicti.
1599 5053 1641 5116 In
1668 5053 1810 5119 seeundo
1839 5077 1960 5140 0611010
1987 5078 2054 5120 nou
2082 5054 2216 5120 venitur
2243 5054 2411 5119 00160016-

400 5127 533 5210 ndeb1t;
567 5133 619 5196 sin
650 5134 774 5214 Deum,
810 5139 901 5202 eritis
930 5139 1117 5205 hominibus
1144 5161 1272 5222 quoque
1299 5139 1379 5221 ipsis
1432 5139 1515 5202 siam
1542 5136 1644 5202 donec
1667 5143 1839 5219 accesserit
1865 5143 2085 5220 contumacia,
2114 5139 2295 5205 secundum
2317 5139 2410 5204 illam

400 5217 619 5298 venerabiles3
647 5242 713 5284 uon
736 5224 840 5287 fasces
862 5223 1069 5303 horreamus,
1099 5246 1167 5290 non
1187 5246 1378 5309 purpuram,
1431 5223 1557 5289 Christi
1583 5226 1740 5309 regulam.
1785 5228 1851 5294 Ubi
1879 5229 1920 5294 ad
1949 5250 1986 5295 00
2010 5229 2169 5292 uitionem
2190 5236 2327 5293 ventum
2348 5231 2408 5303 ost,

320 5336 323 5341 ,
400 5323 467 5367 non
495 5303 694 5385 diademata,
722 5309 827 5372 maior
854 5309 908 5374 hio
931 5316 981 5375 est
1008 5312 1101 5377 nobis
1126 5319 1284 5393 potestas:
1319 5333 1379 5395 ego
1431 5316 1510 5374 tunc
1535 5310 1738 5378 observanda
1764 5322 1814 5379 est
1843 5315 1948 5380 altera
2001 5315 2093 5379 'visio
2120 5313 2208 5376 inter
2229 5311 2353 5376 scelera
2375 5318 2411 5374 et

400 5397 489 5454 corte
522 5411 639 5474 corpus
665 5411 777 5456 meum
805 5396 913 5476 potius
935 5397 1064 5461 tradam
1091 5398 1128 5461 in
1157 5404 1311 5477 mortem,
1341 5417 1379 5462 ae
1431 5394 1556 5462 delicta.
1601 5399 1716 5481 Neque
1744 5401 1832 5463 enim
1864 5403 1900 5465 in
1930 5397 2106 5465 levioribus
2139 5399 2280 5481 peccatis
2313 5395 2409 5462 adhi-

405 5560 610 5573 —-—-.—-.--
1432 5573 1603 5580 —-—...-
1608 5575 1634 5579 -

472 5661 500 5727 1)
519 5662 620 5717 Homil.
637 5664 666 5716 in
683 5663 782 5718 Matth.
801 5662 825 5718 3.
1310 5734 1313 5741 .
1501 5670 1530 5738 1)
1548 5672 1664 5740 August.
1683 5672 1716 5723 dc
1735 5673 1811 5725 10111.
1830 5674 1927 5741 Apost.
1945 5689 2027 5727 serm.
2045 5671 2087 5725 68.
