5600 6809
408 760 468 818 517
638 759 729 825 LIB.
751 755 815 823 III.
861 753 925 819 DE
948 752 1083 819 MODO
1105 753 1456 820 PEROIPIENDAE
1479 753 1671 820 oflalsrl
1693 755 1912 822 GRATIAD.
1957 754 2057 821 OAP.
2079 756 2177 820 vm.
2205 810 2214 820 .
2345 761 2408 822 518

405 945 478 1028 pria
498 943 624 1010 virtute
645 942 885 1026 praesumimus
914 940 1101 1022 opinionem
1125 945 1292 1017 evertens,
1321 960 1381 1004 no·
1433 941 1555 1006 simum
1580 949 1631 1006 θεῖ
1663 949 1702 1006 ut
1730 943 1861 1007 coelesti
1888 943 1976 1024 patri
2001 964 2061 1007 nos
2089 963 2148 1024 per
2176 943 2287 1007 omnia
2315 944 2409 1010 obse·

405 1039 572 1113 stramque
595 1028 798 1114 hypocrisin,
827 1046 909 1108 quae
932 1025 1064 1090 delicias
1091 1024 1184 1089 nobis
1210 1024 1301 1103 facit,
1325 1024 1381 1089 de·
1434 1034 1572 1109 quantes
1599 1049 1670 1092 esse
1692 1027 1923 1110 approbemus,
1952 1034 2091 1092 nonest
2113 1037 2200 1092 certe
2223 1030 2409 1094 detrectan-

404 1125 530 1199 tegens,
550 1115 767 1197 perniciosam
785 1111 892 1177 carnis
911 1110 1142 1175 confidentiam
1160 1111 1293 1173 excutit.
1325 1107 1382 1174 Sic
1434 1112 1513 1176 dum
1535 1120 1574 1176 ut
1595 1112 1637 1176 ad
1658 1112 1860 1177 reddendam
1882 1112 1944 1178 sibi
1966 1112 2187 1177 obedientiam
2208 1114 2314 1179 modis
2337 1135 2408 1178 om-

405 1189 655 1265 humiliatos'in
676 1197 788 1262 Deum
809 1187 914 1261 unrim
935 1196 1094 1259 reclinare
1117 1195 1224 1274 docet;
1254 1216 1318 1277 quo
1343 1197 1382 1258 fit
1434 1197 1531 1262 nibus
1553 1219 1614 1262 nos
1636 1198 1837 1264 assuefaciat.

406 1294 444 1350 ut
466 1307 533 1350 non
554 1285 792 1367 opprimamur,
815 1302 876 1346 nec
897 1280 1154 1345 succumbamus.
1198 1280 1383 1344 Victoriam
1521 1288 1549 1346 5.
1583 1283 1733 1347 Necdum
1750 1292 1861 1348 tamen
1881 1283 2097 1367 perspicimus
2115 1303 2214 1364 quarn
2226 1285 2410 1350 necessaria

405 1378 516 1436 autem
549 1391 623 1452 spes
655 1369 817 1451 sequitur:
859 1373 1020 1449 quatenus
1053 1366 1177 1431 scilicet
1208 1365 1381 1443 Dominus,
1434 1368 1478 1432 sit
1505 1368 1598 1433 nobis
1620 1368 1745 1433 isthaec
1771 1368 1969 1445 obedientia,
1997 1369 2063 1434 nisi
2092 1368 2191 1432 simul
2219 1378 2410 1452 reputamus

405 1454 491 1538 quod
512 1455 664 1538 promisit
685 1451 896 1536 praestando,
919 1471 1013 1516 suam
1035 1452 1070 1514 in
1092 1452 1241 1514 futurum
1261 1451 1382 1516 verita-
1434 1461 1558 1534 quanta
1576 1454 1620 1518 sit
1637 1453 1679 1517 ad
1697 1455 1930 1518 excutiendum
1943 1453 2008 1517 Dei
2025 1455 2143 1537 iugum
2160 1455 2410 1520 carnisnostrae

405 1551 473 1606 tem
495 1539 628 1606 stabilit.
673 1538 763 1604 Sanc
785 1546 823 1603 ut
845 1538 933 1602 solae
955 1537 1023 1601 sint
1043 1537 1126 1600 istae
1148 1537 1300 1614 rationes,
1325 1555 1382 1617 ap·
1434 1538 1577 1617 lascivia,
1600 1539 1813 1621 simulatque
1834 1540 1967 1604 mollius
1989 1539 2225 1622 aliquantisper
2244 1542 2410 1622 atqucin·
2504 1541 2508 1551 ’

405 1634 500 1709 paret
528 1647 628 1709 quam
654 1624 837 1690 neccssaria
865 1621 958 1686 nobis
985 1621 1030 1685 sit
1054 1621 1159 1686 crucis
1182 1621 1380 1685 exercitatio.
1435 1623 1625 1706 dulgentius
1653 1623 1766 1687 habita
1792 1632 1849 1688 est.
1895 1624 1990 1689 Idem
2018 1624 2107 1688 enim
2134 1646 2269 1706 prorsus
2293 1625 2412 1690 accidit

405 1713 521 1795 Neque
543 1711 632 1775 enim
647 1711 742 1794 parvi
763 1707 923 1773 momenti
945 1717 995 1771 est
1012 1727 1144 1771 caecum
1165 1707 1216 1770 tui
1238 1727 1382 1771 amorem
1434 1709 1485 1772 illi
1506 1708 1592 1791 quod
1614 1709 1706 1791 cquis
1723 1711 1929 1789 refractariis,
1954 1710 2011 1792 qui
2032 1711 2061 1774 si
2082 1710 2209 1792 aliquot
2229 1711 2297 1775 dies
2315 1711 2413 1775 otiosi

407 1796 566 1879 abstergi,
594 1803 633 1861 ut
659 1793 891 1859 imbecillitatis
920 1799 997 1856 tuae
1019 1792 1166 1857 conscius
1187 1792 1287 1874 probe
1308 1793 1383 1871 fies,
1434 1794 1637 1876 saginantur,
1660 1815 1738 1876 prae
1760 1795 1928 1858 ferocitate
1949 1795 2075 1859 domari
2096 1803 2210 1877 postea
2230 1805 2411 1877 nequeunt,

406 1882 640 1946 imbecillitatis
668 1881 819 1963 propriae
841 1900 940 1944 sensu
962 1878 1063 1955 affici,
1091 1886 1131 1941 ut
1153 1876 1300 1941 diffidere
1322 1876 1382 1941 tibi
1435 1899 1495 1943 nec
1517 1901 1676 1945 sessorem
1697 1887 1944 1962 recognoscunt,
1968 1881 2061 1945 cuius
2084 1881 2222 1963 imperio
2243 1889 2412 1963 utcunque

407 1967 527 2047 discas;
560 1966 706 2032 diffidere
735 1965 809 2044 tibi,
842 1972 881 2028 ut
908 1952 1120 2027 fiduciam'in
1141 1961 1253 2026 Deum
1274 1971 1382 2026 tlans-
1435 1972 1532 2028 antea
1553 1963 1828 2046 obtemperabant.
1862 1965 1974 2047 Atque
1996 1968 2129 2029 omnino
2156 1965 2238 2029 illud
2260 1967 2296 2028 in
2317 1965 2411 2031 nobis

406 2055 507 2132 feras;
533 2050 638 2117 cordis
660 2051 780 2116 fiducia
801 2051 836 2113 in
858 2048 968 2112 Deum
990 2047 1195 2125 recumbere,
1219 2055 1257 2112 ut
1277 2048 1382 2130 ipsius
1434 2058 1632 2133 perpetuum
1650 2048 1797 2132 estquod
1814 2049 1915 2114 firisse
1937 2051 1973 2113 in
1995 2051 2114 2133 populo
2136 2051 2312 2114 israelitico
2335 2072 2411 2116 con-

406 2137 530 2202 auxilio
551 2138 657 2201 fretus
679 2136 721 2200 ad
743 2137 896 2200 ultimum
917 2133 1061 2198 invictus
1077 2154 1283 2215 persoveres;
1306 2155 1382 2198 con-
1434 2136 1583 2218 queritur
1593 2136 1686 2200 Deus
1705 2134 1819 2220 (Dent.
1835 2138 1885 2213 32,
1901 2134 1964 2219 15),
1987 2144 2026 2199 ut
2047 2136 2248 2219 pinguefacti
2267 2144 2300 2200 et
2315 2135 2412 2219 adipe

406 2224 522 2289 sistere
544 2222 648 2305 ipsius
670 2221 790 2305 gratia,
820 2229 858 2283 ut
879 2239 1030 2292 veracem
1059 2240 1129 2283 csse
1156 2219 1192 2281 in
1217 2219 1285 2284 suis
1306 2240 1382 2301 pro-
1435 2220 1567 2285 obducti
1588 2221 1832 2285 recalcitremus
1850 2219 2007 2286 adversus
2027 2242 2102 2284 eum
2120 2222 2176 2303 qui
2193 2242 2254 2286 nos
2272 2221 2357 2285 aluit
2378 2229 2412 2286 θῖ

405 2309 515 2373 missis
546 2307 726 2390 intelligas3
759 2304 993 2370 certitudinem
1024 2305 1278 2386 promissionum
1311 2305 1382 2369 eius
1435 2306 1604 2370 enutrivit.
1639 2304 1788 2369 Debebat
1810 2305 1944 2388 quidem
1965 2327 2025 2371 nos
2047 2304 2113 2368 Dei
2133 2305 2348 2370 beneficentia
2370 2305 2412 2370 ad

407 2393 526 2458 habere
548 2400 757 2475 compertam,
781 2400 819 2455 ut
840 2411 915 2472 spes
937 2398 994 2453 tua
1015 2389 1092 2453 inde
1114 2388 1294 2453 roboretur.
1434 2390 1653 2474 reputandam
1674 2411 1712 2453 ac
1734 2389 1950 2454 deamandam
1971 2391 2041 2455 eius
2063 2390 2244 2456 bonitatem
2265 2392 2411 2472 allicerc3

493 2483 522 2542 4.
567 2478 681 2543 Alium
710 2498 837 2560 quoque
864 2478 965 2540 finem
991 2474 1091 2538 habet
1111 2473 1276 2539 Dominus
1299 2475 1382 2538 affli-
1434 2476 1492 2542 sed
1524 2477 1655 2559 quando
1687 2497 1726 2539 ea
1754 2483 1805 2540 θεῖ
1830 2484 1945 2539 nostra
1971 2476 2160 2558 malignitas
2187 2485 2225 2539 ut
2252 2484 2410 2559 perpetuo

407 2563 506 2649 gendi
528 2585 617 2641 suos,
645 2570 684 2627 ut
706 2563 851 2644 ipsorum
873 2561 1068 2644 patientiam
1090 2561 1252 2642 exploret,
1281 2569 1314 2623 ct
1341 2559 1384 2624 ad
1435 2563 1506 2627 eius
1527 2562 1735 2645 indulgentia
1751 2562 1861 2643 potius
1880 2582 2136 2644 corrumpamur,
2159 2561 2335 2643 plusquam
2352 2583 2410 2625 ne-

407 2649 626 2714 obedientiam
653 2669 708 2713 eos
737 2648 873 2712 erudiat.
917 2646 993 2710 Non
1022 2645 1172 2727 equidem
1200 2645 1288 2727 quod
1308 2667 1383 2729 pos·
1435 2648 1612 2712 cessarium
1634 2657 1685 2710 est
1705 2667 1766 2710 nos
1788 2647 1898 2730 aliqua
1919 2645 2092 2728 disciplina
2113 2647 2288 2722 contineri,
2311 2668 2354 2710 ne
2375 2647 2411 2711 in

407 2735 475 2800 sint
500 2735 551 2798 illi
572 2733 792 2798 obedientiam
812 2739 994 2816 praestare,
1023 2731 1088 2796 nisi
1114 2751 1213 2813 quam
1234 2730 1305 2812 ipse
1327 2730 1383 2796 de·
1435 2733 1536 2798 talem
1562 2732 1781 2815 petulantiam
1807 2732 2019 2797 exsultemus.
2064 2731 2137 2810 Sic,
2166 2752 2208 2795 ne
2238 2730 2413 2796 immodica

408 2820 504 2900 derit;
527 2819 585 2885 sed
607 2820 654 2883 ita
676 2819 783 2902 placet
805 2818 836 2882 ei
857 2816 1033 2900 praeclaris
1056 2815 1260 2881 documentis
1282 2823 1383 2881 testa-
1436 2840 1535 2900 opum
1566 2817 1767 2882 abundantia
1798 2817 2005 2895 ferociamus‚
2045 2839 2087 2882 ne
2125 2816 2303 2883 honoribus
2335 2816 2412 2881 elati

407 2914 458 2970 tas
480 2906 585 2970 facere
608 2925 645 2967 ac
666 2904 813 2969 illustres
835 2922 916 2985 quas
937 2902 974 2964 in
996 2909 1126 2965 sanctos
1148 2901 1288 2965 contulit
1308 2923 1383 2984 gra
1436 2903 1672 2987 superbiamus,
1696 2924 1737 2966 ne
1760 2902 1867 2967 inflati
1890 2902 2024 2985 reliquis
2046 2903 2098 2967 vel
2121 2903 2249 2967 animae
2269 2902 2323 2967 vel
2346 2923 2412 2968 cor

406 2992 486 3070 tias,
515 3012 557 3056 ne
583 2990 675 3054 intus
703 2989 825 3054 otiosae
854 2988 987 3052 lateant.
1031 2987 1122 3068 Ergo
1143 2986 1296 3051 tolerandi
1317 2989 1384 3053 rir-
1436 2991 1524 3072 poris
1542 2988 1596 3053 vel
1612 2989 1761 3052 fortunae
1779 2987 1871 3054 bonis
1888 2988 2129 3068 insolescamus,
2149 2987 2315 3052 Dominus
2332 2988 2411 3070 ipse,

407 3084 514 3141 tutem
536 3096 572 3141 ao
594 3076 813 3154 ructuatione,
835 3093 900 3157 qua
921 3093 1031 3137 servos
1054 3092 1129 3136 suos
1150 3070 1325 3151 instruxit,
1348 3073 1385 3135 in
1436 3083 1535 3158 prout
1556 3072 1707 3157 providet
1729 3073 1897 3155 expedire,
1921 3074 2076 3152 occurrit,
2099 3081 2133 3138 et
2155 3073 2263 3139 carnis
2280 3082 2413 3138 nostrae
2455 3113 2460 3123 ·

407 3183 426 3226 a
450 3169 559 3225 ertum
579 3159 790 3244 proferendo,
820 3159 940 3224 dicitru
969 3177 1083 3221 eorum
1111 3156 1305 3239 patientiam
1327 3179 1384 3221 ex·
1435 3160 1590 3225 ferociam
1612 3158 1718 3223 erucis
1739 3159 1882 3223 remedio
1905 3158 2028 3241 subigit
2051 3179 2089 3222 ac
2109 3161 2280 3242 refraenat
2308 3156 2413 3240 quue

407 3183 545 3328 plorare.
590 3245 687 3311 Unde
713 3245 791 3309 illae
813 3251 892 3310 sunt
913 3241 1135 3325 loquutiones,
1166 3240 1253 3323 quod
1276 3248 1383 3306 tenta·
1437 3246 1537 3311 variis
1558 3245 1673 3323 modis,
1695 3252 1856 3327 quantum
1874 3245 1997 3308 scilicet
2016 3245 2191 3327 unicuique
2209 3243 2338 3308 salubre
2351 3251 2410 3309 θεῖ

408 3333 495 3396 verit
514 3330 609 3395 Deus
631 3330 814 3409 Abraham,
843 3338 877 3394 ct
926 3329 1059 3391 ietatem
1086 3327 1157 3391 eius
1185 3337 1384 3411 compertam
1437 3333 1551 3413 Neque
1584 3330 1672 3395 enim
1702 3338 1761 3394 aut
1784 3330 1901 3396 iisdem
1927 3329 2050 3395 morbis
2078 3352 2238 3413 peraeque
2265 3329 2411 3413 graviter

408 3416 562 3481 habuerit
583 3438 625 3480 ex
643 3437 680 3480 eo
702 3416 788 3499 quod
810 3437 877 3479 non
900 3351 1113 3477 detrectasset
1130 3413 1300 3496 proprium
1320 3414 1384 3479 fili-
1437 3417 1623 3482 laboramus
1646 3436 1769 3495 omnes,
1792 3425 1850 3481 aut
1870 3416 2008 3500 perinde
2029 3415 2154 3481 difficili
2172 3415 2339 3479 curatione
2360 3415 2413 3480 in·

408 3525 466 3565 um
494 3508 528 3565 et
555 3501 691 3564 unicum
716 3502 887 3566 immolare
910 3499 1009 3584 (Gen.
1030 3502 1086 3575 22,
1115 3502 1141 3562 l.
1164 3499 1227 3581 12).
1273 3498 1385 3579 Quare
1438 3503 1596 3586 digemus.
1636 3501 1719 3566 Inde
1737 3502 1849 3568 videre
1871 3510 1921 3567 est
1944 3510 1980 3565 ut
2001 3502 2058 3564 alii
2080 3502 2145 3565 alio
2167 3501 2272 3565 crucis
2294 3522 2414 3584 genere

386 3589 529 3652 >Petrus
552 3586 584 3662 (1
607 3589 696 3652 Petr.
720 3592 752 3665 l,
773 3587 807 3672 7)
836 3608 903 3651 non
923 3605 1016 3649 secus
1036 3584 1136 3648 fidem
1157 3591 1304 3649 nostram
1325 3585 1385 3648 tri-
1438 3595 1661 3654 exerceantur.
1694 3587 1808 3668 Quum
1830 3596 1941 3652 autem
1963 3587 2044 3652 alios
2061 3588 2169 3652 lenius
2186 3595 2314 3665 tractet,
2334 3585 2415 3652 alios

408 3671 631 3740 bulationibus
654 3672 748 3736 docet
769 3671 913 3756 probari,
937 3691 1035 3753 quam
1057 3691 1176 3734 aurum
1197 3671 1233 3733 iu
1254 3672 1385 3736 fornace
1438 3672 1658 3757 asperioribus
1679 3672 1831 3739 remediis
1852 3680 1973 3757 purget
1990 3673 2139 3738 coelestis
2156 3673 2311 3750 medicus,
2335 3672 2414 3736 dum

407 3758 478 3841 igni
506 3758 722 3822 examinatur.
768 3757 852 3838 Quis
884 3763 995 3820 autem
1022 3777 1090 3831 non
1116 3755 1270 3836 expedire
1299 3757 1386 3820 dieat
1437 3760 1511 3825 vult
1544 3759 1690 3823 omnium
1722 3759 1856 3823 sanitati
1888 3758 2071 3838 consulere,
2104 3760 2271 3823 neminem
2304 3764 2415 3823 tamen
2496 3818 2505 3827 .

410 3852 448 3906 ut
469 3843 789 3925 praestantissimum
810 3841 989 3924 patientiae
1012 3840 1144 3920 donum
1168 3841 1255 3923 quod
1276 3841 1385 3905 aDeo
1437 3847 1620 3910 immunem
1641 3864 1678 3906 ac
1695 3843 1858 3908 intactum
1875 3845 2122 3927 praetermittit3
2146 3845 2222 3927 quia
2239 3865 2353 3909 omnes
2374 3841 2416 3907 ad

410 3948 468 3992 suo
490 3928 596 3991 fidelis
618 3929 758 4010 accepit,
780 3929 817 3991 in
838 3949 936 3993 usum
957 3924 1171 4007 producatur,
1198 3936 1236 3991 ut
1259 3935 1385 3991 certum
1439 3953 1544 3995 unum
1565 3929 1660 3994 novit
1681 3951 1751 3994 esse
1772 3929 1944 3995 morbidos.

409 4011 684 4094 manifestumque
716 4013 795 4076 fiat?
842 4013 956 4095 Neque
989 4011 1078 4074 enim
1111 4012 1206 4075 aliter
1239 4034 1387 4095 unquam
1526 4019 1554 4078 6.
1587 4014 1683 4079 Adde
1706 4015 1792 4098 quod
1814 4037 1881 4080 non
1897 4015 1996 4079 modo
2019 4015 2246 4082 infirmitatem
2267 4023 2415 4082 nostram

409 4097 560 4162 homines
586 4098 697 4180 ipsum
726 4119 786 4180 pro
813 4099 931 4162 merito
960 4096 1189 4162 aestimabunt.
1235 4097 1388 4178 Quodsi
1439 4100 1641 4184 praevenire,
1664 4100 1721 4164 sed
1743 4102 1921 4182 praeterita
1939 4103 2038 4165 etiarn
2056 4101 2175 4167 delicta
2197 4123 2292 4184 saepo
2315 4100 2415 4166 corri-

408 4183 502 4248 Deus
524 4185 606 4263 ipse,
634 4205 675 4246 ne
701 4183 738 4247 in
760 4183 896 4249 obscuro
919 4183 1060 4260 lateant,
1089 4182 1155 4247 imo
1183 4183 1327 4260 inutiles,
1340 4184 1387 4247 ia-
1440 4208 1516 4270 gere
1537 4205 1669 4250 necesse
1691 4186 1790 4250 habet
1813 4187 2086 4252 clementissimus
2107 4197 2215 4270 pater,
2239 4196 2276 4250 ut
2298 4208 2358 4250 nos
2379 4187 2414 4249 in

410 4278 504 4334 ceant
526 4289 564 4332 ac
587 4269 765 4351 depereant
786 4290 867 4353 quas
889 4267 1039 4333 fidelibus
1062 4269 1130 4333 suis
1152 4269 1293 4334 virtutes
1312 4265 1404 4334 con-⁸
1439 4271 1587 4355 legitima
1608 4293 1687 4353 erga
1708 4293 1742 4336 se
1764 4271 1948 4337 obedientia
1970 4273 2142 4337 contineat
2174 4270 2318 4335 Proinde
2335 4292 2415 4352 quo-

409 4355 495 4432 tulit,
518 4355 591 4418 iure
613 4355 700 4433 facit,
724 4354 803 4420 dum
825 4355 891 4420 illis
913 4353 1094 4418 excitandis
1116 4355 1288 4419 materiam
1310 4376 1389 4436 sup·
1440 4359 1503 4421 ties
1531 4356 1723 4439 affligimur,
1756 4356 1866 4422 subire
1899 4359 2050 4442 protinus
2083 4358 2118 4421 in
2145 4369 2290 4420 mentem
2319 4354 2416 4420 debet

411 4441 543 4521 peditat,
567 4441 728 4524 optimam
749 4442 910 4505 rationem
932 4439 1055 4503 habent
1077 4449 1265 4505 sanctorum
1287 4442 1388 4505 afflic-
1441 4450 1609 4507 anteactae
1630 4442 1718 4506 vitre
1740 4444 1932 4508 recordatio.
1977 4445 2031 4508 Ita
2058 4442 2173 4524 procul
2201 4439 2298 4505 dubio
2321 4462 2415 4522 repe-

410 4526 525 4602 tiones,
549 4527 620 4591 sine
642 4526 760 4609 quibus
782 4525 876 4590 nulla
891 4527 977 4589 foret
1000 4546 1114 4589 corum
1130 4527 1298 4608 patientia.
1333 4526 1388 4591 Ad
1440 4530 1572 4607 riemus,
1595 4548 1655 4592 nos
1677 4526 1846 4593 admisisse
1868 4530 1955 4612 quod
1978 4531 2115 4613 dignum
2129 4527 2295 4592 'eiusmodi
2318 4527 2415 4591 casti-

335 4654 338 4659 .
412 4608 625 4675 obediendam
646 4634 773 4696 quoque
791 4610 915 4676 crudiri
934 4631 1029 4674 cruce
1042 4610 1130 4691 dico;
1152 4613 1229 4694 quia
1252 4613 1298 4677 sic
1319 4633 1387 4675 non
1441 4615 1573 4698 gatione
1606 4620 1698 4679 esset.
1749 4614 1864 4696 Neque
1898 4625 2008 4680 tamen
2041 4637 2060 4679 a
2093 4613 2216 4697 peccati
2248 4613 2418 4695 agnitione

414 4692 454 4755 ad
477 4696 646 4775 proprium
674 4709 803 4777 votum,
832 4697 889 4762 sed
911 4696 976 4760 Dei
1000 4696 1172 4761 arbitrium
1195 4698 1307 4763 vivere
1331 4696 1387 4760 do·
1441 4700 1615 4783 praecipue
1647 4699 1807 4765 sumenda
1840 4706 1890 4764 θεῖ
1923 4700 1965 4765 ad
1998 4701 2193 4783 patientiam
2220 4698 2416 4763 exhortatio.

413 4786 537 4840 centur.
582 4779 685 4858 Sane,
714 4785 742 4848 si
764 4784 875 4847 omnia
896 4783 964 4846 illis
986 4804 1027 4846 cx
1050 4784 1214 4847 sententia
1236 4785 1386 4860 fluerent,
1440 4788 1527 4852 Nam
1547 4786 1710 4868 scriptura
1726 4785 1895 4850 meliorem
1912 4786 2010 4869 longe
2028 4785 2321 4851 considerationem
2339 4805 2418 4866 sup·

413 4862 578 4926 nescirent
609 4866 688 4945 quid
720 4879 806 4933 esset
834 4868 947 4933 Deum
979 4869 1079 4951 sequi.
1124 4872 1235 4951 Atque
1249 4869 1273 4952 ¹)
1306 4868 1389 4933 illud
1440 4873 1581 4955 peditat,
1612 4893 1714 4955 quum
1743 4870 1822 4935 dicit
1850 4870 1948 4935 rebus
1972 4871 2117 4938 advorsis
2145 4892 2206 4936 nos
2233 4869 2418 4935 aDomino

414 4947 538 5013 Seneca
546 4949 575 5032 2)
589 4963 821 5016 commemorat
831 4955 931 5019 fuisse
944 4961 1040 5019 vetus
1052 4953 1272 5037 proverbirun,
1285 4976 1388 5037 quum
1442 4958 1575 5040 corripi,
1603 4980 1646 5022 ne
1674 4979 1749 5022 cum
1771 4958 1833 5022 hoc
1853 4956 1978 5020 mundo
2001 4957 2194 5022 damnemur
2217 4957 2249 5041 (1
2271 4956 2346 5021 Oor.
2369 4961 2417 5031 11,

415 5034 456 5097 ad
486 5054 537 5096 res
560 5031 714 5101 adversas
736 5037 921 5104 tolerandas
950 5041 1138 5122 quempiam
1159 5042 1386 5105 hortarentur:
1443 5045 1507 5130 32).
1551 5044 1642 5126 Ergo
1664 5043 1700 5107 in
1721 5044 1793 5125 ipsa
1815 5063 1942 5126 quoquc
1966 5042 2220 5107 tribulationum
2242 5041 2419 5106 acerbitate

415 5119 526 5183 Deum
552 5138 696 5201 sequere.
742 5120 817 5201 Quo
845 5124 969 5187 scilicet
990 5126 1201 5204 innuebant„
1216 5134 1289 5190 tum
1311 5147 1388 5191 vere
1441 5130 1545 5213 patris
1567 5130 1673 5194 nostri
1703 5129 1909 5194 clementiam
1939 5149 2017 5211 erga
2039 5150 2099 5193 nos
2121 5150 2159 5192 ac
2180 5127 2418 5210 benignitatem

416 5204 549 5267 demum
571 5204 688 5287 iugum
710 5204 775 5269 Dei
797 5207 906 5272 subire
924 5209 1105 5290 hominem,
1130 5234 1233 5295 quum
1255 5213 1324 5276 eius
1342 5213 1389 5276 fc·
1441 5236 1673 5299 recognoscere
1695 5216 1862 5294 convenit,
1890 5214 2019 5298 quando
2045 5236 2088 5279 ne
2115 5222 2187 5290 tum
2208 5214 2341 5295 quidem
2362 5211 2419 5275 de-

415 5290 507 5352 rulae
529 5311 666 5355 manum
687 5311 725 5354 ac
744 5300 877 5374 tergum
886 5293 1065 5376 praeberet.
1100 5296 1199 5378 Quod
1217 5299 1245 5363 si
1262 5298 1389 5381 aequis·
1443 5302 1523 5365 sinit
1556 5301 1696 5363 salutem
1729 5311 1876 5365 nostram
1910 5321 2111 5383 promovere.
2167 5298 2297 5379 Affligit
2330 5295 2418 5359 enim

1442 5407 1510 5449 non
1533 5393 1571 5447 ut
1593 5384 1710 5466 perdat
1731 5387 1783 5449 vel
1805 5389 1959 5468 perimat,
1989 5386 2046 5450 sed
2069 5385 2179 5468 potius
2201 5391 2239 5446 ut
2261 5403 2281 5445 a
2300 5379 2417 5444 mundi

1443 5470 1653 5534 damnatione
1675 5469 1799 5534 liberet.
1836 5475 1887 5535 Ea
1909 5473 2062 5555 cogitatio
2085 5491 2144 5534 nos
2167 5468 2305 5533 deducet
2326 5465 2420 5529 adid

486 5580 515 5645 1)
535 5578 583 5634 Sic
607 5578 675 5632 1559
699 5580 816 5635 et1561.
859 5582 956 5635 Verum
978 5588 1003 5637 θῖ
1027 5589 1108 5637 antea
1125 5589 1150 5639 et
1166 5591 1260 5651 porea
1276 5589 1389 5655 scripse·
1443 5553 2113 5653 (1110115111ῖὶ1105θῖεθτίρῖιι1ε.(1)1()γ,3,
2137 5553 2277 5651 10³,le
2298 5553 2353 5631 mi,
2377 5573 2420 5649 Ῑέθ

420 5649 696 5719 receptissimam
710 5648 889 5716 (16511661.
907 5649 1002 5718 Ptol).
1055 5649 1084 5717 2)
1101 5651 1141 5704 De
1153 5653 1210 5706 trita
1224 5655 1304 5708 beate
1314 5672 1337 5708 c.
1348 5655 1389 5710 15.
1444 5660 1579 5722 respuas
1598 5648 1832 5704 correctionem
1849 5642 1994 5717 Domrm,
2018 5661 2123 5719 neque
2142 5639 2294 5701 afficiaris
2311 5636 2419 5702 taedio

2201 5738 2215 5767 ι

2160 5737 2194 5790 33
