5600 6809
398 757 458 820 187
1039 744 1305 814 ΙΝΒΤΙΨΠἮΟ
1326 746 1432 813 auh.
1452 743 1634 819 ΟΗΒΙΒΤ.
1659 751 1752 814 1559.
2337 752 2402 817 188

395 953 430 1010 et
451 942 632 1026 appetitus,
671 959 730 1004 seu
770 902 937 1004 voluntas
968 935 1065 1018 (quae
1098 934 1271 1018 appellatio
1303 934 1371 999 iam
1424 935 1549 1000 exstitit
1570 936 1627 1017 qui
1648 955 1715 999 non
1737 942 1927 1019 agnosceret
1947 942 1981 1000 et
2001 936 2177 1000 sanitatem
2203 936 2339 1002 rationis
2360 938 2400 1005 ιιι

395 1028 581 1111 vulgatiora
599 1047 661 1091 usu
677 1031 809 1108 recepta
831 1023 906 1107 est),
926 1021 1127 1086 intellectum
1137 1020 1264 1085 ratione
1275 1041 1370 1103 prae·
1422 1020 1554 1085 homine
1565 1020 1712 1104 graviter
1723 1042 1765 1086 ex
1776 1028 1907 1103 peccato
1919 1021 2135 1100 vulneratam,
2148 1028 2182 1086 et
2191 1022 2399 1089 voluntatem

276 1134 278 1137 ·
396 1113 503 1178 ditum
525 1117 679 1179 asserunt
700 1111 823 1193 optima
845 1109 887 1174 ad
906 1109 990 1173 bene
1012 1107 1170 1189 beateque
1192 1105 1370 1171 vivendum
1423 1107 1535 1189 pravis
1556 1105 1787 1188 cupiditatibus
1804 1106 1900 1173 valde
1917 1107 2109 1190 implicitam
2125 1128 2206 1184 esse,
2228 1108 2324 1173 multi
2347 1116 2398 1174 ta·

395 1199 626 1277 moderatrice3
647 1199 718 1280 ipse
739 1193 836 1259 modo
859 1214 894 1258 so
921 1194 957 1257 in
985 1212 1046 1255 sua
1074 1193 1277 1275 praestantia
1298 1211 1373 1257 sus·
1422 1213 1498 1257 men
1528 1212 1642 1257 eorum
1665 1192 1762 1277 louge
1788 1193 1864 1275 plus
1893 1213 1995 1275 aequo
2023 1192 2226 1275 philosophis
2252 1214 2398 1261 accesse-

395 1286 514 1363 tineat,
554 1307 592 1350 ae
629 1283 703 1347 vim'
731 1281 793 1346 sibi
824 1279 1018 1344 naturaliter
1054 1276 1193 1342 inditam
1231 1284 1369 1342 exserat
1422 1286 1511 1342 runt
1555 1278 1611 1343 Ex
1632 1279 1748 1360 quibus
1770 1286 1899 1344 veteres
1920 1278 2003 1342 mihi
2025 1277 2180 1343 videntm
2206 1278 2268 1345 hoc
2290 1281 2398 1346 eonsi-

396 1371 591 1435 Inferiorem
620 1380 730 1434 autem
759 1366 829 1430 eius
856 1363 1049 1441 motionem,
1078 1383 1160 1445 quae
1182 1384 1298 1428 sensus
1320 1362 1369 1426 di·
1422 1363 1467 1428 lio
1488 1365 1577 1430 vires
1597 1363 1759 1429 humanas
1781 1365 1827 1430 sic
1854 1363 2026 1441 extulisse,
2048 1384 2091 1428 ne
2117 1365 2145 1428 si
2170 1364 2399 1446 impotentiam

396 1456 492 1535 citur,
515 1476 580 1538 qua
602 1453 643 1519 ad
663 1472 808 1518 errorem
836 1459 869 1514 et
898 1449 1187 1514 hallucinationem
1208 1449 1370 1514 abstrahi·
1423 1449 1543 1515 diserte
1565 1458 1674 1514 essent
1696 1450 1842 1528 confessi,
1861 1449 2006 1532 primum
2022 1448 2291 1532 philosophorum
2307 1451 2398 1533 ipso·

398 1550 461 1620 tur,
485 1541 586 1606 talem
608 1561 688 1618 esse,
706 1545 744 1602 ιιι
765 1536 900 1600 rationis
921 1534 1028 1600 ferula
1056 1533 1180 1599 domari
1201 1542 1235 1600 et
1256 1535 1370 1619 paula·
1423 1557 1498 1600 rum
1516 1536 1699 1613 cachinnos,
1722 1536 1915 1618 quibuscum
1933 1542 2012 1599 tunc
2033 1543 2199 1618 certamen
2221 1534 2396 1615 habebant,

398 1629 459 1691 tim
476 1625 645 1710 profligari
662 1631 767 1707 queat
799 1621 1014 1686 Voluntatem
1041 1641 1138 1702 porro
1162 1621 1249 1685 inter
1271 1620 1370 1684 ratio·
1423 1627 1627 1700 excuterent3
1660 1620 1778 1687 deinde
1805 1621 1896 1686 carni
1931 1626 2046 1703 suapte
2081 1628 2196 1703 sponte
2227 1621 2325 1688 nimis
2353 1621 2399 1689 ad

398 1734 474 1778 nem
496 1719 530 1776 et
551 1732 683 1776 sensum
700 1706 844 1772 mediam
863 1706 983 1784 locant,
1010 1706 1063 1770 sui
1090 1705 1214 1772 scilicet
1234 1706 1317 1771 iuris
1338 1713 1371 1770 et
1421 1707 1546 1772 bonum
1566 1707 1708 1793 torpenti
1729 1727 1850 1772 novam
1870 1704 2013 1772 desidiae
2040 1705 2241 1771 occasionem
2260 1707 2398 1788 praebe·

397 1798 559 1863 libertatis
578 1803 767 1878 compotem,
796 1793 866 1859 sivo
893 1791 1013 1856 rationi
1035 1792 1271 1874 obtemperare,
1301 1792 1370 1858 sive
1422 1799 1505 1858 rent
1548 1793 1639 1875 Ergo
1661 1814 1703 1856 ne
1724 1792 1802 1875 quid
1824 1792 1989 1858 communi
2009 1791 2181 1856 hominum
2201 1791 2320 1858 iudicio
2338 1793 2397 1859 eb·

397 1882 508 1950 sensui
530 1879 720 1964 rapiendam
743 1900 777 1945 se
798 1877 995 1962 prostituere
1015 1876 1123 1942 hbeat
1421 1877 1559 1944 surdum
1580 1877 1757 1957 traderent,
1780 1878 1960 1961 scripturae
1982 1877 2165 1944 doctrinam
2192 1897 2268 1943 cum
2289 1878 2398 1961 philo·

484 1972 512 2032 3.
556 1967 634 2034 Non
655 1965 845 2031 inficiantur
866 1962 998 2047 quidem
1019 1962 1200 2040 interdum,
1222 1963 1294 2045 ipsa
1318 1964 1369 2026 ni·
1422 1965 1556 2046 sophiae
1577 1963 1782 2047 dogmatibus
1804 1962 1939 2029 dimidia
1960 1984 2003 2028 ex
2024 1969 2117 2045 parte
2133 1963 2306 2028 conciliare
2325 1972 2397 2031 stu·

396 2055 518 2119 mirum
540 2051 743 2136 experientia
764 2050 917 2127 οιιιιιιοιι,
941 2055 1064 2131 quanta
1080 2070 1156 2113 cum
1178 2048 1369 2114 difficultate
1422 2049 1514 2114 dium
1546 2049 1612 2114 illis
1643 2050 1719 2128 fuit3
1748 2050 1920 2132 praecipue
1952 2055 2063 2114 tamen
2100 2047 2281 2114 secuudum
2311 2049 2398 2117 illud

396 2140 517 2204 rationi
546 2138 632 2223 apud
650 2159 686 2203 so
712 2156 853 2220 regnum
880 2134 976 2199 horno
999 2133 1156 2210 stabiliat,
1182 2132 1261 2198 dum
1281 2154 1369 2198 nunc
1421 2143 1598 2218 spectasse,
1632 2156 1674 2200 no
1707 2135 1849 2201 desidiae
1876 2134 1983 2200 locum
2014 2135 2173 2214 facerent,
2207 2155 2251 2200 ex
2281 2156 2398 2203 eorum

396 2225 549 2290 titillatur
570 2224 776 2307 voluptatum
796 2220 969 2297 illecebris,
998 2239 1086 2284 nunc
1108 2220 1190 2284 falsa
1211 2218 1369 2318 bonorum
1422 2222 1530 2321 verbis
1572 2228 1716 2304 apparet
1772 2221 1885 2286 Habet
1910 2219 2177 2320 ⁸(lhrysostomus
2215 2220 2358 2287 alieubiz·
2370 2220 2396 2309 ¹)

394 2308 1369 2473 ttttt⁰ltttaf²¹¹t⁰ttlthttttt‘tt
1421 2306 1888 2475 ttttffttttthttt
1907 2306 2398 2473 t0tttttth11‘ftt?

394 2484 456 2561 vis,
491 2491 529 2546 ut
550 2482 597 2546 ait
623 2481 737 2558 Plato,
753 2479 778 2564 ¹)
814 2479 850 2543 in
883 2476 1048 2541 diversum
1080 2476 1249 2559 abripitur.
1295 2475 1370 2557 Qua
1421 2479 1507 2543 vitos
1528 2501 1595 2543 non
1614 2479 1742 2557 retinet,
1765 2478 1823 2543 sed
1844 2478 1990 2543 volentes
2007 2478 2222 2560 amplectitur.
2256 2472 2396 2561 Item:⁹)

395 2569 496 2633 etiam
523 2568 648 2633 ratione
676 2565 789 2631 Cicero
817 2563 904 2641 dicit,
913 2562 943 2646 ²)
965 2561 1040 2625 illos
1076 2584 1096 2626 a
1129 2569 1257 2632 natura.
1276 2562 1369 2628 datos
1422 2585 1518 2647 saepe
1540 2565 1597 2647 qui
1618 2565 1724 2628 malus
1744 2573 1802 2642 est,
1826 2564 1854 2628 si
1873 2563 2021 2642 voluerit,
2043 2563 2078 2626 ιιι
2095 2564 2218 2628 bonum
2236 2570 2397 2644 mutatur,

393 2653 555 2738 igniculos
580 2653 692 2735 pravis
719 2650 925 2735 opinionibus
946 2646 1104 2730 malisque
1125 2649 1269 2713 moribus
1291 2670 1369 2712 mox
1422 2657 1455 2714 et
1476 2651 1532 2732 qui
1558 2651 1678 2728 bonus,
1710 2671 1769 2732 per
1799 2649 1966 2733 ignaviam
1995 2647 2116 2713 excidit
2145 2650 2179 2713 et
2206 2650 2245 2714 fit
2269 2650 2397 2730 malus;

395 2738 572 2822 exstingui
614 2738 681 2804 Ubi
709 2757 787 2803 vero
820 2734 921 2800 semel
952 2740 1151 2816 occuparunt
1183 2734 1218 2797 in
1250 2735 1369 2799 animis
1422 2736 1498 2818 quia
1517 2736 1613 2800 liberi
1634 2735 1760 2800 arbitrii
1788 2755 1859 2801 esse
1879 2742 2026 2799 nostram
2052 2744 2205 2799 naturam
2230 2735 2307 2801 fecit
2326 2736 2397 2802 Do-

395 2824 569 2889 hominum
586 2822 745 2888 eiusmodi
767 2820 887 2899 morbi,
916 2819 1127 2901 impotentius
1157 2820 1299 2903 grassari
1321 2820 1369 2885 fa·
1421 2821 1541 2899 minus,
1563 2842 1624 2886 nec
1646 2821 1787 2904 imponit
1812 2820 2053 2898 necessitatem,
2081 2818 2140 2884 sed
2161 2821 2316 2905 congmis
2343 2842 2398 2887 re-
2428 2874 2435 2887 ,

395 2918 508 2975 tantm
529 2929 628 2992 quam
649 2917 687 2973 ut
706 2907 800 2973 facile
823 2926 971 2971 coercere
988 2925 1043 2968 eos
1059 2905 1170 2984 liceat;
1193 2925 1254 2969 nec
1276 2904 1368 2970 dubi·
1420 2906 1539 2972 mediis
1559 2908 1714 2990 appositis
1735 2913 1842 2972 totum
1862 2907 1968 2973 iacere
1988 2906 2024 2971 in
2045 2907 2246 2989 aegrotantis
2263 2914 2397 2979 senten-

394 3002 469 3061 taut
478 2995 637 3061 ferocibus
648 2993 740 3077 equis
750 3012 947 3075 comparare,
966 2991 1021 3073 qui
1039 2991 1214 3055 exturbata
1231 2991 1367 3070 ratione,
1422 2994 1467 3057 tia
1496 2993 1583 3057 sinit.
1627 2993 1726 3058 Item:
1743 2992 1772 3076 ⁸)
1795 2994 1887 3071 sicut,
1906 2992 1970 3057 nisi
1992 2992 2099 3076 gratia
2115 2991 2180 3057 Dei
2201 2991 2321 3072 adiuti,
2344 2992 2397 3058 ni·

395 3103 455 3147 ceu
487 3081 603 3165 auriga
630 3100 779 3158 excusso,
814 3079 1071 3160 intemperanter
1103 3097 1141 3142 ac
1173 3077 1244 3142 sine
1271 3076 1368 3141 modo
1421 3079 1470 3143 hil
1491 3100 1635 3161 unquam
1661 3099 1834 3162 possumus
1860 3087 1949 3144 recte
1978 3099 2089 3162 agere3
2121 3079 2186 3157 ita,
2215 3078 2281 3144 nisi
2308 3078 2398 3163 quod

394 3166 575 3232 lasciviant
620 3165 694 3232 Hoc
713 3172 826 3229 tamen
843 3169 939 3229 extra
955 3163 1211 3235 metroversiam
1231 3170 1367 3245 ponunt,
1420 3171 1570 3230 nostrum
1591 3172 1642 3231 est
1666 3164 1887 3244 attulerimus,
1915 3185 1982 3229 non
2008 3165 2188 3246 poterimus
2216 3185 2398 3247 supernum

393 3252 534 3319 virtutes
556 3259 590 3316 et
610 3251 691 3317 vitia
718 3251 754 3315 in
781 3256 894 3314 nostra
919 3269 990 3313 esse
1018 3254 1187 3329 potestate.
1231 3249 1369 3313 Namsi
1422 3251 1588 3333 acquirere
1614 3251 1769 3316 favorem.
1813 3249 1955 3315 Dixerat
1983 3256 2093 3314 autem
2120 3249 2227 3333 prius,
2259 3256 2298 3315 ut
2329 3271 2399 3318 non

393 3347 533 3417 nostrae,
572 3337 733 3419 inquiunt,
744 3336 773 3420 ⁸)
806 3333 974 3400 electionis
1013 3339 1063 3397 est
1101 3333 1164 3400 hoe
1203 3340 1261 3399 aut
1286 3333 1369 3399 illud
1420 3344 1527 3402 totum
1555 3336 1657 3402 divini
1684 3336 1728 3402 sit
1754 3335 1881 3415 auxilii,
1915 3335 2013 3401 simul
2036 3355 2097 3400 nos
2130 3335 2252 3419 aliquid
2278 3336 2399 3403 afferre

394 3445 506 3508 agere,
536 3429 672 3507 ergoet
699 3444 766 3487 non
793 3441 899 3504 agore.
943 3419 1100 3497 Rursum,
1122 3420 1150 3484 si
1171 3440 1238 3484 non
1260 3441 1367 3504 agere,
1421 3429 1558 3506 oportet.
1609 3422 1767 3505 Adeoque
1799 3423 1936 3488 verbum
1969 3421 2031 3487 hoc
2063 3421 2114 3486 illi
2145 3421 2268 3505 passim
2300 3421 2397 3489 frmi-

392 3526 471 3594 ergo
493 3516 654 3592 stagera.
698 3509 822 3573 Libera
843 3512 954 3570 autem
980 3503 1137 3570 electione
1220 3526 1256 3570 re
1277 3504 1368 3572 vide-
1420 3508 1502 3574 liare
1522 3515 1585 3574 est:
1609 3508 1784 3573 afferamus
1806 3507 1894 3591 quod
1915 3514 1966 3574 est
1981 3514 2142 3587 nostrum,
2161 3507 2287 3591 reliqua
2302 3508 2397 3575 Deus

392 3617 470 3660 mur
491 3615 574 3678 quae
595 3595 731 3677 agimus,
761 3600 795 3658 et
815 3592 857 3657 ab
877 3592 919 3656 iis
941 3589 1107 3655 abstinero
1127 3591 1185 3673 qui
1206 3613 1247 3656 us
1268 3592 1367 3657 absti-
1420 3594 1592 3678 supplebit
1637 3592 1701 3660 Oui
1733 3602 1991 3660 consentaneum
2031 3593 2119 3676 quod
2156 3593 2204 3659 ait
2224 3592 2394 3680 Hierony-

392 3701 524 3758 nemus;
546 3701 624 3763 ergo
646 3680 674 3744 si
696 3679 776 3763 quid
796 3678 873 3744 boni
891 3676 1019 3761 agimus
1038 3676 1094 3740 ubi
1115 3675 1223 3757 libeat,
1253 3699 1367 3762 possu-
1419 3701 1508 3745 mus:
1520 3679 1551 3766 ⁴)
1573 3686 1721 3745 nostrum
1742 3700 1813 3746 esse
1832 3681 1984 3762 incipere,
2005 3680 2072 3744 Dei
2089 3685 2200 3745 autem
2220 3680 2390 3763 perficere3

393 3786 468 3829 mus
489 3763 573 3829 illud
593 3764 758 3845 omittere;
779 3765 807 3828 si
829 3761 908 3846 quid
926 3761 1006 3826 mali
1027 3771 1269 3845 perpetramus,
1293 3784 1367 3847 pos·
1420 3773 1570 3841 nostrum
1591 3765 1709 3831 offerre
1730 3765 1818 3848 quod
1837 3785 2020 3849 possumus,
2042 3765 2131 3831 illius
2151 3765 2286 3849 implere
2306 3765 2397 3849 quod

394 3871 507 3914 sumus
527 3848 562 3913 id
584 3871 711 3937 quoque
737 3851 860 3935 fugere.
906 3846 998 3929 Quin
1026 3848 1125 3913 etiam
1152 3869 1190 3913 eo
1216 3849 1368 3916 licentiae
1420 3872 1488 3916 non
1520 3873 1701 3936 possumus
1745 3850 1849 3917 Vides
1880 3858 1969 3918 certe
2000 3851 2041 3916 iis
2072 3852 2243 3917 sententiis
2267 3850 2397 3918 homini

394 3932 527 4017 quidam
547 3956 661 3999 eorum
669 3936 698 4020 ⁴)
724 3941 959 4019 proruperunt,
980 3939 1031 3996 ἰιι
1057 3933 1211 3999 iactarint
1233 3936 1368 4001 deorum
1420 3938 1495 4022 plus
1517 3959 1616 4021 quam
1636 3958 1698 4022 par
1724 3943 1795 4002 erat
1822 3937 1865 4002 ad
1890 3937 2023 4003 virtutis
2050 3936 2198 4002 studium
2223 3936 2297 4002 illos
2323 3957 2397 4005 esse

393 4018 528 4103 quidem
549 4039 620 4086 esse
641 4042 775 4098 munus,
803 4019 892 4103 quod
911 4019 1070 4099 vivimus3
1099 4027 1250 4085 nostrum
1278 4042 1366 4100 vero,
1420 4024 1573 4107 largitos;
1596 4024 1672 4107 quia
1692 4024 1854 4107 putabant
1875 4045 1910 4088 se
1939 4044 2006 4087 non
2027 4023 2123 4088 aliter
2150 4030 2316 4106 torporem
2336 4044 2396 4089 no-

393 4104 482 4188 quod
502 4104 585 4170 bene
607 4114 783 4189 sancteque
804 4106 954 4171 vivimus.
1007 4103 1094 4170 Unde
1125 4108 1260 4174 etillud
1285 4105 1367 4172 Oica-
1420 4111 1471 4176 bis
1502 4110 1687 4194 ingenitum
1718 4130 1813 4192 posse
1845 4108 2106 4193 expergefacere,
2135 4130 2234 4191 quam
2265 4109 2294 4173 si
2326 4108 2396 4177 solo

391 4189 518 4276 ronis⁶)
539 4192 576 4255 ia
591 4211 729 4273 pererro
752 4190 870 4269 Godac,
891 4192 968 4271 qaia
988 4190 1050 4255 atei
1076 4193 1206 4275 quisque
1226 4195 1369 4259 artedem
1420 4197 1491 4280 ipso
1513 4217 1574 4261 nos
1655 4216 1729 4260 care
1750 4203 1935 4279 arguerent
1979 4194 2020 4259 Id
2037 4202 2149 4260 autem
2169 4202 2293 4277 quauta
2314 4193 2397 4261 dex·

392 4277 539 4358 aquea
561 4277 714 4341 amaeam
731 4297 770 4342 ea
796 4275 990 4357 capacem
1016 4296 1156 4359 anquam
1175 4280 1214 4344 dc
1238 4301 1277 4345 aa
1295 4301 1369 4364 yro-
1421 4283 1553 4348 toritate
1575 4303 1595 4347 a
1637 4281 1704 4346 illis
1725 4281 1848 4346 factum
1869 4281 1921 4362 sit,
1939 4288 2054 4366 postea
2070 4279 2261 4346 videbimus
2286 4279 2395 4362 Certe,

391 4364 456 4428 tias
487 4361 557 4428 Deo
582 4363 688 4446 egisse
735 4360 870 4443 Propter
901 4361 1044 4425 aucam
1073 4363 1155 4428 eaba
1188 4366 1368 4445 ἱαιιάαιιιιιν,
1420 4389 1502 4452 quas
1526 4367 1698 4432 retulimus
1732 4368 1924 4445 sententias,
1958 4387 2029 4431 esse
2059 4365 2264 4446 falsissimas,
2296 4366 2397 4450 paulo
2441 4448 2444 4453 Ι

391 4449 503 4530 inquit,
532 4453 560 4513 et
587 4450 623 4513 ιἰι
648 4449 760 4513 vinae
784 4448 968 4531 paramur.
1021 4446 1109 4527 Quod
1137 4471 1199 4514 aaa
1224 4451 1311 4532 ficret
1338 4452 1369 4516 a*
1421 4463 1495 4538 post
1516 4453 1683 4520 constabit
1727 4453 1832 4518 Porro
1853 4453 1983 4517 tametsi
2006 4451 2126 4518 Graeci
2142 4473 2222 4535 pree
2239 4450 2319 4530 aliis,
2343 4459 2397 4517 at-

392 4535 508 4630 doaum
528 4539 607 4599 asad
626 4533 700 4632 Ilei,
722 4553 785 4598 oon
806 4554 829 4597 a
848 4533 944 4631 nobie.
989 4530 1039 4596 Ac
1053 4535 1154 4614 paea
1171 4541 1258 4617 post:
1285 4537 1369 4602 taut
1421 4561 1485 4622 que
1510 4541 1599 4605 inter
1626 4559 1680 4603 eos
1707 4537 1917 4687 sinffulariter
1934 4537 2205 4623 Ohrysostomus,
2226 4538 2262 4603 in
2288 4536 2395 4603 extol·

393 4638 477 4682 aum
498 4619 552 4685 boc
572 4641 712 4685 anacam
732 4618 915 4683 matricum
936 4621 988 4695 est,
1008 4616 1168 4699 fananum
1188 4641 1210 4684 a
1230 4622 1299 4688 Deo
1314 4643 1369 4706 pc·
1420 4624 1519 4690 lenda
1540 4625 1705 4689 humanae
1726 4643 1767 4688 vo
1779 4631 1903 4690 untatrs
1923 4623 2079 4690 facultate
2096 4622 2229 4689 modum
2245 4643 2396 4690 acesse-

392 4703 526 4783 tcadam,
548 4726 570 4769 a
589 4726 623 4770 se
644 4706 713 4786 ipso
734 4705 919 4770 samam
944 4722 1009 4768 ease
1035 4705 1231 4784 saphatiam
1276 4707 1369 4773 Haeo
1421 4719 1509 4788 runt,
1532 4718 1660 4775 veteres
1680 4718 1791 4773 tamen
1813 4730 1936 4790 omnes,
1958 4716 2094 4860 execssqto
2121 4709 2322 4794 Augustino,
2345 4710 2418 4778 sio·

394 4808 474 4871 ergo
495 4788 765 4873 philosophorum
785 4789 934 4854 omnium
955 4789 1137 4855 sententiae
1158 4812 1287 4858 summa
1308 4802 1367 4874 est,
1420 4798 1458 4861 in
1478 4796 1541 4861 hac
1563 4817 1599 4860 re
1619 4801 1677 4859 aut
1697 4795 1843 4872 variant,
1874 4805 1933 4860 aut
1959 4796 2029 4861 vac‘
2058 4808 2131 4876 ant,
2161 4802 2219 4860 aut
2239 4794 2395 4879 perplexe

395 4873 536 4937 humani
551 4875 738 4943 intellectus
756 4875 918 4940 rationem
935 4882 1043 4939 rectae
1060 4874 1289 4957 gubernationi
1300 4882 1367 4944 suf·
1422 4881 1610 4963 loquuntur,
1634 4888 1671 4944 ιιι
1691 4880 1771 4944 certi
1793 4880 1861 4945 fere
1882 4881 1966 4946 nihil
1988 4903 2029 4946 ex
2052 4902 2165 4946 eorum
2191 4881 2321 4964 scriptis
2342 4903 2396 4947 re·

393 4959 506 5038 ficere;
529 4959 732 5027 voluntatem
752 4961 802 5027 illi
823 4959 1052 5039 subiacentem,
1075 4981 1215 5038 asensu
1236 4964 1368 5047 quidem
1420 4967 1506 5031 ferre
1532 4967 1637 5032 licoat
1681 4965 1797 5048 Itaque
1829 4965 2060 5032 enumerandis
2093 4966 2297 5051 singulorum
2319 4987 2396 5033 sen·

395 5043 438 5108 ad
453 5044 541 5107 mala
562 5045 735 5126 sollicitari,
758 5045 825 5126 sed,
848 5053 885 5110 ut
895 5045 1033 5110 liberam
1051 5046 1241 5113 electionem
1258 5051 1366 5132 habet,
1420 5052 1533 5117 tentiis
1566 5051 1711 5118 exactius
1739 5073 1806 5116 non
1834 5052 2039 5131 insistemus,
2079 5051 2137 5118 sed
2173 5053 2313 5137 carptim
2351 5073 2396 5119 ex

393 5128 547 5212 impediri
564 5151 770 5216 nequaquam
786 5152 881 5215 posse
898 5131 979 5215 quin
995 5131 1158 5197 rationem
1175 5133 1293 5201 ducem
1309 5158 1368 5220 per
1421 5158 1615 5221 unoquoque
1636 5143 1767 5201 tantum
1788 5138 2029 5217 delibabimus·⁸
2048 5146 2187 5203 uantum
2207 5138 2396 5223 argumenti

394 5215 505 5281 omnia
525 5223 689 5298 sequatur.
1421 5224 1593 5307 explicatio
1620 5222 1750 5305 exigere
1779 5225 1851 5289 visa
1877 5225 1985 5290 fuerit
2026 5159 2098 5305 bui
2124 5235 2239 5308 postea
2265 5223 2399 5308 sequuti

482 5307 511 5366 4.
555 5301 649 5366 Inter
670 5303 845 5386 scriptores
867 5300 1096 5383 οσοιιιιιιιιιίιοι,Ι
1116 5308 1251 5372 tametsi
1270 5329 1367 5374 nemo
1421 5316 1499 5376 sunt
1521 5308 1615 5394 (dum
1634 5329 1693 5391 pro
1715 5330 1750 5374 se
1772 5310 1907 5394 quisque
1928 5311 1963 5376 in
1985 5311 2150 5376 humanae
2176 5317 2316 5376 naturae
2338 5309 2398 5377 do—

396 5522 577 5670 apudl)AIdisib.
591 5522 668 5646 libi}e
681 5523 927 5646 ἐῳιιιιιιοηῖζιιιὴ
946 5525 1278 5668 3⁸dllussoenbzdlawbissini.)
1296 5532 1368 5668 vab}
1494 5598 1524 5666 1)
1540 5600 1642 5655 Homil.
1661 5600 1695 5654 de
1713 5600 1813 5668 prodit
1831 5602 1923 5654 Indae.
1992 5599 2024 5667 2)
2041 5601 2141 5654 Homil.
2159 5599 2200 5654 18.
2224 5601 2252 5655 in
2270 5601 2402 5657 Genesim

396 5658 456 5712 lrrb.
474 5657 499 5712 3.
518 5660 551 5712 de
570 5660 632 5713 Nat.
651 5661 771 5715 deorum.
1421 5669 1453 5737 3)
1469 5670 1570 5724 Homit
1587 5668 1629 5723 62.
1698 5667 1729 5734 4)
1748 5669 1852 5738 Dialog.
1869 5668 1894 5722 3.
1913 5677 2008 5722 contra
2024 5670 2116 5738 Pelsg.
