5600 6809
432 735 514 795 1019
1064 721 1331 797 INSTI'PUTIO
1353 722 1460 792 REL.
1482 718 1663 787 CHRIST.
1690 726 1781 785 1559.
2349 726 2437 787 1020

428 918 505 994 dcrn,
528 916 605 998 quia
621 914 722 979 verbis
740 912 858 979 Christi
874 933 1056 993 cupressum
1074 931 1134 976 non
1151 917 1203 976 est.
1238 909 1300 975 Sed
1321 909 1401 974 nihil
1453 909 1606 987 columba,
1635 910 1769 988 spiritus
1790 914 1917 974 sanctus
1944 910 2128 996 (Mathe,
2151 908 2215 994 16).
2261 910 2349 975 Nam
2370 911 2435 976 etsi

421 1003 587 1086 proficient
612 1000 766 1083 neyanm:
799 1000 923 1081 quando
952 1019 1056 1064 omnes
1088 996 1279 1062 consentiunt
1305 1001 1402 1059 totum
1453 996 1585 1060 essentia
1606 995 1775 1075 symbolum
1796 1016 1818 1059 a
1838 1016 1872 1059 re
1892 998 2016 1079 siynata
2037 998 2151 1079 differt,
2174 996 2256 1079 quod
2272 996 2347 1062 haec
2365 998 2433 1078 spi-

429 1085 588 1152 Christum
609 1086 696 1149 nobis
723 1085 831 1166 offerri
858 1086 895 1148 in
922 1105 1020 1149 coena
1065 1082 1277 1147 Intolerabilis
1297 1087 1401 1146 autem
1452 1080 1581 1144 ritualis
1598 1085 1642 1145 est
1659 1084 1687 1145 et
1702 1080 1846 1160 coelestis,
1864 1081 1945 1147 illud
1961 1103 2140 1165 corporeum
2156 1088 2185 1147 et
2201 1082 2331 1162 visibile,
2351 1083 2433 1166 quia

425 1172 619 1255 blasphemia
639 1176 691 1250 est,
717 1173 787 1236 sine
805 1171 908 1254 siyurn
924 1170 1110 1251 praedicari
1131 1169 1169 1234 de
1189 1168 1329 1231 elemento
1350 1187 1401 1231 ca·
1451 1172 1554 1232 tamen
1579 1186 1646 1230 rem
1674 1167 1725 1230 eni
1751 1168 2029 1248 repraesentandae
2055 1173 2264 1233 consecratum
2285 1173 2341 1248 est,
2366 1188 2434 1233 non

426 1259 504 1323 duco
533 1256 792 1338 etcorruptibili,
822 1256 903 1338 qnod
929 1257 971 1319 sit
994 1253 1145 1319 Christus.
1192 1254 1313 1334 Quaero
1335 1255 1401 1316 iam
1451 1252 1568 1335 srynrat
1596 1257 1715 1316 tantum
1742 1272 1796 1316 ceu
1821 1255 1908 1318 nuda
1936 1259 1964 1319 et
1991 1255 2100 1320 inanis
2126 1259 2256 1333 tessera,
2283 1256 2337 1319 sed
2358 1274 2433 1319 rere

426 1365 466 1408 en
485 1344 575 1426 ipsis,
597 1343 718 1407 idemne
735 1343 858 1406 caleant
873 1342 954 1406 dune
971 1342 1050 1405 istae
1056 1340 1298 1421 prepositiones:
1311 1337 1401 1403 Chri
1453 1339 1546 1403 etiam
1568 1337 1700 1404 exhibet:
1726 1359 1783 1402 cur
1803 1359 1865 1402 non
1887 1340 1955 1403 cius
1982 1339 2147 1420 appellatio
2168 1341 2204 1403 in
2230 1341 2334 1421 ipsum
2355 1341 2432 1404 iure

426 1435 495 1496 stus
522 1433 566 1494 est
595 1429 685 1509 pilius
707 1427 785 1506 Dei,
812 1432 839 1491 et
861 1428 962 1509 panis
989 1431 1033 1491 est
1057 1423 1176 1491 Christi
1197 1445 1317 1504 cerpus.
1364 1422 1402 1486 Si
1453 1423 1624 1503 competat?
1677 1424 1764 1505 Quod
1796 1424 1826 1487 si
1863 1424 2047 1489 humanitus
2077 1427 2248 1508 eecmdela
2279 1425 2431 1507 symbola,

425 1515 570 1581 diverses
590 1534 654 1579 esse
675 1514 836 1578 emnedant
857 1511 954 1597 (qued
975 1512 1013 1577 ab
1032 1512 1141 1575 inritis
1160 1508 1400 1594 eetorquebitur)
1453 1529 1532 1591 qnae
1553 1510 1707 1591 imayines
1728 1513 1801 1573 sunt
1822 1529 1927 1573 rerum
1947 1510 2118 1575 absentium
2134 1512 2355 1593 potiusquam
2376 1532 2433 1575 ne-

427 1601 632 1682 respmideant
660 1599 741 1664 unde
769 1597 967 1680 differentia?
1012 1596 1085 1663 Neu
1113 1597 1227 1676 aliem,
1258 1596 1401 1674 arbitror,
1452 1600 1501 1659 tae
1516 1596 1740 1676 praesentiam,
1761 1615 1841 1676 quas
1858 1597 1951 1660 etiem
1968 1598 2057 1677 ipsas
2071 1597 2227 1679 [adacter
2243 1597 2433 1677 saepissime

426 1687 594 1765 manent,
621 1686 687 1750 nisi
707 1685 787 1765 quod
807 1684 1028 1748 sacramentali
1048 1684 1137 1748 niodo
1152 1684 1254 1762 panis
1274 1685 1401 1746 eocatm
1453 1680 1656 1759 adumbrant,
1684 1701 1792 1745 eonem
1820 1687 1922 1746 tamen
1948 1682 2049 1747 titulis
2075 1684 2231 1747 interdum
2262 1687 2429 1760 ornantur,

428 1791 549 1853 eorpus.
606 1770 696 1837 Unde
728 1770 881 1851 sequitur,
920 1768 1039 1834 Christi
1071 1768 1164 1833 verbe
1194 1788 1255 1831 nen
1286 1767 1401 1831 subiici
1453 1787 1534 1848 quae
1555 1788 1575 1830 a
1597 1767 1664 1830 Dee
1691 1772 1765 1830 sunt
1790 1767 1949 1847 instituta,
1980 1768 2075 1833 mtdto
2100 1769 2218 1832 nmiori
2238 1769 2359 1832 ratione
2381 1788 2432 1832 re·

426 1857 582 1923 communi
607 1855 747 1938 reyulae,
775 1875 828 1920 nec
855 1855 959 1920 debere
981 1856 1023 1919 ad
1048 1854 1286 1936 yrammatieam
1308 1853 1400 1935 eeiyi,
1453 1853 1526 1915 rum
1547 1853 1675 1916 nomina
1696 1857 2047 1934 mutuantur,.quarum
2067 1859 2096 1918 et
2112 1859 2226 1918 certam
2242 1854 2432 1935 minimeque

309 1989 313 2001 .
427 1941 483 2007 Ee
504 1941 644 2007 omnibns
666 1942 759 2005 etiam
780 1942 912 2006 morosis
933 1940 1167 2021 etpraefractis
1186 1939 1293 2004 literae
1315 1957 1402 2002 enac
1452 1937 1597 2018 falhrecm
1623 1939 1878 2020 siynificotronem
1904 1959 2023 2021 semper
2047 1944 2169 2022 yerunt,
2197 1944 2225 2003 et
2247 1940 2432 2004 adiunctam

425 2027 545 2093 teribus
570 2047 698 2109 qaaere,
726 2027 781 2090 ubi
804 2026 909 2092 Duces
936 2032 962 2091 et
993 2025 1117 2090 Paulus
1144 2024 1270 2089 calicem
1297 2025 1402 2088 dicunt
1453 2022 1563 2087 habent
1583 2043 1685 2089 secum
1705 2024 1872 2087 ceritatem.
1921 2026 2025 2090 Tanta
2046 2031 2090 2090 est
2110 2024 2285 2090 similitudo
2306 2029 2334 2088 et
2354 2026 2433 2090 eici-

426 2118 636 2178 lestamentum
658 2114 693 2177 in
713 2113 873 2196 sanquine,
896 2132 1000 2177 annon
1021 2112 1103 2176 idern
1124 2112 1301 2191 exprimant
1321 2109 1401 2190 qnod
1453 2110 1539 2174 nitas
1564 2109 1696 2173 alterins
1722 2108 1765 2172 ad
1785 2109 1931 2189 alterum,
1960 2115 1995 2174 nt
2016 2111 2170 2192 proclivis
2190 2110 2271 2174 ultro
2293 2111 2431 2191 citroque

424 2200 534 2283 priore
554 2199 696 2276 membre,
718 2199 772 2262 ubi
786 2219 902 2280 panem
923 2199 1085 2263 nominent
1101 2196 1237 2277 corpus?
1279 2195 1401 2260 Eedun
1453 2195 1496 2258 sit
1516 2196 1663 2260 deductio.
1706 2194 1865 2260 Desinant
1886 2198 1992 2278 itaque
2012 2197 2193 2261 aduersarii
2217 2196 2360 2261 inmlsas
2379 2197 2432 2278 fa-

426 2289 505 2351 oerte
530 2284 639 2369 reliyie
664 2284 730 2365 ficit
757 2285 793 2348 in
813 2304 878 2347 una
900 2287 994 2364 parte
1015 2283 1169 2365 mysterii,
1199 2282 1335 2363 quaein
1356 2280 1401 2344 al·
1453 2281 1549 2345 cetias
1570 2283 1605 2358 in
1625 2301 1674 2346 eos
1693 2300 1864 2362 conperere,
1894 2284 2040 2362 tropistas
2062 2282 2212 2347 necando:
2244 2282 2369 2362 qnando
2391 2303 2432 2346 ee

426 2375 510 2450 tera;
531 2375 559 2436 et
579 2371 657 2450 quia
678 2368 808 2434 obscura
831 2374 875 2434 est
895 2369 1038 2447 brevitas,
1060 2387 1185 2434 sensnm
1206 2368 1319 2432 melius
1338 2366 1402 2431 elu-
1453 2368 1607 2430 commum
1634 2367 1808 2448 scripturae
1834 2387 1898 2455 usu
1924 2368 2181 2433 sacramentalem
2201 2367 2345 2449 loquendi
2367 2388 2430 2432 mo-

427 2456 512 2522 cidat
539 2456 660 2538 lenyior
681 2475 788 2519 sermo.
836 2455 960 2536 Quoties
981 2475 1051 2537 crya
1079 2474 1118 2519 en
1139 2453 1227 2518 verbo
1248 2474 1309 2517 une
1330 2472 1401 2516 con-
1453 2451 1530 2515 dum
1550 2453 1742 2534 exponimus.
1774 2452 1860 2517 Nem
1878 2474 1979 2535 quum
1991 2451 2017 2536 ¹)
2040 2454 2074 2516 in
2091 2453 2205 2518 multis
2223 2461 2433 2518 sacramente

426 2542 561 2618 derident,
584 2560 702 2622 panem
728 2560 793 2605 esse
824 2560 948 2621 corpus:
982 2562 1034 2623 eye
1061 2559 1100 2605 en
1125 2539 1275 2619 pluribus
1301 2538 1401 2601 uerbis
1454 2538 1552 2603 simul
1574 2537 1784 2617 conveniunt,
1808 2537 1880 2602 tum
1900 2538 1937 2601 in
1960 2538 2022 2603 hec
2044 2541 2246 2624 metenymia
2268 2538 2432 2621 quaedam

426 2627 617 2692 commodam
638 2626 920 2706 interpretationem
941 2627 1083 2707 affmam,
1105 2644 1169 2689 esse
1189 2629 1403 2689 testamentum
1454 2628 1504 2687 est
1535 2625 1615 2706 ipsis
1642 2623 1792 2688 omnibus
1818 2625 1907 2689 inter
1935 2646 1970 2690 se
1998 2626 2224 2690 communitas.
2274 2624 2323 2690 Ut
2351 2645 2432 2708 ergo

427 2713 464 2777 in
485 2732 616 2791 corpore.
663 2711 746 2792 Quid
765 2711 870 2776 enim?
890 2732 932 2775 an
953 2710 1150 2793 quaerendus
1170 2710 1230 2774 erit
1249 2710 1402 2788 interpres
1453 2707 1611 2792 lapidem,
1635 2731 1653 2774 e
1681 2730 1744 2791 quo
1765 2709 1926 2774 Israelitis
1954 2710 2134 2792 spiritualis
2155 2718 2252 2793 potus
2275 2712 2434 2775 scaturie-

311 2803 314 2808 ’
404 2795 532 2862 Ῥααῑο
564 2801 592 2862 et
619 2795 708 2861 Inuca
738 2796 862 2877 fidelior
889 2802 945 2861 aut
977 2796 1113 2863 certior?
1160 2795 1269 2877 Neque
1298 2800 1400 2859 tamen
1452 2794 1517 2872 bet,
1541 2794 1711 2859 Christum
1732 2795 1831 2861 fuisse
1859 2796 2023 2879 apestolus
2045 2796 2139 2860 docet
2160 2797 2193 2881 (l
2214 2796 2287 2861 Cor.
2310 2801 2358 2873 10,
2379 2795 2426 2878 4),

428 2882 489 2948 huc
509 2883 606 2960 tendo,
629 2887 664 2946 ut
685 2882 855 2963 quidquam
875 2882 1004 2948 delibem
1021 2883 1058 2948 de
1079 2901 1228 2963 ecquam
1245 2881 1400 2962 confessus
1453 2880 1540 2962 quod
1568 2881 1696 2945 visibile
1723 2881 1909 2963 symbolum
1935 2883 2031 2961 foret,
2062 2882 2122 2948 sub
2151 2903 2214 2964 quo
2243 2882 2425 2965 spiritualis

427 2989 500 3034 sum
527 2968 666 3049 corperis
694 2965 812 3032 Christi
839 2969 1126 3046 communicatione;
1157 2967 1286 3032 stultam
1312 2966 1400 3029 modo
1452 2964 1507 3030 ille
1538 2972 1637 3048 potus
1659 2987 1737 3032 vere
1758 2966 1903 3049 quidem,
1933 2967 2077 3032 sednon
2099 2967 2141 3032 ed
2167 2966 2296 3034 oculum
2316 2968 2426 3048 perei-

421 3055 647 3137 perimerem,
670 3073 734 3134 qna
754 3058 821 3118 tam
841 3053 993 3120 hostiliter
1014 3055 1138 3136 litiyent
1159 3053 1196 3117 de
1217 3053 1332 3131 verbis,
1355 3071 1401 3116 re
1451 3050 1616 3133 piebatur:
1645 3052 1694 3116 its
1720 3073 1838 3136 eorpus
1867 3052 1992 3118 Christi
2020 3054 2114 3135 panis
2138 3053 2234 3118 hodie
2256 3072 2426 3135 nuncupa·

425 3139 531 3224 fellere
556 3139 755 3221 propesitum
781 3145 831 3203 est.
878 3139 1014 3218 Panem,
1042 3138 1203 3204 autoribus
1238 3138 1342 3204 Paule
1375 3142 1416 3200 et'
1452 3143 1517 3217 tur,
1540 3138 1670 3220 quando
1692 3139 1879 3221 symbolum
1907 3146 1958 3204 est
1983 3160 2046 3221 quo
2068 3160 2184 3204 veram
2210 3138 2352 3220 eorporis
2374 3139 2430 3203 sui

428 3226 526 3304 Luca,
547 3245 657 3306 cerpus
681 3222 797 3288 Christi
818 3246 883 3290 esse
905 3227 1050 3309 intelliyo,
1073 3225 1282 3306 quiafeedus
1303 3225 1401 3288 estin
1452 3223 1738 3289 manducationem
1766 3225 1862 3289 offert
1890 3225 1982 3289 nobis
2008 3226 2180 3290 Dominus.
2225 3224 2338 3307 Neque
2366 3224 2429 3288 nli-

426 3332 558 3394 cmpore.
616 3310 703 3391 erod
730 3311 762 3375 si
787 3312 987 3394 impuynant,
1014 3331 1075 3375 non
1100 3330 1232 3390 mecum,
1257 3310 1311 3375 sed
1332 3312 1401 3373 cum
1452 3316 1505 3373 ter
1533 3308 1585 3374 iel
1613 3310 1716 3374 sensit
1728 3310 1796 3403 pel
1824 3310 1978 3392 loquutus
2011 3318 2062 3375 est
2090 3310 2299 3393 Augustinus
2305 3334 2314 3392 ;
2327 3310 2356 3394 ²)
2385 3331 2429 3375 ne

473 3398 545 3461 'ritu
574 3396 637 3461 Dei
665 3401 816 3461 certamen
850 3397 916 3461 illis
948 3402 1001 3461 est.
1058 3395 1214 3477 Utcunque
1240 3395 1401 3461 uerborum
1475 3396 1526 3459 uis
1558 3395 1620 3461 hoe
1648 3403 1851 3477 aspernetur
1866 3406 2023 3477 tunquam
2052 3417 2175 3461 nevum
2196 3403 2427 3460 commentum

455 3482 548 3547 hristi
569 3484 740 3547 reverentia
760 3484 849 3565 tanyi
870 3503 902 3546 se
919 3484 1117 3564 quiritentur,
1139 3484 1305 3564 quominus
1323 3482 1403 3564 ripn
1452 3417 1493 3545 hi
1515 3490 1735 3559 saemmenta,
1764 3482 1885 3563 inquit,
1916 3481 2080 3565 quendem
2101 3481 2351 3546 similitudinem
2374 3501 2429 3546 ea-

427 3573 493 3633 rate
514 3569 682 3651 intelliycre
703 3568 811 3632 ausint
831 3588 909 3649 quae
938 3572 1012 3632 suut
1032 3574 1134 3650 aperte
1156 3568 1253 3645 dicte,
1274 3588 1335 3632 non
1356 3571 1401 3630 est
1452 3589 1529 3631 rum
1549 3588 1660 3631 rerum
1682 3587 1822 3649 quarum
1843 3575 2047 3633 saeramentu
2064 3575 2150 3647 sunt,
2174 3590 2240 3632 non
2258 3567 2429 3645 haberent,

427 3658 529 3719 tamen
559 3655 609 3718 hie
640 3655 719 3718 satis
747 3655 851 3719 iustus
876 3658 1074 3733 praetentus,
1102 3674 1158 3719 cur
1189 3672 1293 3719 omnes
1320 3672 1401 3733 quas
1452 3653 1565 3734 utique
1588 3661 1792 3718 sacramenta
1812 3674 1880 3717 non
1901 3662 2026 3731 essent;
2054 3675 2096 3718 ex
2118 3653 2180 3718 hae
2204 3662 2315 3718 nutem
2337 3653 2429 3717 sinii-

384 3771 389 3777 ’
428 3745 537 3811 centra
558 3739 721 3804 obiicimus
741 3741 876 3820 rationes
898 3741 946 3803 ita
965 3746 1121 3820 respuant.
1162 3739 1288 3803 Interea
1309 3739 1401 3820 quale
1453 3738 1592 3802 litudine
1619 3739 1810 3821 plerumque
1844 3739 1944 3803 etiam
1976 3740 2123 3821 ipsarum
2154 3758 2266 3802 rorum
2293 3739 2429 3804 nomina

428 3826 472 3888 sit
492 3826 578 3889 istud
599 3827 634 3888 in
659 3822 777 3889 Christi
798 3845 922 3906 corpere
953 3831 981 3888 et
1008 3826 1160 3909 sanquine
1180 3830 1399 3902 testamentum,
1455 3824 1634 3906 accipiunt:
1664 3825 1748 3888 sieut
1780 3845 1858 3907 erge
1885 3824 2064 3890 secundum
2097 3824 2261 3906 quendem
2293 3824 2431 3889 modum

391 3961 394 3964 ⁴
428 3914 464 3974 ut
496 3911 563 3973 iam
594 3910 756 3990 admonui,
792 3916 890 3975 tenere
921 3912 1071 3976 eorieenit:
1108 3912 1185 3992 qnia
1217 3931 1277 3975 non
1310 3911 1403 3975 aliter
1454 3925 1698 3974 sacramentum
1731 3911 1876 3993 corperis
1909 3909 2035 3976 Christi
2066 3931 2183 3993 eorpus
2213 3909 2341 3975 Christi
2368 3918 2428 3990 est,

423 3995 584 4078 prodesset
604 3995 692 4084 nobis
715 3996 825 4077 foelus
845 3996 998 4077 sacrificio
1020 3997 1129 4062 mertis
1150 3997 1313 4074 semitam,
1336 3997 1403 4061 nisi
1454 4004 1695 4061 sacramentum
1721 3997 1890 4079 sanguinis
1912 3995 2038 4061 Christi
2064 3997 2198 4079 sanguis
2219 3994 2346 4061 Christi
2368 4003 2429 4074 est,

428 4081 582 4148 amedera
602 4100 720 4145 arcario
740 4081 800 4146 illa
820 4083 1056 4147 cmununiaatio
1077 4104 1140 4164 qua
1161 4085 1197 4147 in
1214 4103 1312 4147 unum
1332 4101 1403 4147 cmn
1453 4083 1500 4146 ite
1528 4088 1769 4146 sacramentum
1797 4082 1873 4148 fidei
1898 4081 1980 4147 fides
2005 4090 2063 4148 est.
2113 4082 2214 4146 Multi
2241 4089 2319 4147 sunt
2340 4082 2430 4164 apud

431 4165 554 4233 Christo
574 4166 781 4232 coalescimus.
1454 4188 1532 4232 eum
1554 4167 1676 4233 similes
1693 4167 1763 4247 loci,
1783 4189 1863 4250 quos
1884 4189 2122 4252 supervacuum
2139 4169 2224 4232 feret
2241 4188 2426 4251 congerere,

516 4256 567 4317 21.
613 4252 723 4316 Restat
754 4254 851 4335 iqitm
877 4258 912 4317 ut
936 4257 1066 4334 prepter
1092 4253 1286 4335 affinitatem,
1308 4274 1404 4334 quam
1454 4274 1556 4337 quum
1588 4276 1675 4318 unus
1706 4253 1761 4318 ille
1794 4254 1950 4333 sufficiat3
1982 4255 2048 4319 nisi
2080 4254 2161 4336 quod
2184 4254 2329 4318 monendi
2354 4258 2429 4316 sunt

429 4338 538 4404 habent
565 4359 636 4403 cum
656 4339 725 4403 suis
745 4339 891 4420 symbolis
912 4359 963 4403 res
983 4340 1138 4422 siynatae,
1168 4359 1277 4404 nonuen
1297 4339 1404 4424 ipsum
1454 4339 1577 4403 ledores
1604 4340 1686 4403 idem
1708 4361 1728 4404 a
1755 4344 1859 4404 sancte
1875 4341 1944 4405 eiro
1964 4340 2050 4404 tradi
2069 4341 2105 4404 in
2125 4339 2256 4421 epistola
2281 4338 2324 4402 ad
2343 4337 2427 4402 Euo-

428 4426 477 4490 rei
501 4426 660 4507 fateamur
688 4424 872 4488 attributum
897 4425 999 4506 fuisse
1026 4423 1178 4506 symbolo,·
1201 4425 1335 4508 fiyurate
1368 4424 1404 4488 id
1455 4425 1552 4488 dium.
1597 4424 1730 4490 Frivola
1750 4430 1855 4490 uidem
1876 4426 2089 4508 teryiversetio
2110 4431 2162 4504 est,
2185 4426 2240 4489 ubi
2260 4425 2340 4488 docet
2357 4422 2430 4487 Au·

429 4512 562 4592 quiden,
585 4510 638 4575 sed
659 4530 722 4575 non
742 4510 811 4575 sine
839 4510 1005 4591 aptissima
1026 4510 1181 4593 eneloyia.
1224 4510 1404 4594 Alleyorias
1453 4512 1615 4594 yustinus,
1639 4512 1827 4592 frequentem
1858 4531 1896 4577 ac
1922 4512 2030 4596 tritam
2058 4531 2124 4575 esse
2149 4510 2366 4592 metonymiam
2394 4511 2430 4574 in

429 4601 458 4661 et
479 4595 652 4677 parabolas
673 4597 789 4674 omitto,
812 4596 944 4676 nequis
964 4595 1158 4679 subterfnyia
1178 4616 1226 4661 rne
1247 4616 1402 4677 quaerere,
1454 4597 1625 4678 mysteriis,
1655 4618 1717 4661 non
1742 4596 1815 4677 fieri
1840 4598 2019 4662 nuntmnem
2040 4616 2157 4662 caenae.
2205 4595 2288 4677 Quia
2308 4596 2362 4660 bec
2383 4616 2433 4661 re·

429 4685 458 4747 et
489 4686 578 4746 entra
605 4687 799 4762 praesentent
824 4701 955 4746 causam
982 4680 1084 4764 eyredi
1117 4687 1268 4747 causetur.
1321 4682 1403 4748 Dice
1454 4687 1546 4763 cepto,
1567 4683 1753 4746 ratiocinari
1774 4704 1795 4745 a
1814 4703 1924 4765 yenere
1945 4682 1988 4746 ad
2008 4683 2139 4764 speciem
2158 4683 2431 4760 mentientium

429 4767 663 4848 metonymicum
695 4787 760 4831 esse
790 4767 872 4831 harre
899 4786 1081 4847 sermonem,
1115 4769 1171 4848 qui
1195 4770 1333 4833 usitatus
1359 4772 1404 4832 est
1455 4768 1569 4833 caleret
1600 4772 1831 4850 aryumeutum:
1864 4788 1951 4832 omne
1983 4768 2103 4832 animal
2134 4772 2218 4832 motu
2244 4768 2431 4848 praeditum

423 4854 552 4934 passim
572 4853 607 4915 in
629 4852 799 4932 scriptura,
826 4852 881 4917 ubi
902 4853 939 4917 de
960 4853 1116 4934 mysteriis
1137 4853 1249 4935 aydur.
1296 4853 1405 4935 Neque
1454 4858 1506 4932 est,
1528 4873 1599 4936 eryo
1620 4854 1673 4917 bos
1694 4858 1721 4917 et
1742 4873 1838 4933 equus
1859 4858 1942 4916 motu
1957 4854 2125 4932 praeditus
2142 4858 2194 4917 est.
2242 4853 2431 4934 Quanquam

428 4938 513 5002 enim
542 4937 633 5001 aliter
659 4939 794 5019 aceipere
808 4939 917 5020 pessis
937 4939 1019 5020 quod
1038 4938 1167 5017 dicitur,
1196 4940 1403 5004 circumcisio
1455 4940 1574 5020 lonyier
1595 4939 1776 5018 disceptatio
1797 4939 1877 5002 alibi
1903 4939 2041 5003 eiusdem
2061 4941 2160 5004 sancti
2180 4939 2283 5004 uerbis
2304 4939 2430 5004 dirimi-

429 5041 500 5087 nem
516 5042 581 5086 esse
600 5021 719 5102 foedus,
738 5045 854 5106 aynum
871 5044 935 5089 esse
951 5024 1129 5101 transitrm,
1147 5023 1307 5104 sacrificia
1326 5025 1403 5106 leyis
1454 5030 1515 5100 tur,
1537 5023 1592 5087 ubi
1608 5024 1692 5103 dicit,
1701 5025 1729 5106 ⁸)
1754 5021 1914 5088 Christum
1934 5045 1995 5089 non
2016 5025 2175 5091 dubitasse
2195 5045 2304 5090 uocare
2315 5045 2430 5107 corpus

428 5127 496 5184 esse
522 5107 728 5188 aptarem
756 5110 888 5191 denique
908 5114 1048 5190 petram,
1076 5130 1115 5174 en
1136 5130 1201 5191 qua
1229 5110 1263 5173 in
1285 5110 1402 5175 deserto
1453 5130 1560 5187 suum,
1583 5129 1679 5189 quum
1700 5108 1827 5192 dynnm
1845 5111 1933 5178 daret
1955 5113 2094 5192 corporis
2118 5112 2180 5176 sui.
2225 5110 2269 5176 Et
2290 5111 2414 5176 alibi:⁴

429 5213 516 5275 aqua
531 5192 711 5275 profluebat,
732 5195 834 5276 fnisse
856 5193 1022 5272 Christum,
1045 5196 1110 5260 nisi
1131 5195 1319 5271 translatitie
1339 5196 1403 5259 dic
1454 5196 1612 5274 miranda,
1635 5195 1744 5278 inquit,
1770 5194 1889 5262 Christi
1905 5198 2075 5280 patientia,
2098 5197 2179 5280 quod
2202 5196 2319 5262 Iudam
2339 5196 2430 5262 arthr-

429 5284 495 5346 tum
515 5279 662 5360 accipias.
707 5279 773 5344 Nec
792 5280 881 5343 mede
903 5300 924 5343 a
948 5282 1109 5362 superiore
1130 5282 1173 5346 ad
1193 5282 1329 5363 inferius
1349 5300 1402 5344 no

429 5385 500 5431 men
525 5366 730 5447 transfretum
756 5362 811 5429 sed
838 5369 956 5443 centra,
985 5367 1080 5432 etiam
1105 5368 1152 5431 rei
1179 5369 1320 5449 mynntm
1345 5367 1403 5431 tri-

430 5449 537 5515 ⁶th
563 5471 671 5550 W
698 5451 783 5550 seyne·
808 5450 959 5514 vim*
987 5456 1023 5514 ‘⁴‘
1044 5472 1145 5575 quum
1170 5453 1286 5518 atrum
1311 5452 1403 5551 ⁰⁶¹⁴?
1524 5501 1552 5565 1)
1569 5501 1655 5582 ⁴nan
1671 5504 1790 5571 repom
1807 5519 1838 5556 m
1855 5503 1918 5558 ears
1953 5519 2023 5585 ¹aee
2042 5503 2066 5569 s
2086 5503 2127 5557 11.
2165 5573 2171 5585 .
2208 5503 2254 5570 e)
2277 5505 2364 5574 nput.
2382 5502 2429 5559 ss.

428 5535 728 5686 fflssrsfflogr
739 5534 1159 5707 bnanfjgegssqusslhssihg
1172 5538 1405 5709 22⁶&ssan
1453 5571 1681 5707 fflfflsy.
1733 5570 1764 5639 3)
1786 5571 1889 5625 eontra
1905 5572 1932 5626 A
1988 5578 2081 5625 aarum
2098 5573 2285 5627 niueum
2303 5573 2370 5643 cap.
2384 5573 2433 5628 12.

1042 5672 1050 5688 ‘
1111 5674 1120 5704 l
1270 5675 1279 5704 i
1340 5676 1348 5706 7
1661 5681 1667 5694 ³
