5600 6809
399 744 462 805 aso
741 740 830 804 nra.
853 738 898 803 11.
941 737 1005 802 nu
1028 734 1314 803 coenumome
1337 736 1421 802 nur
1442 712 1788 805 memnonis.
1833 737 1932 804 oar.
1954 741 2052 806 vui.
2335 748 2399 809 ooo

397 949 531 1014 gressus
559 928 711 999 facimus:
739 927 797 991 sed
823 927 899 1008 quia
925 924 1056 990 assidua
1083 934 1134 990 est
1160 925 1267 990 adhuc
1294 945 1369 990 eum
1421 924 1522 989 fuisse
1544 925 1697 1003 Domino,
1721 924 1834 1008 procul
1856 924 1954 990 dubio
1977 936 2034 993 est
2079 930 2175 996 Prior
2197 932 2325 998 abunde
2348 942 2396 998 te-

397 1036 496 1081 carne
522 1014 653 1089 militia,
686 1034 752 1077 nou
778 1014 870 1095 prius
892 1010 1168 1076 consummabit-ur
1190 1032 1289 1094 quam
1307 1012 1369 1074 im-
1422 1010 1574 1087 stimonii,
1597 1010 1649 1075 vel
1671 1011 1708 1075 in
1730 1011 1797 1075 solo
1814 1011 2009 1077 Iudaeorum
2028 1036 2100 1089 usu,
2124 1017 2232 1082 habet
2271 1017 2397 1085 Secun-

397 1101 542 1185 plebitur
561 1099 642 1162 illud
661 1098 786 1163 Iesaiae
808 1098 879 1178 (66,
899 1096 955 1180 23)
982 1094 1022 1160 de
1049 1096 1271 1161 continuanda
1291 1118 1369 1161 neo-
1422 1094 1497 1159 dam
1524 1097 1667 1180 signavit
1692 1097 1802 1161 Moses
1828 1097 1863 1160 iu
1892 1096 2146 1164 Deuteronomio
2173 1104 2315 1250 (5,14),
2345 1106 2397 1170 his

397 1188 510 1252 menia
553 1207 626 1250 cunr
664 1184 849 1261 neomenia,
889 1182 1049 1248 sabbatho
1087 1203 1161 1247 cum
1201 1181 1368 1260 sabbatho,
1422 1182 1542 1247 verbis:
1566 1192 1605 1246 ut
1626 1183 1808 1263 requiescat
1829 1204 1944 1247 servus
1961 1192 2037 1250 tuus
2059 1196 2093 1248 et
2103 1189 2181 1252 'anei
2195 1189 2228 1253 la
2246 1196 2311 1269 tua,
2334 1191 2396 1256 sie-

398 1293 517 1354 nempe
543 1291 646 1353 quum
675 1272 737 1333 erit
758 1271 850 1334 Deus
877 1269 988 1334 omnia
1009 1268 1045 1330 in
1065 1268 1215 1331 omnibus
1238 1268 1270 1352 (1
1293 1265 1367 1333 Gor.
1422 1280 1460 1330 ut
1478 1276 1575 1345 ettu;
1597 1280 1762 1332 memento
1780 1267 1866 1349 quod
1883 1270 2002 1352 etipse
2019 1273 2170 1336 servieris
2187 1275 2223 1338 in
2233 1276 2393 1361 Aegypto.

402 1364 451 1436 15,
472 1358 536 1439 28).
571 1355 685 1419 Videri
705 1377 783 1439 ergo
802 1356 905 1438 possit
925 1354 1086 1418 Dominus
1107 1374 1167 1437 per
1187 1352 1274 1416 diem
1296 1374 1369 1436 sep-
1421 1352 1507 1416 Item
1528 1354 1563 1416 in
1580 1352 1696 1416 Exodo
1713 1351 1780 1438 (23,
1803 1353 1872 1437 12);
1895 1361 1932 1418 ut
1953 1357 2136 1438 requieseat
2156 1358 2213 1423 bos
2235 1372 2268 1423 ct
2285 1364 2397 1428 asinus

397 1447 518 1509 timum
544 1441 663 1526 populo
690 1462 748 1506 suo
775 1440 955 1505 delineasse
974 1440 1122 1502 futuram
1142 1439 1194 1503 sui
1220 1436 1370 1503 sabbathi
1422 1446 1507 1515 tuus,
1530 1448 1564 1503 et
1583 1439 1723 1520 respiret
1742 1438 1829 1503 filius
1851 1440 1987 1505 ancillae
2006 1450 2090 1507 tuae.
2123 1443 2308 1528 Utrumque
2325 1449 2397 1529 quis

397 1532 433 1595 in
456 1529 573 1594 ultimo
594 1527 647 1591 die
668 1528 910 1609 perfectionem,
935 1546 998 1608 quo
1019 1524 1196 1588 continenti
1219 1523 1369 1589 sabbathi
1421 1532 1522 1606 neget
1553 1524 1645 1588 nobis
1677 1524 1812 1605 perinde
1844 1545 1882 1589 ao
1908 1525 2040 1592 Iudaeis
2064 1530 2260 1595 convenire?
2306 1533 2394 1599 Con-

397 1614 608 1681 mcditatione
629 1612 766 1678 adhane
776 1612 1007 1694 perfectionem
1028 1618 1096 1674 tota
1113 1610 1182 1673 vita
1199 1610 1366 1692 aspiraret
1420 1618 1539 1673 vontus
1567 1608 1777 1674 ecclesiastici
1802 1610 1896 1675 nobis
1921 1612 1984 1676 Dei
2010 1612 2109 1679 verbo
2137 1618 2395 1700 praecipiuntur,

485 1703 535 1763 31.
580 1696 617 1763 Si
646 1699 720 1780 quis
752 1698 837 1763 hanc
865 1697 994 1761 numeri
1016 1695 1275 1760 observationem
1308 1717 1368 1760 ceu
1421 1701 1455 1758 et
1486 1714 1600 1758 eorum
1629 1696 1819 1774 necessitas,
1851 1697 1922 1779 ipsa
1949 1698 2036 1763 vitae
2067 1701 2284 1783 experientia,
2318 1714 2396 1770 nota

397 1786 498 1853 nimis
530 1792 680 1867 argutam
711 1782 871 1862 fastidiat,
908 1781 992 1845 nihil
1022 1780 1163 1863 impedio
1195 1781 1368 1863 quominus
1421 1781 1501 1843 satis
1523 1788 1580 1844 est
1625 1780 1699 1844 Nisi
1720 1782 1796 1845 stati
1819 1783 1900 1860 sint,
1923 1792 1957 1846 et
1977 1804 2053 1848 suos
2076 1785 2218 1851 habeant
2238 1793 2397 1855 constitu-

397 1871 577 1954 -plicius
607 1870 758 1952 accipiat:
795 1867 976 1932 Dominum
1006 1876 1131 1932 certum
1164 1865 1251 1930 diem
1282 1865 1369 1930 ordi·
1420 1871 1472 1930 tos
1494 1863 1572 1943 dies,
1596 1866 1757 1947 quomodo
1779 1867 1892 1933 haberi
1910 1869 2067 1950 possunt?
2103 1869 2225 1937 Omnia
2242 1873 2395 1942 decenter

397 1978 509 2036 nasse,
536 1976 601 2038 quo
627 1955 669 2019 ad
689 1953 910 2020 meditandam
938 1952 1114 2035 spiritualis
1143 1952 1261 2034 quietis
1288 1953 1368 2016 assi-
1420 1960 1453 2014 et
1474 1950 1588 2014 ordine
1610 1951 1753 2033 gerenda
1778 1952 1865 2017 inter
1894 1974 1952 2018 nos
1980 1964 2059 2019 sunt
2088 1977 2128 2021 ex
2156 1960 2293 2040 apostoli
2319 1984 2395 2026 sen-

399 2042 555 2107 duitatem
577 2041 717 2125 populus
744 2040 805 2106 sub
827 2039 909 2123 legis
929 2037 1129 2121 paedagogia
1151 2044 1366 2103 exerceretur.
1420 2036 1524 2100 tentia
1542 2037 1574 2121 (l
1596 2035 1671 2100 Gor.
1694 2041 1743 2115 14,
1762 2037 1827 2135 40).
1862 2039 2004 2103 'l'antum
2026 2062 2104 2105 vero
2126 2043 2218 2108 abest
2239 2046 2319 2127 quin
2338 2047 2394 2112 de-

398 2126 582 2211 Septimum
605 2129 804 2210 assignasse,
826 2125 878 2190 vel
901 2125 977 2207 quia
998 2124 1147 2188 sufficere
1168 2123 1366 2205 providebat,
1420 2141 1534 2185 corum
1556 2128 1590 2185 et
1606 2122 1694 2200 ordo,
1718 2123 1780 2187 uisi
1802 2131 1866 2187 ista
1883 2125 1998 2208 politia
2015 2135 2048 2189 et
2065 2126 2294 2210 moderatione,
2318 2154 2394 2198 con-

398 2214 451 2279 vel
484 2224 521 2277 ut
551 2213 715 2295 proposita
745 2211 886 2294 exempli
913 2211 964 2276 sui
991 2208 1218 2287 similitudine,
1251 2209 1368 2272 melius
1419 2207 1544 2271 servari
1564 2207 1675 2289 possit,
1698 2216 1735 2272 ut
1751 2211 2018 2292 praesentissima
2038 2212 2223 2296 impendeat
2240 2217 2394 2285 ecelesiae

397 2299 553 2383 populum
574 2297 807 2374 exstimularet,
829 2297 882 2361 vel
902 2306 989 2362 certe
1006 2293 1195 2358 admoneret
1215 2315 1282 2357 non
1305 2293 1368 2358 alio
1417 2292 1620 2374 perturbatio
1642 2301 1676 2356 et
1697 2294 1794 2357 ruina
1815 2295 1842 2360 si
1866 2295 2071 2362 dissolvatur.
2112 2297 2208 2379 Quod
2230 2303 2256 2367 si
2279 2303 2395 2370 eadem

397 2398 543 2469 spectare
569 2382 765 2448 sabbathum
791 2383 855 2447 nisi
882 2391 919 2447 ut
943 2403 1002 2446 suo
1030 2381 1168 2445 creatori
1194 2381 1367 2444 conformis
1416 2378 1510 2442 nobis
1528 2379 1703 2443 necessitas
1720 2379 1887 2459 incumbit,
1901 2382 1995 2447 ouius
2012 2383 2047 2447 in
2065 2384 2248 2451 subsidium
2259 2387 2393 2456 Iudaeis
2512 2428 2517 2435 ·

395 2468 595 2537 redderetur.
624 2469 749 2533 Parum
771 2469 858 2532 enim
879 2469 1028 2531 interest:
1050 2465 1146 2529 modo
1163 2466 1366 2550 mysterium,
1419 2463 1581 2528 Dominus
1614 2464 1809 2529 sabbathum
1841 2468 2067 2547 constituerat,
2107 2491 2205 2535 nemo
2240 2484 2395 2541 causetur

396 2554 485 2639 quod
513 2554 683 2636 praecipue
715 2553 911 2631 delineatur,
949 2559 1095 2629 maneat,
1135 2550 1175 2615 de
1209 2560 1369 2634 perpetua
1418 2548 1503 2613 nihil
1531 2547 1573 2613 ad
1600 2569 1662 2613 nos
1688 2552 1859 2632 pertinere.
1904 2553 2019 2617 Voluit
2039 2554 2127 2620 enim
2148 2556 2395 2639 providentissi-

395 2648 585 2707 uostrorum
606 2659 741 2721 eperum
757 2640 873 2722 quieto.
908 2635 963 2703 Ad
977 2636 1065 2719 quod
1081 2636 1368 2720 contemplandum
1418 2654 1492 2698 mus
1512 2642 1546 2699 et
1566 2633 1869 2784 indulgentissimus
1891 2647 1985 2721 pater
2006 2647 2130 2719 noster,
2152 2650 2297 2721 nostrae,
2326 2667 2395 2712 non

396 2724 578 2791 identidem
597 2725 792 2790 revocabant
812 2724 950 2789 Iudaeos
971 2723 1157 2805 prophetae,
1180 2744 1223 2788 ne
1243 2722 1367 2788 carnali
1418 2720 1529 2785 minus
1546 2741 1646 2803 quam
1682 2720 1871 2800 udeeorum,
1893 2726 2079 2790 necessitati
2097 2729 2291 2811 prospicere
2325 2729 2396 2798 0111·

397 2810 577 2877 cessatione
602 2808 771 2875 dehinetos
791 2831 827 2874 se
845 2816 1007 2894 putarent
1050 2809 1187 2873 Praeter
1211 2807 1367 2893 allegatos
1418 2826 1485 2869 non
1506 2805 1659 2888 quotidie,
1681 2808 1817 2889 inquies,
1839 2810 1945 2890 potius
1962 2813 2183 2893 convenimus,
2206 2822 2245 2878 ut
2265 2817 2312 2880 ita
2333 2818 2395 2882 tol-

397 2896 464 2963 iam
486 2895 573 2960 locos
594 2894 642 2960 sio
660 2895 762 2961 habes
782 2895 870 2978 apud
889 2894 1030 2961 Iesaiam
1047 2893 1113 2979 (58,
1134 2894 1201 2979 13):
1223 2895 1251 2957 si
1273 2915 1367 2960 aver-
1418 2890 1508 2955 latur
1529 2890 1658 2956 dierum
1679 2890 1852 2958 discretio?
1886 2895 2024 2961 Utinam
2043 2896 2126 2962 illud
2147 2898 2278 2981 quidem
2300 2901 2395 2967 dare-

397 2982 478 3047 toris
504 3001 525 3044 a
546 2978 705 3046 sabbatho
730 2981 846 3063 pedem
869 2987 964 3044 tuum
985 2986 1109 3044 utnon
1128 2979 1229 3045 iacias
1250 2980 1368 3047 volun·
1418 2984 1489 3056 tur;
1521 2984 1556 3042 et
1586 2997 1664 3041 sane
1697 2976 1798 3062 digna
1822 2986 1894 3044 erat
1919 2980 2099 3063 spiritualis
2130 2985 2307 3068 sapientia,
2342 2990 2395 3053 cui
2517 2988 2520 2993 '

398 3074 500 3133 tatem
520 3076 612 3131 tuam
634 3067 670 3130 in
691 3064 743 3132 die
764 3076 878 3132 sancto
898 3085 986 3144 meo,
1009 3072 1043 3130 et
1063 3064 1231 3130 vocaveris
1252 3065 1367 3131 sabba-
1419 3061 1562 3144 quotidie
1583 3061 1788 3129 derideretur
1809 3064 1968 3147 particrrla
1989 3066 2098 3149 aliqua
2120 3072 2283 3153 temporis.
2325 3071 2394 3139 Sed

398 3152 494 3217 thum
525 3150 699 3216 delicatum
731 3159 765 3217 et
795 3159 945 3216 sanctum
977 3150 1113 3215 Domini
1149 3148 1296 3235 gloriosi,
1335 3157 1368 3215 et
1419 3147 1448 3211 si
1480 3169 1500 3211 a
1531 3148 1711 3213 multorum
1739 3150 1931 3216 infirmitate
1958 3148 2096 3216 obtineri
2127 3174 2194 3217 uon
2221 3164 2329 3237 potest
2355 3168 2394 3223 ut

398 3236 631 3337 glorificaveris
649 3257 728 3301 eum
748 3236 828 3301 dum
849 3258 915 3301 uon
936 3237 1015 3302 facis
1036 3237 1107 3301 vias
1128 3242 1217 3315 tuas,
1244 3243 1278 3300 et
1300 3258 1368 3301 non
1419 3233 1599 3315 quotidiani
1620 3242 1800 3300 conventus
1821 3244 1971 3320 agantur,
1994 3245 2027 3302 et
2047 3239 2191 3304 caritatis
2213 3243 2296 3305 ratio
2316 3244 2393 3324 plus

397 3324 565 3388 mvenitur
586 3322 736 3387 voluntas
757 3330 815 3386 tua
842 3330 879 3386 ut
898 3322 1041 3405 loquaris
1062 3342 1260 3402 sermonem,
1288 3328 1368 3388 tunc
1420 3316 1461 3382 ab
1493 3318 1558 3385 illis
1585 3321 1717 3404 exigere
1744 3342 1809 3386 non
1837 3323 2013 3404 permittit,
2042 3345 2101 3388 eur
2127 3346 2193 3389 nou
2220 3348 2392 3408 pareamus

399 3408 609 3474 delectaberis
636 3428 734 3490 super
754 3408 896 3472 Domino
919 3416 979 3473 ete.
1023 3407 1199 3473 (laetorum
1219 3428 1285 3471 non
1307 3407 1368 3472 du·
1419 3404 1556 3483 rationi,
1580 3426 1677 3488 quam
1698 3406 1792 3472 nobis
1814 3407 1962 3474 videmus
1982 3409 2047 3474 Dei
2069 3409 2237 3476 voluntate
2259 3414 2391 3496 imposi-

398 3493 489 3559 bium
509 3495 589 3577 quin
609 3494 745 3558 Domini
766 3491 891 3558 Christi
913 3492 1070 3571 adventu,
1098 3491 1184 3575 quod
1205 3513 1368 3558 caeremo·
1418 3489 1507 3554 tam?

398 3579 486 3644 niale
513 3580 567 3644 hic
588 3586 674 3657 erat,
703 3578 858 3644 abolitum
884 3579 990 3643 luerit
1035 3578 1111 3662 Ipse
1137 3578 1226 3642 euim
1246 3580 1368 3644 veritas
1506 3579 1555 3640 33.
1599 3576 1705 3641 Paulo
1731 3576 1785 3641 hio
1806 3598 1905 3662 cogor
1925 3601 1996 3644 esso
2018 3580 2159 3663 longior,
2187 3581 2273 3664 quod
2294 3583 2390 3650 hodie

398 3674 462 3744 est,
501 3664 594 3731 cuius
629 3664 814 3747 praeseutia
843 3666 970 3748 figurae
1007 3684 1121 3728 onmes
1152 3671 1351 3729 evanescunt
1358 3689 1367 3744 ;
1419 3661 1460 3725 ob
1483 3660 1569 3726 diem
1591 3661 1789 3727 dominicum
1811 3664 2056 3729 tumultuantur
2079 3667 2229 3731 nonnulli
2251 3668 2391 3751 inquieti

398 3770 531 3834 eorpus,
563 3751 654 3815 cuius
680 3759 813 3833 aspectu
838 3750 973 3815 umbrae
1000 3750 1237 3833 relinquuntur.
1281 3749 1366 3834 Ipse,
1419 3746 1563 3837 spiritus.
1600 3748 1736 3813 Plebem
1757 3748 1970 3813 christianam
1992 3750 2191 3833 quiritantur
2211 3754 2246 3817 in
2269 3753 2390 3820 iudais-

397 3836 542 3919 inquam,
565 3857 681 3901 verum
702 3835 853 3901 sabbathi
874 3835 1155 3920 complementum.
1199 3835 1266 3900 Per
1287 3835 1367 3920 bap-
1418 3852 1472 3896 mo
1494 3833 1611 3911 foveri,
1639 3833 1717 3915 quia
1738 3834 1858 3897 retinet
1877 3835 2021 3917 aliquam
2042 3835 2171 3901 dierum
2192 3839 2391 3906 observatio·

398 3923 533 3986 tismum
564 3921 612 3984 illi
638 3920 830 4003 consepulti,
863 3921 900 3984 in
927 3921 1126 3986 consortium
1152 3923 1266 3986 mortis
1298 3923 1368 3987 eius
1418 3939 1503 3982 nem
1547 3920 1620 4003 Ego
1641 3926 1752 3982 autem
1772 3919 1965 4001 respondeo,
1995 3922 2076 3986 eitra
2102 3921 2301 3989 iudaismum
2322 3926 2392 3994 dies

397 4007 490 4073 insiti
511 4028 632 4085 sumus,
653 4014 692 4071 ut
713 4008 958 4072 resurrectionis
980 4007 1153 4090 participes
1173 4008 1209 4071 in
1225 4008 1368 4073 novitate
1418 4003 1499 4068 istos
1521 4025 1541 4068 a
1561 4004 1654 4069 nobis
1676 4004 1856 4083 observari;
1885 4007 1961 4087 quia
1982 4007 2081 4090 longo
2102 4008 2275 4075 intervallo
2297 4010 2391 4077 diffe-

397 4093 488 4159 vitae
526 4092 729 4157 ambulemus
760 4091 868 4177 (Rom.
894 4095 930 4170 6,
955 4094 1000 4174 4).
1055 4092 1134 4156 Ideo
1172 4091 1368 4157 sabbathum
1419 4089 1522 4153 rimus
1542 4091 1578 4153 in
1599 4089 1661 4153 hac
1680 4097 1773 4170 parto
1792 4111 1813 4154 a
1834 4090 1974 4157 Iudaeis.
2018 4093 2093 4157 Non
2116 4095 2204 4158 enim
2224 4103 2262 4159 ut
2282 4118 2390 4162 caere-

397 4177 550 4243 umbram
581 4178 681 4242 fuisse
713 4177 761 4241 rei
791 4177 921 4241 futruae
954 4177 1030 4242 alibi
1062 4176 1175 4241 scribit
1202 4177 1368 4259 apostolus
1419 4175 1563 4238 moniam
1584 4175 1766 4240 arctissima
1784 4175 1941 4260 religione
1962 4178 2178 4258 celebramus,
2205 4200 2270 4262 qua
2295 4190 2391 4264 pute-

398 4261 541 4350 (cota,
562 4268 600 4327 16
623 4271 657 4327 et
681 4264 748 4347 17);
777 4283 892 4344 corpus
919 4269 1047 4327 exstare
1074 4263 1109 4326 in
1131 4259 1278 4341 Christo,
1307 4263 1368 4330 hoc
1420 4280 1493 4324 mus
1522 4261 1715 4343 mysterium
1737 4261 1906 4344 spirituale
1930 4264 2082 4347 figuram
2111 4263 2168 4329 sed
2195 4266 2390 4347 suscipimus
2491 4332 2497 4346 ,

399 4360 463 4428 est,
496 4348 634 4413 solidam
661 4347 808 4413 veritatis
837 4347 1067 4426 substantiam,
1101 4368 1199 4429 quam
1221 4347 1278 4411 illo
1299 4348 1368 4414 loco
1420 4354 1457 4410 ut
1482 4345 1665 4410 remedium
1692 4347 1860 4412 retinendo
1887 4349 1924 4413 in
1951 4349 2087 4415 ecelesia
2113 4348 2221 4412 ordini
2241 4371 2389 4414 neeessa-

398 4434 481 4501 beuo
502 4434 686 4517 explicavit
730 4435 782 4498 Ea
803 4455 868 4497 non
891 4454 956 4497 uno
977 4432 1030 4497 die
1051 4441 1203 4497 contenta
1223 4442 1287 4510 est,
1311 4434 1368 4499 sed
1420 4432 1515 4495 rium.
1563 4432 1666 4514 Atqui
1690 4432 1816 4498 Paulus
1843 4433 1936 4499 docet
1962 4433 2046 4518 (001.
2067 4439 2102 4510 2,
2129 4433 2197 4514 16),
2225 4453 2292 4496 non
2318 4455 2390 4500 esse

399 4528 468 4585 toto
487 4522 576 4585 vitae
597 4527 728 4584 nocuae
749 4540 860 4598 cursu;
886 4518 987 4584 donec
1007 4519 1139 4603 penitus
1161 4519 1369 4602 nobismetip-
1419 4517 1456 4581 in
1488 4518 1558 4583 eius
1589 4517 1814 4584 observatione
1845 4519 2035 4584 iudicandos
2061 4518 2279 4594 Christianos;
2312 4519 2389 4601 quia

399 4607 446 4671 sis
463 4605 586 4670 mortui
603 4605 668 4669 Dei
689 4605 758 4670 vita
777 4604 979 4687 impleamur.
1020 4606 1051 4668 A
1072 4602 1270 4669 Christianis
1291 4627 1369 4690 ergo
1420 4604 1463 4668 sit
1484 4603 1602 4668 umbra
1622 4604 1671 4668 rei
1691 4604 1828 4669 futurae.
1868 4603 1948 4670 Ideo
1969 4607 2063 4668 timet
2081 4623 2123 4666 ue
2143 4602 2229 4664 iuter
2250 4601 2390 4671 Galatas

398 4691 512 4757 abesse
534 4691 630 4755 debet
650 4690 874 4773 superstitiosa
895 4690 1023 4755 dierum
1043 4689 1234 4755 observatio.
1418 4689 1542 4753 frustra
1562 4688 1726 4767 laborarit,
1748 4688 1834 4771 quod
1855 4688 1962 4754 adhuc
1979 4689 2047 4753 dies
2068 4686 2280 4750 observarent
2297 4688 2389 4773 (Gal.

486 4781 537 4840 32.
569 4777 747 4841 Enimvero
769 4778 920 4859 quoniam
942 4775 1025 4841 duae
1041 4775 1234 4858 posteriores
1251 4798 1368 4842 causae
1419 4775 1609 4860 4,10.11).
1653 4775 1699 4839 Ει
1720 4774 1762 4839 ad
1785 4776 1951 4839 Romarms
1973 4774 2044 4854 (14,
2065 4771 2099 4853 5)
2121 4772 2247 4852 asserit,
2274 4795 2399 4859 super·¹

396 4863 566 4928 veteribus
584 4861 708 4926 umbris
725 4863 934 4927 annumerari
950 4883 1016 4927 non
1033 4860 1162 4940 debent,
1185 4860 1279 4946 sed¹)
1296 4883 1367 4927 sae·
1418 4859 1582 4924 stitiosum
1610 4880 1681 4924 esse
1709 4861 1737 4922 si
1763 4861 1835 4942 quis
1862 4858 1985 4923 iudicat
2011 4858 2098 4919 inter
2124 4855 2210 4921 diem
2237 4866 2271 4922 et
2292 4858 2388 4927 diem

395 4948 482 5015 onlis
503 4947 655 5013 omnibus
677 4968 837 5030 peraeque
867 4949 1077 5024 conveniunt,
1111 4947 1265 5030 abrogato
1293 4948 1367 5014 sab-
1418 4946 1466 5010 At
1487 4945 1568 5027 quis,
1590 4954 1719 5027 praeter
1741 4945 1818 5008 istos
1840 4943 2000 5008 duntaxat
2019 4940 2165 5019 furiosos,
2190 4964 2258 5008 non
2278 4946 2391 5012 videat

395 5032 509 5109 hatho,
526 5033 690 5098 internos
707 5043 818 5096 temen
835 5035 1013 5098 etiamnum
1031 5032 1140 5098 locum
1156 5033 1244 5098 istud
1257 5035 1365 5113 hahet,
1419 5030 1459 5096 de
1481 5051 1546 5113 qua
1566 5028 1791 5095 observatione
1808 5027 1970 5110 intelligat
1988 5026 2173 5108 apostolus?
2207 5029 2283 5095 Non
2300 5033 2389 5098 enim

395 5126 436 5183 ιιι
457 5120 552 5218 statis
573 5118 686 5217 diebus
710 5116 751 5181 ad
773 5118 970 5216 audiendum
991 5118 1141 5215 verbum,
1168 5119 1210 5183 sd
1237 5121 1366 5219 mystici
1418 5119 1454 5182 in
1476 5118 1575 5216 finem
1596 5117 1696 5201 istum
1703 5113 1886 5263 dpoliticum
1908 5122 1942 5175 et
1963 5112 2217 5213 ecclesiasticum
2239 5116 2390 5217 ordinem
2471 5150 2479 5169 ·

394 5201 935 5369 tdcttttttttlltt
946 5211 1368 5357 ttttssttltttt
1418 5202 2389 5361 „tibhtitututtttttttttttttttt

393 5376 520 5443 missio.
564 5375 746 5457 Utramque
778 5373 814 5436 in
846 5371 995 5437 sabbathi
1019 5375 1244 5455 praeceptione
1270 5397 1368 5441 curae
1419 5375 1557 5461 gloriam
1585 5379 1619 5434 et
1641 5367 1803 5452 evangelii
1823 5368 1939 5434 lucem.
1983 5370 2016 5435 A
2036 5373 2215 5436 manuariis
2236 5371 2388 5452 operibus

1193 5476 1198 5483 ·
1418 5481 1486 5524 non
1506 5455 1578 5521 ideo
1598 5453 1798 5518 feriabantur
1818 5455 1905 5537 quod
1926 5462 2035 5522 essent
2054 5477 2076 5520 a
2095 5458 2195 5521 sacris
2216 5454 2331 5520 studiis
2354 5462 2390 5521 et

1419 5539 1683 5609 meditationibus
1713 5548 1937 5621 avocamenta;
1969 5541 2026 5607 sed
2053 5540 2210 5624 religione
2235 5539 2387 5622 quadam,

472 5647 501 5717 1)
520 5648 594 5703 Ede.
610 5651 718 5703 recena
735 5647 832 5700 aaut:
849 5643 897 5697 scd
914 5640 1119 5711 (leot-leot).
1418 5626 1505 5712 quod
1523 5621 1668 5688 leriando
1685 5626 1840 5708 mysteria
1855 5626 1934 5691 olim
1952 5625 2178 5693 commendata
2193 5625 2335 5691 recolere
2352 5648 2388 5693 se

509 5732 619 5789 Calvisi
632 5748 717 5801 opera
755 5731 812 5788 Vol.
830 5728 874 5784 ll.
2150 5724 2183 5779 19
