<?xml version="1.0" encoding="UTF-8"?>
<!DOCTYPE html PUBLIC "-//W3C//DTD XHTML 1.0 Transitional//EN"
    "http://www.w3.org/TR/xhtml1/DTD/xhtml1-transitional.dtd">
<html xmlns="http://www.w3.org/1999/xhtml" xml:lang="en" lang="en">
 <head>
  <title>
</title>
<meta http-equiv="Content-Type" content="text/html;charset=utf-8" />
  <meta name='ocr-system' content='tesseract 3.04.00' />
  <meta name='ocr-capabilities' content='ocr_page ocr_carea ocr_par ocr_line ocrx_word'/>
</head>
<body>
  <div class='ocr_page' id='page_1' title='image "./ioanniscalvinio10calvgoog_0206.png"; bbox 0 0 5600 6809; ppageno 0'>
   <div class='ocr_carea' id='block_1_1' title="bbox 429 754 2444 827">
    <p class='ocr_par' dir='ltr' id='par_1_1' title="bbox 429 754 2444 827">
     <span class='ocr_line' id='line_1_1' title="bbox 429 754 2444 827; baseline 0.003 -6"><span class='ocrx_word' id='word_1_1' title='bbox 429 763 491 822; x_wconf 27' lang='lat'>4⁷13</span> <span class='ocrx_word' id='word_1_2' title='bbox 1077 756 1343 825; x_wconf 70' lang='lat' dir='ltr'>INSTITU&#39;PIO</span> <span class='ocrx_word' id='word_1_3' title='bbox 1365 756 1471 822; x_wconf 81' lang='lat' dir='ltr'><strong>REL.</strong></span> <span class='ocrx_word' id='word_1_4' title='bbox 1495 754 1676 822; x_wconf 78' lang='lat' dir='ltr'>CHRIS&#39;P.</span> <span class='ocrx_word' id='word_1_5' title='bbox 1702 760 1794 822; x_wconf 89' lang='grc'><strong>1559.</strong></span> <span class='ocrx_word' id='word_1_6' title='bbox 2378 765 2444 827; x_wconf 78' lang='grc'>414</span> 
     </span>
    </p>
   </div>
   <div class='ocr_carea' id='block_1_2' title="bbox 358 943 2515 4634">
    <p class='ocr_par' dir='ltr' id='par_1_2' title="bbox 427 943 2441 1718">
     <span class='ocr_line' id='line_1_2' title="bbox 429 943 2440 1030; baseline 0 -17"><span class='ocrx_word' id='word_1_7' title='bbox 429 948 486 1014; x_wconf 92' lang='lat' dir='ltr'>sed</span> <span class='ocrx_word' id='word_1_8' title='bbox 508 948 585 1030; x_wconf 89' lang='lat' dir='ltr'>quia</span> <span class='ocrx_word' id='word_1_9' title='bbox 606 946 827 1026; x_wconf 84' lang='lat' dir='ltr'>inordinatae;</span> <span class='ocrx_word' id='word_1_10' title='bbox 856 943 1061 1011; x_wconf 88' lang='lat' dir='ltr'>inordinatas</span> <span class='ocrx_word' id='word_1_11' title='bbox 1084 954 1193 1010; x_wconf 86' lang='lat' dir='ltr'>autem</span> <span class='ocrx_word' id='word_1_12' title='bbox 1216 967 1302 1023; x_wconf 88' lang='lat' dir='ltr'>esse,</span> <span class='ocrx_word' id='word_1_13' title='bbox 1333 945 1410 1027; x_wconf 90' lang='lat' dir='ltr'>quia</span> <span class='ocrx_word' id='word_1_14' title='bbox 1462 945 1588 1008; x_wconf 83' lang='lat' dir='ltr'>centias</span> <span class='ocrx_word' id='word_1_15' title='bbox 1610 946 1778 1010; x_wconf 90' lang='lat' dir='ltr'>restitutos</span> <span class='ocrx_word' id='word_1_16' title='bbox 1800 946 1865 1010; x_wconf 92' lang='lat' dir='ltr'>Dei</span> <span class='ocrx_word' id='word_1_17' title='bbox 1886 945 1980 1024; x_wconf 89' lang='lat' dir='ltr'>filios,</span> <span class='ocrx_word' id='word_1_18' title='bbox 2005 947 2070 1010; x_wconf 93' lang='lat' dir='ltr'>iam</span> <span class='ocrx_word' id='word_1_19' title='bbox 2092 969 2159 1011; x_wconf 89' lang='lat' dir='ltr'>non</span> <span class='ocrx_word' id='word_1_20' title='bbox 2180 953 2331 1029; x_wconf 88' lang='lat' dir='ltr'>oportere</span> <span class='ocrx_word' id='word_1_21' title='bbox 2350 950 2440 1014; x_wconf 92' lang='lat' dir='ltr'>solli-</span> 
     </span>
     <span class='ocr_line' id='line_1_3' title="bbox 429 1030 2440 1118; baseline 0 -18"><span class='ocrx_word' id='word_1_22' title='bbox 429 1056 471 1100; x_wconf 82' lang='lat' dir='ltr'>ex</span> <span class='ocrx_word' id='word_1_23' title='bbox 493 1042 613 1098; x_wconf 90' lang='lat' dir='ltr'>natura</span> <span class='ocrx_word' id='word_1_24' title='bbox 634 1042 787 1116; x_wconf 87' lang='lat' dir='ltr'>corrupta</span> <span class='ocrx_word' id='word_1_25' title='bbox 808 1040 842 1096; x_wconf 90' lang='lat' dir='ltr'>et</span> <span class='ocrx_word' id='word_1_26' title='bbox 862 1031 988 1115; x_wconf 88' lang='lat' dir='ltr'>polluta</span> <span class='ocrx_word' id='word_1_27' title='bbox 1009 1031 1092 1096; x_wconf 89' lang='lat' dir='ltr'>nihil</span> <span class='ocrx_word' id='word_1_28' title='bbox 1114 1032 1188 1114; x_wconf 93' lang='lat' dir='ltr'>puri</span> <span class='ocrx_word' id='word_1_29' title='bbox 1213 1052 1274 1096; x_wconf 92' lang='lat' dir='ltr'>nec</span> <span class='ocrx_word' id='word_1_30' title='bbox 1291 1031 1410 1095; x_wconf 77' lang='lat' dir='ltr'>sinceri</span> <span class='ocrx_word' id='word_1_31' title='bbox 1462 1030 1543 1093; x_wconf 92' lang='lat' dir='ltr'>citos</span> <span class='ocrx_word' id='word_1_32' title='bbox 1572 1030 1711 1096; x_wconf 86' lang='lat' dir='ltr'>essedo</span> <span class='ocrx_word' id='word_1_33' title='bbox 1735 1030 1869 1097; x_wconf 85' lang='lat' dir='ltr'>libidine</span> <span class='ocrx_word' id='word_1_34' title='bbox 1891 1032 2001 1096; x_wconf 88' lang='lat' dir='ltr'>carnis</span> <span class='ocrx_word' id='word_1_35' title='bbox 2022 1032 2252 1112; x_wconf 87' lang='lat' dir='ltr'>refraenanda;</span> <span class='ocrx_word' id='word_1_36' title='bbox 2287 1034 2440 1118; x_wconf 86' lang='lat' dir='ltr'>spiritum</span> 
     </span>
     <span class='ocr_line' id='line_1_4' title="bbox 429 1114 2441 1205; baseline 0.001 -21"><span class='ocrx_word' id='word_1_37' title='bbox 429 1118 560 1205; x_wconf 86' lang='lat' dir='ltr'>prodire</span> <span class='ocrx_word' id='word_1_38' title='bbox 578 1126 692 1203; x_wconf 87' lang='lat' dir='ltr'>potest.</span> <span class='ocrx_word' id='word_1_39' title='bbox 726 1119 839 1200; x_wconf 86' lang='lat' dir='ltr'>Neque</span> <span class='ocrx_word' id='word_1_40' title='bbox 862 1139 939 1183; x_wconf 89' lang='lat' dir='ltr'>vero</span> <span class='ocrx_word' id='word_1_41' title='bbox 962 1118 1002 1182; x_wconf 88' lang='lat' dir='ltr'>ab</span> <span class='ocrx_word' id='word_1_42' title='bbox 1027 1118 1090 1182; x_wconf 92' lang='lat' dir='ltr'>hac</span> <span class='ocrx_word' id='word_1_43' title='bbox 1112 1116 1261 1182; x_wconf 83' lang='lat' dir='ltr'>doctrina</span> <span class='ocrx_word' id='word_1_44' title='bbox 1278 1124 1409 1180; x_wconf 89' lang='lat' dir='ltr'>tantum</span> <span class='ocrx_word' id='word_1_45' title='bbox 1462 1114 1577 1180; x_wconf 90' lang='lat' dir='ltr'>ducem</span> <span class='ocrx_word' id='word_1_46' title='bbox 1600 1115 1803 1199; x_wconf 92' lang='lat' dir='ltr'>sequendum</span> <span class='ocrx_word' id='word_1_47' title='bbox 1825 1138 1904 1196; x_wconf 90' lang='lat' dir='ltr'>esse,</span> <span class='ocrx_word' id='word_1_48' title='bbox 1928 1118 1988 1182; x_wconf 90' lang='lat' dir='ltr'>sub</span> <span class='ocrx_word' id='word_1_49' title='bbox 2010 1119 2104 1184; x_wconf 90' lang='lat' dir='ltr'>cuius</span> <span class='ocrx_word' id='word_1_50' title='bbox 2127 1121 2252 1184; x_wconf 84' lang='lat' dir='ltr'>actione</span> <span class='ocrx_word' id='word_1_51' title='bbox 2271 1141 2441 1201; x_wconf 89' lang='lat' dir='ltr'>nunquam</span> 
     </span>
     <span class='ocr_line' id='line_1_5' title="bbox 429 1200 2440 1287; baseline 0.001 -16"><span class='ocrx_word' id='word_1_52' title='bbox 429 1206 567 1272; x_wconf 80' lang='lat' dir='ltr'>discedit</span> <span class='ocrx_word' id='word_1_53' title='bbox 594 1206 800 1287; x_wconf 74' lang='lat' dir='ltr'>Augustinus</span> <span class='ocrx_word' id='word_1_54' title='bbox 832 1213 993 1286; x_wconf 89' lang='lat' dir='ltr'>quantum</span> <span class='ocrx_word' id='word_1_55' title='bbox 1025 1204 1061 1267; x_wconf 91' lang='lat' dir='ltr'>in</span> <span class='ocrx_word' id='word_1_56' title='bbox 1093 1203 1232 1285; x_wconf 90' lang='lat' dir='ltr'>speciem</span> <span class='ocrx_word' id='word_1_57' title='bbox 1261 1208 1407 1285; x_wconf 87' lang='lat' dir='ltr'>apparet.</span> <span class='ocrx_word' id='word_1_58' title='bbox 1462 1200 1641 1266; x_wconf 73' lang='lat' dir='ltr'>aberratur,</span> <span class='ocrx_word' id='word_1_59' title='bbox 1674 1202 1870 1267; x_wconf 77' lang='lat' dir='ltr'>Incredibile</span> <span class='ocrx_word' id='word_1_60' title='bbox 1890 1213 1977 1269; x_wconf 89' lang='lat' dir='ltr'>esset</span> <span class='ocrx_word' id='word_1_61' title='bbox 1997 1204 2138 1270; x_wconf 91' lang='lat' dir='ltr'>hominis</span> <span class='ocrx_word' id='word_1_62' title='bbox 2160 1213 2305 1270; x_wconf 83' lang='lat' dir='ltr'>mentem</span> <span class='ocrx_word' id='word_1_63' title='bbox 2323 1226 2361 1270; x_wconf 92' lang='lat' dir='ltr'>eo</span> <span class='ocrx_word' id='word_1_64' title='bbox 2383 1230 2440 1273; x_wconf 87' lang='lat' dir='ltr'>ve-</span> 
     </span>
     <span class='ocr_line' id='line_1_6' title="bbox 429 1287 2439 1372; baseline 0.001 -16"><span class='ocrx_word' id='word_1_65' title='bbox 429 1291 521 1356; x_wconf 91' lang='lat' dir='ltr'>Dum</span> <span class='ocrx_word' id='word_1_66' title='bbox 542 1289 700 1355; x_wconf 87' lang='lat' dir='ltr'>invidiam</span> <span class='ocrx_word' id='word_1_67' title='bbox 719 1290 793 1372; x_wconf 89' lang='lat' dir='ltr'>plus</span> <span class='ocrx_word' id='word_1_68' title='bbox 815 1310 917 1370; x_wconf 89' lang='lat' dir='ltr'>aequo</span> <span class='ocrx_word' id='word_1_69' title='bbox 935 1289 1134 1366; x_wconf 87' lang='lat' dir='ltr'>reformidat,</span> <span class='ocrx_word' id='word_1_70' title='bbox 1157 1309 1220 1370; x_wconf 88' lang='lat' dir='ltr'>qua</span> <span class='ocrx_word' id='word_1_71' title='bbox 1239 1310 1312 1352; x_wconf 93' lang='lat' dir='ltr'>eum</span> <span class='ocrx_word' id='word_1_72' title='bbox 1332 1308 1408 1369; x_wconf 87' lang='lat' dir='ltr'>gra-</span> <span class='ocrx_word' id='word_1_73' title='bbox 1461 1288 1572 1351; x_wconf 88' lang='lat' dir='ltr'>saniae</span> <span class='ocrx_word' id='word_1_74' title='bbox 1604 1287 1744 1368; x_wconf 81' lang='lat' dir='ltr'>prolabi,</span> <span class='ocrx_word' id='word_1_75' title='bbox 1778 1289 1843 1353; x_wconf 90' lang='lat' dir='ltr'>nisi</span> <span class='ocrx_word' id='word_1_76' title='bbox 1874 1290 1983 1371; x_wconf 91' lang='lat' dir='ltr'>palam</span> <span class='ocrx_word' id='word_1_77' title='bbox 2016 1299 2049 1354; x_wconf 91' lang='lat' dir='ltr'>et</span> <span class='ocrx_word' id='word_1_78' title='bbox 2079 1292 2223 1356; x_wconf 77' lang='lat' dir='ltr'>fastuose</span> <span class='ocrx_word' id='word_1_79' title='bbox 2249 1313 2348 1356; x_wconf 90' lang='lat' dir='ltr'>suum</span> <span class='ocrx_word' id='word_1_80' title='bbox 2376 1293 2439 1359; x_wconf 92' lang='lat' dir='ltr'>hoe</span> 
     </span>
     <span class='ocr_line' id='line_1_7' title="bbox 428 1371 2439 1459; baseline -0.001 -14"><span class='ocrx_word' id='word_1_81' title='bbox 428 1400 507 1445; x_wconf 89' lang='lat' dir='ltr'>vare</span> <span class='ocrx_word' id='word_1_82' title='bbox 525 1375 700 1441; x_wconf 88' lang='lat' dir='ltr'>studebant</span> <span class='ocrx_word' id='word_1_83' title='bbox 710 1376 889 1458; x_wconf 86' lang='lat' dir='ltr'>Pelagiani,</span> <span class='ocrx_word' id='word_1_84' title='bbox 913 1374 1074 1456; x_wconf 89' lang='lat' dir='ltr'>apeceati</span> <span class='ocrx_word' id='word_1_85' title='bbox 1092 1376 1223 1438; x_wconf 89' lang='lat' dir='ltr'>nomine</span> <span class='ocrx_word' id='word_1_86' title='bbox 1242 1372 1408 1437; x_wconf 90' lang='lat' dir='ltr'>interdum</span> <span class='ocrx_word' id='word_1_87' title='bbox 1461 1371 1580 1455; x_wconf 90' lang='lat' dir='ltr'>dogma</span> <span class='ocrx_word' id='word_1_88' title='bbox 1592 1372 1842 1438; x_wconf 86' lang='lat' dir='ltr'>deblaterarent.</span> <span class='ocrx_word' id='word_1_89' title='bbox 1879 1375 2110 1458; x_wconf 88' lang='lat' dir='ltr'>Prodigiosum</span> <span class='ocrx_word' id='word_1_90' title='bbox 2124 1384 2211 1441; x_wconf 90' lang='lat' dir='ltr'>certe</span> <span class='ocrx_word' id='word_1_91' title='bbox 2226 1377 2357 1459; x_wconf 92' lang='lat' dir='ltr'>quidem</span> <span class='ocrx_word' id='word_1_92' title='bbox 2373 1387 2439 1459; x_wconf 83' lang='lat' dir='ltr'>eet3</span> 
     </span>
     <span class='ocr_line' id='line_1_8' title="bbox 428 1458 2438 1547; baseline 0 -19"><span class='ocrx_word' id='word_1_93' title='bbox 428 1465 583 1543; x_wconf 88' lang='lat' dir='ltr'>abstinet;</span> <span class='ocrx_word' id='word_1_94' title='bbox 616 1484 718 1544; x_wconf 92' lang='lat' dir='ltr'>quum</span> <span class='ocrx_word' id='word_1_95' title='bbox 747 1468 855 1525; x_wconf 88' lang='lat' dir='ltr'>tamen</span> <span class='ocrx_word' id='word_1_96' title='bbox 886 1460 1012 1536; x_wconf 86' lang='lat' dir='ltr'>scribit,</span> <span class='ocrx_word' id='word_1_97' title='bbox 1040 1471 1194 1524; x_wconf 90' lang='lat' dir='ltr'>manente</span> <span class='ocrx_word' id='word_1_98' title='bbox 1221 1461 1257 1523; x_wconf 93' lang='lat' dir='ltr'>in</span> <span class='ocrx_word' id='word_1_99' title='bbox 1286 1459 1407 1523; x_wconf 87' lang='lat' dir='ltr'>sanctis</span> <span class='ocrx_word' id='word_1_100' title='bbox 1460 1458 1518 1522; x_wconf 91' lang='lat' dir='ltr'>sed</span> <span class='ocrx_word' id='word_1_101' title='bbox 1548 1459 1629 1523; x_wconf 91' lang='lat' dir='ltr'>tales</span> <span class='ocrx_word' id='word_1_102' title='bbox 1657 1460 1833 1543; x_wconf 80' lang='lat' dir='ltr'>sacrilegae</span> <span class='ocrx_word' id='word_1_103' title='bbox 1859 1460 2013 1526; x_wconf 89' lang='lat' dir='ltr'>audaciae</span> <span class='ocrx_word' id='word_1_104' title='bbox 2038 1483 2161 1543; x_wconf 91' lang='lat' dir='ltr'>poenas</span> <span class='ocrx_word' id='word_1_105' title='bbox 2184 1462 2275 1527; x_wconf 90' lang='lat' dir='ltr'>luere</span> <span class='ocrx_word' id='word_1_106' title='bbox 2297 1485 2438 1547; x_wconf 91' lang='lat' dir='ltr'>aequum</span> 
     </span>
     <span class='ocr_line' id='line_1_9' title="bbox 427 1543 2438 1633; baseline 0 -19"><span class='ocrx_word' id='word_1_107' title='bbox 427 1550 551 1633; x_wconf 91' lang='lat' dir='ltr'>peccati</span> <span class='ocrx_word' id='word_1_108' title='bbox 573 1550 654 1631; x_wconf 90' lang='lat' dir='ltr'>lege,</span> <span class='ocrx_word' id='word_1_109' title='bbox 678 1548 750 1611; x_wconf 89' lang='lat' dir='ltr'>tolli</span> <span class='ocrx_word' id='word_1_110' title='bbox 772 1547 937 1611; x_wconf 79' lang='lat' dir='ltr'>duntaxat</span> <span class='ocrx_word' id='word_1_111' title='bbox 957 1556 1096 1623; x_wconf 91' lang='lat' dir='ltr'>reatum,</span> <span class='ocrx_word' id='word_1_112' title='bbox 1126 1547 1205 1610; x_wconf 90' lang='lat' dir='ltr'>satis</span> <span class='ocrx_word' id='word_1_113' title='bbox 1227 1543 1351 1609; x_wconf 91' lang='lat' dir='ltr'>indicat</span> <span class='ocrx_word' id='word_1_114' title='bbox 1372 1565 1407 1608; x_wconf 93' lang='lat' dir='ltr'>se</span> <span class='ocrx_word' id='word_1_115' title='bbox 1459 1552 1523 1621; x_wconf 90' lang='lat' dir='ltr'>est,</span> <span class='ocrx_word' id='word_1_116' title='bbox 1553 1544 1609 1627; x_wconf 93' lang='lat' dir='ltr'>qui</span> <span class='ocrx_word' id='word_1_117' title='bbox 1639 1546 1808 1611; x_wconf 84' lang='lat' dir='ltr'>veritatem</span> <span class='ocrx_word' id='word_1_118' title='bbox 1832 1547 1896 1610; x_wconf 91' lang='lat' dir='ltr'>Dei</span> <span class='ocrx_word' id='word_1_119' title='bbox 1924 1547 1959 1610; x_wconf 93' lang='lat' dir='ltr'>in</span> <span class='ocrx_word' id='word_1_120' title='bbox 1980 1546 2188 1612; x_wconf 84' lang='lat' dir='ltr'>mendacium</span> <span class='ocrx_word' id='word_1_121' title='bbox 2215 1556 2343 1614; x_wconf 85' lang='lat' dir='ltr'>vertere</span> <span class='ocrx_word' id='word_1_122' title='bbox 2365 1552 2438 1614; x_wconf 90' lang='lat' dir='ltr'>ani-</span> 
     </span>
     <span class='ocr_line' id='line_1_10' title="bbox 427 1631 2438 1718; baseline 0.001 -19"><span class='ocrx_word' id='word_1_123' title='bbox 427 1658 495 1699; x_wconf 92' lang='lat' dir='ltr'>nou</span> <span class='ocrx_word' id='word_1_124' title='bbox 517 1634 598 1700; x_wconf 90' lang='lat' dir='ltr'>adeo</span> <span class='ocrx_word' id='word_1_125' title='bbox 620 1656 640 1697; x_wconf 89' lang='lat' dir='ltr'>a</span> <span class='ocrx_word' id='word_1_126' title='bbox 662 1655 759 1698; x_wconf 87' lang='lat' dir='ltr'>sensu</span> <span class='ocrx_word' id='word_1_127' title='bbox 781 1642 892 1696; x_wconf 91' lang='lat' dir='ltr'>nostro</span> <span class='ocrx_word' id='word_1_128' title='bbox 915 1632 1099 1696; x_wconf 89' lang='lat' dir='ltr'>abhorrere.</span> <span class='ocrx_word' id='word_1_129' title='bbox 1459 1652 1552 1693; x_wconf 91' lang='lat' dir='ltr'>mum</span> <span class='ocrx_word' id='word_1_130' title='bbox 1578 1631 1787 1696; x_wconf 80' lang='lat' dir='ltr'>induxerunt.</span> <span class='ocrx_word' id='word_1_131' title='bbox 1831 1632 1927 1697; x_wconf 75' lang='lat' dir='ltr'>Itane</span> <span class='ocrx_word' id='word_1_132' title='bbox 1960 1631 2104 1697; x_wconf 90' lang='lat' dir='ltr'>delectus</span> <span class='ocrx_word' id='word_1_133' title='bbox 2136 1635 2243 1699; x_wconf 89' lang='lat' dir='ltr'>omnis</span> <span class='ocrx_word' id='word_1_134' title='bbox 2269 1637 2376 1718; x_wconf 90' lang='lat' dir='ltr'>turpis</span> <span class='ocrx_word' id='word_1_135' title='bbox 2404 1644 2438 1702; x_wconf 90' lang='lat' dir='ltr'>et</span> 
     </span>
    </p>

    <p class='ocr_par' dir='ltr' id='par_1_3' title="bbox 358 1715 2515 4634">
     <span class='ocr_line' id='line_1_11' title="bbox 517 1715 2439 1800; baseline 0.001 -17"><span class='ocrx_word' id='word_1_136' title='bbox 517 1725 565 1784; x_wconf 90' lang='grc'>13.</span> <span class='ocrx_word' id='word_1_137' title='bbox 615 1719 803 1783; x_wconf 81' lang='lat' dir='ltr'>Affercmus</span> <span class='ocrx_word' id='word_1_138' title='bbox 835 1718 916 1782; x_wconf 89' lang='lat' dir='ltr'>alias</span> <span class='ocrx_word' id='word_1_139' title='bbox 949 1717 1073 1800; x_wconf 87' lang='lat' dir='ltr'>aliquot</span> <span class='ocrx_word' id='word_1_140' title='bbox 1106 1717 1285 1782; x_wconf 86' lang='lat' dir='ltr'>sententias</span> <span class='ocrx_word' id='word_1_141' title='bbox 1318 1715 1406 1780; x_wconf 88' lang='lat' dir='ltr'>unde</span> <span class='ocrx_word' id='word_1_142' title='bbox 1459 1716 1602 1794; x_wconf 89' lang='lat' dir='ltr'>honesti,</span> <span class='ocrx_word' id='word_1_143' title='bbox 1631 1717 1710 1780; x_wconf 89' lang='lat' dir='ltr'>iusti</span> <span class='ocrx_word' id='word_1_144' title='bbox 1738 1727 1772 1781; x_wconf 90' lang='lat' dir='ltr'>et</span> <span class='ocrx_word' id='word_1_145' title='bbox 1798 1718 1927 1796; x_wconf 89' lang='lat' dir='ltr'>iniusti,</span> <span class='ocrx_word' id='word_1_146' title='bbox 1955 1718 2032 1781; x_wconf 92' lang='lat' dir='ltr'>boni</span> <span class='ocrx_word' id='word_1_147' title='bbox 2060 1727 2094 1783; x_wconf 92' lang='lat' dir='ltr'>et</span> <span class='ocrx_word' id='word_1_148' title='bbox 2120 1720 2214 1798; x_wconf 88' lang='lat' dir='ltr'>mali,</span> <span class='ocrx_word' id='word_1_149' title='bbox 2244 1721 2378 1787; x_wconf 86' lang='lat' dir='ltr'>virtutis</span> <span class='ocrx_word' id='word_1_150' title='bbox 2405 1733 2439 1788; x_wconf 93' lang='lat' dir='ltr'>et</span> 
     </span>
     <span class='ocr_line' id='line_1_12' title="bbox 427 1801 2437 1888; baseline 0.002 -18"><span class='ocrx_word' id='word_1_151' title='bbox 427 1807 546 1871; x_wconf 90' lang='lat' dir='ltr'>melius</span> <span class='ocrx_word' id='word_1_152' title='bbox 569 1813 725 1888; x_wconf 80' lang='lat' dir='ltr'>appareat</span> <span class='ocrx_word' id='word_1_153' title='bbox 747 1803 992 1887; x_wconf 86' lang='lat' dir='ltr'>quidsenserit</span> <span class='ocrx_word' id='word_1_154' title='bbox 1037 1802 1141 1867; x_wconf 85' lang='lat' dir='ltr'>Libro</span> <span class='ocrx_word' id='word_1_155' title='bbox 1165 1801 1306 1867; x_wconf 89' lang='lat' dir='ltr'>secundo</span> <span class='ocrx_word' id='word_1_156' title='bbox 1329 1821 1406 1866; x_wconf 88' lang='lat' dir='ltr'>ecn-</span> <span class='ocrx_word' id='word_1_157' title='bbox 1458 1802 1530 1866; x_wconf 83' lang='lat' dir='ltr'>vitii</span> <span class='ocrx_word' id='word_1_158' title='bbox 1562 1802 1716 1867; x_wconf 83' lang='lat' dir='ltr'>tolletur?</span> <span class='ocrx_word' id='word_1_159' title='bbox 1773 1804 1868 1881; x_wconf 77' lang='lat' dir='ltr'>Tale,</span> <span class='ocrx_word' id='word_1_160' title='bbox 1900 1804 2071 1885; x_wconf 90' lang='lat' dir='ltr'>inquiunt,</span> <span class='ocrx_word' id='word_1_161' title='bbox 2104 1805 2280 1871; x_wconf 88' lang='lat' dir='ltr'>discrimen</span> <span class='ocrx_word' id='word_1_162' title='bbox 2312 1818 2363 1872; x_wconf 98' lang='grc' dir='ltr'>θεῖ</span> <span class='ocrx_word' id='word_1_163' title='bbox 2395 1832 2437 1875; x_wconf 86' lang='lat' dir='ltr'>ex</span> 
     </span>
     <span class='ocr_line' id='line_1_13' title="bbox 427 1887 2437 1976; baseline 0.002 -19"><span class='ocrx_word' id='word_1_164' title='bbox 427 1900 481 1957; x_wconf 90' lang='lat' dir='ltr'>tra</span> <span class='ocrx_word' id='word_1_165' title='bbox 506 1891 687 1956; x_wconf 89' lang='lat' dir='ltr'>Iulianum:</span> <span class='ocrx_word' id='word_1_166' title='bbox 716 1890 771 1954; x_wconf 77' lang='lat' dir='ltr'>lex</span> <span class='ocrx_word' id='word_1_167' title='bbox 799 1891 864 1953; x_wconf 90' lang='lat' dir='ltr'>ista</span> <span class='ocrx_word' id='word_1_168' title='bbox 893 1889 1015 1972; x_wconf 89' lang='lat' dir='ltr'>peccati</span> <span class='ocrx_word' id='word_1_169' title='bbox 1049 1898 1082 1952; x_wconf 92' lang='lat' dir='ltr'>et</span> <span class='ocrx_word' id='word_1_170' title='bbox 1109 1890 1245 1953; x_wconf 87' lang='lat' dir='ltr'>remissa</span> <span class='ocrx_word' id='word_1_171' title='bbox 1276 1894 1327 1952; x_wconf 91' lang='grc' dir='ltr'>θεῖ</span> <span class='ocrx_word' id='word_1_172' title='bbox 1354 1909 1406 1951; x_wconf 86' lang='lat' dir='ltr'>re·</span> <span class='ocrx_word' id='word_1_173' title='bbox 1458 1887 1685 1953; x_wconf 85' lang='lat' dir='ltr'>maledictione</span> <span class='ocrx_word' id='word_1_174' title='bbox 1708 1891 1826 1954; x_wconf 87' lang='lat' dir='ltr'>veteris</span> <span class='ocrx_word' id='word_1_175' title='bbox 1849 1888 1956 1967; x_wconf 79' lang='lat' dir='ltr'>Adae,</span> <span class='ocrx_word' id='word_1_176' title='bbox 1979 1912 1999 1953; x_wconf 92' lang='lat' dir='ltr'>a</span> <span class='ocrx_word' id='word_1_177' title='bbox 2014 1892 2083 1972; x_wconf 73' lang='lat' dir='ltr'>&#39;qna</span> <span class='ocrx_word' id='word_1_178' title='bbox 2104 1912 2163 1957; x_wconf 93' lang='lat' dir='ltr'>uos</span> <span class='ocrx_word' id='word_1_179' title='bbox 2184 1913 2244 1976; x_wconf 90' lang='lat' dir='ltr'>per</span> <span class='ocrx_word' id='word_1_180' title='bbox 2265 1890 2437 1961; x_wconf 78' lang='lat' dir='ltr'>Christum</span> 
     </span>
     <span class='ocr_line' id='line_1_14' title="bbox 428 1973 2437 2062; baseline 0.001 -20"><span class='ocrx_word' id='word_1_181' title='bbox 428 1978 637 2062; x_wconf 85' lang='lat' dir='ltr'>generatione</span> <span class='ocrx_word' id='word_1_182' title='bbox 667 1976 842 2059; x_wconf 88' lang='lat' dir='ltr'>spirituali,</span> <span class='ocrx_word' id='word_1_183' title='bbox 874 1982 908 2038; x_wconf 92' lang='lat' dir='ltr'>et</span> <span class='ocrx_word' id='word_1_184' title='bbox 935 1981 1047 2039; x_wconf 90' lang='lat' dir='ltr'>manet</span> <span class='ocrx_word' id='word_1_185' title='bbox 1072 1976 1108 2038; x_wconf 92' lang='lat' dir='ltr'>in</span> <span class='ocrx_word' id='word_1_186' title='bbox 1134 1996 1233 2039; x_wconf 90' lang='lat' dir='ltr'>carne</span> <span class='ocrx_word' id='word_1_187' title='bbox 1260 1973 1406 2038; x_wconf 86' lang='lat' dir='ltr'>mortali:</span> <span class='ocrx_word' id='word_1_188' title='bbox 1458 1975 1602 2055; x_wconf 78' lang='lat' dir='ltr'>exempti</span> <span class='ocrx_word' id='word_1_189' title='bbox 1624 1996 1747 2039; x_wconf 90' lang='lat' dir='ltr'>sumus.</span> <span class='ocrx_word' id='word_1_190' title='bbox 1791 1976 1882 2059; x_wconf 84' lang='lat' dir='ltr'>Ergo</span> <span class='ocrx_word' id='word_1_191' title='bbox 1909 1976 1995 2039; x_wconf 89' lang='lat' dir='ltr'>inter</span> <span class='ocrx_word' id='word_1_192' title='bbox 2021 1979 2252 2042; x_wconf 84' lang='lat' dir='ltr'>scortationem</span> <span class='ocrx_word' id='word_1_193' title='bbox 2278 1988 2312 2042; x_wconf 92' lang='lat' dir='ltr'>et</span> <span class='ocrx_word' id='word_1_194' title='bbox 2340 1983 2437 2047; x_wconf 86' lang='lat' dir='ltr'>easti-</span> 
     </span>
     <span class='ocr_line' id='line_1_15' title="bbox 427 2059 2436 2143; baseline 0.002 -15"><span class='ocrx_word' id='word_1_195' title='bbox 427 2065 565 2128; x_wconf 88' lang='lat' dir='ltr'>remissa</span> <span class='ocrx_word' id='word_1_196' title='bbox 593 2062 730 2138; x_wconf 90' lang='lat' dir='ltr'>scilicet,</span> <span class='ocrx_word' id='word_1_197' title='bbox 764 2062 841 2143; x_wconf 91' lang='lat' dir='ltr'>quia</span> <span class='ocrx_word' id='word_1_198' title='bbox 867 2069 977 2125; x_wconf 87' lang='lat' dir='ltr'>reatus</span> <span class='ocrx_word' id='word_1_199' title='bbox 1008 2059 1133 2124; x_wconf 91' lang='lat' dir='ltr'>solutus</span> <span class='ocrx_word' id='word_1_200' title='bbox 1161 2067 1211 2123; x_wconf 89' lang='lat' dir='ltr'>est</span> <span class='ocrx_word' id='word_1_201' title='bbox 1238 2060 1272 2122; x_wconf 92' lang='lat' dir='ltr'>in</span> <span class='ocrx_word' id='word_1_202' title='bbox 1297 2079 1405 2124; x_wconf 89' lang='lat' dir='ltr'>sacra-</span> <span class='ocrx_word' id='word_1_203' title='bbox 1458 2067 1574 2137; x_wconf 90' lang='lat' dir='ltr'>tatem,</span> <span class='ocrx_word' id='word_1_204' title='bbox 1601 2061 1819 2125; x_wconf 89' lang='lat' dir='ltr'>sinceritatem</span> <span class='ocrx_word' id='word_1_205' title='bbox 1844 2069 1877 2124; x_wconf 90' lang='lat' dir='ltr'>et</span> <span class='ocrx_word' id='word_1_206' title='bbox 1898 2062 2067 2140; x_wconf 83' lang='lat' dir='ltr'>astutiam,</span> <span class='ocrx_word' id='word_1_207' title='bbox 2095 2064 2267 2127; x_wconf 83' lang='lat' dir='ltr'>veritatem</span> <span class='ocrx_word' id='word_1_208' title='bbox 2288 2073 2322 2129; x_wconf 91' lang='lat' dir='ltr'>et</span> <span class='ocrx_word' id='word_1_209' title='bbox 2343 2089 2436 2132; x_wconf 91' lang='lat' dir='ltr'>men·</span> 
     </span>
     <span class='ocr_line' id='line_1_16' title="bbox 427 2144 2431 2231; baseline 0.002 -17"><span class='ocrx_word' id='word_1_210' title='bbox 427 2159 540 2214; x_wconf 88' lang='lat' dir='ltr'>mento</span> <span class='ocrx_word' id='word_1_211' title='bbox 562 2169 626 2231; x_wconf 92' lang='lat' dir='ltr'>quo</span> <span class='ocrx_word' id='word_1_212' title='bbox 647 2155 885 2230; x_wconf 86' lang='lat' dir='ltr'>regenerantur</span> <span class='ocrx_word' id='word_1_213' title='bbox 907 2144 1033 2225; x_wconf 88' lang='lat' dir='ltr'>fidelcs;</span> <span class='ocrx_word' id='word_1_214' title='bbox 1056 2154 1168 2209; x_wconf 89' lang='lat' dir='ltr'>manet</span> <span class='ocrx_word' id='word_1_215' title='bbox 1186 2152 1306 2223; x_wconf 90' lang='lat' dir='ltr'>autem,</span> <span class='ocrx_word' id='word_1_216' title='bbox 1329 2144 1406 2226; x_wconf 89' lang='lat' dir='ltr'>quia</span> <span class='ocrx_word' id='word_1_217' title='bbox 1457 2145 1602 2223; x_wconf 89' lang='lat' dir='ltr'>dacium,</span> <span class='ocrx_word' id='word_1_218' title='bbox 1626 2147 1822 2228; x_wconf 90' lang='lat' dir='ltr'>aequitatem</span> <span class='ocrx_word' id='word_1_219' title='bbox 1843 2153 1876 2209; x_wconf 88' lang='lat' dir='ltr'>et</span> <span class='ocrx_word' id='word_1_220' title='bbox 1893 2148 2056 2229; x_wconf 90' lang='lat' dir='ltr'>rapinam,</span> <span class='ocrx_word' id='word_1_221' title='bbox 2079 2149 2163 2213; x_wconf 91' lang='lat' dir='ltr'>nihil</span> <span class='ocrx_word' id='word_1_222' title='bbox 2184 2150 2252 2214; x_wconf 88' lang='lat' dir='ltr'>iam</span> <span class='ocrx_word' id='word_1_223' title='bbox 2273 2151 2431 2219; x_wconf 82' lang='lat' dir='ltr'>intererit</span> 
     </span>
     <span class='ocr_line' id='line_1_17' title="bbox 427 2229 2434 2318; baseline 0.002 -18"><span class='ocrx_word' id='word_1_224' title='bbox 427 2245 582 2318; x_wconf 90' lang='lat' dir='ltr'>operatur</span> <span class='ocrx_word' id='word_1_225' title='bbox 604 2233 779 2310; x_wconf 87' lang='lat' dir='ltr'>desideria,</span> <span class='ocrx_word' id='word_1_226' title='bbox 808 2242 925 2296; x_wconf 87' lang='lat' dir='ltr'>contra</span> <span class='ocrx_word' id='word_1_227' title='bbox 946 2253 1028 2313; x_wconf 89' lang='lat' dir='ltr'>quae</span> <span class='ocrx_word' id='word_1_228' title='bbox 1049 2231 1207 2296; x_wconf 90' lang='lat' dir='ltr'>dimicant</span> <span class='ocrx_word' id='word_1_229' title='bbox 1228 2238 1260 2295; x_wconf 92' lang='lat' dir='ltr'>et</span> <span class='ocrx_word' id='word_1_230' title='bbox 1281 2229 1403 2295; x_wconf 84' lang='lat' dir='ltr'>fideles</span> <span class='ocrx_word' id='word_1_231' title='bbox 1457 2231 1562 2309; x_wconf 76' lang='lat' dir='ltr'>rfolle,</span> <span class='ocrx_word' id='word_1_232' title='bbox 1592 2232 1757 2314; x_wconf 92' lang='lat' dir='ltr'>inquiunt,</span> <span class='ocrx_word' id='word_1_233' title='bbox 1786 2252 1906 2298; x_wconf 81' lang='lat' dir='ltr'>ranam</span> <span class='ocrx_word' id='word_1_234' title='bbox 1934 2233 2155 2315; x_wconf 91' lang='lat' dir='ltr'>formidinem;</span> <span class='ocrx_word' id='word_1_235' title='bbox 2188 2237 2323 2318; x_wconf 88' lang='lat' dir='ltr'>spiritns</span> <span class='ocrx_word' id='word_1_236' title='bbox 2349 2239 2434 2304; x_wconf 93' lang='lat' dir='ltr'>nihil</span> 
     </span>
     <span class='ocr_line' id='line_1_18' title="bbox 427 2315 2435 2405; baseline 0.001 -19"><span class='ocrx_word' id='word_1_237' title='bbox 427 2323 528 2386; x_wconf 85' lang='lat' dir='ltr'>Item:</span> <span class='ocrx_word' id='word_1_238' title='bbox 551 2321 606 2385; x_wconf 85' lang='lat' dir='ltr'>lex</span> <span class='ocrx_word' id='word_1_239' title='bbox 627 2321 736 2400; x_wconf 90' lang='lat' dir='ltr'>itaque</span> <span class='ocrx_word' id='word_1_240' title='bbox 757 2319 882 2402; x_wconf 89' lang='lat' dir='ltr'>peccati</span> <span class='ocrx_word' id='word_1_241' title='bbox 905 2318 1055 2401; x_wconf 86' lang='lat' dir='ltr'>(quaein</span> <span class='ocrx_word' id='word_1_242' title='bbox 1078 2319 1162 2381; x_wconf 89' lang='lat' dir='ltr'>tanti</span> <span class='ocrx_word' id='word_1_243' title='bbox 1183 2338 1310 2399; x_wconf 90' lang='lat' dir='ltr'>quoque</span> <span class='ocrx_word' id='word_1_244' title='bbox 1328 2337 1405 2398; x_wconf 89' lang='lat' dir='ltr'>apo-</span> <span class='ocrx_word' id='word_1_245' title='bbox 1457 2315 1517 2380; x_wconf 88' lang='lat' dir='ltr'>tibi</span> <span class='ocrx_word' id='word_1_246' title='bbox 1539 2317 1618 2381; x_wconf 90' lang='lat' dir='ltr'>mali</span> <span class='ocrx_word' id='word_1_247' title='bbox 1639 2318 1828 2401; x_wconf 86' lang='lat' dir='ltr'>imperabit,</span> <span class='ocrx_word' id='word_1_248' title='bbox 1851 2318 1949 2382; x_wconf 92' lang='lat' dir='ltr'>modo</span> <span class='ocrx_word' id='word_1_249' title='bbox 1971 2341 2085 2385; x_wconf 89' lang='lat' dir='ltr'>secure</span> <span class='ocrx_word' id='word_1_250' title='bbox 2108 2329 2141 2385; x_wconf 90' lang='lat' dir='ltr'>et</span> <span class='ocrx_word' id='word_1_251' title='bbox 2161 2320 2324 2405; x_wconf 91' lang='lat' dir='ltr'>intrepide</span> <span class='ocrx_word' id='word_1_252' title='bbox 2345 2324 2435 2390; x_wconf 91' lang='lat' dir='ltr'>illius</span> 
     </span>
     <span class='ocr_line' id='line_1_19' title="bbox 427 2402 2435 2492; baseline 0.001 -18"><span class='ocrx_word' id='word_1_253' title='bbox 427 2408 502 2474; x_wconf 90' lang='lat' dir='ltr'>stoli</span> <span class='ocrx_word' id='word_1_254' title='bbox 530 2406 686 2470; x_wconf 90' lang='lat' dir='ltr'>membris</span> <span class='ocrx_word' id='word_1_255' title='bbox 712 2405 796 2488; x_wconf 89' lang='lat' dir='ltr'>erat)</span> <span class='ocrx_word' id='word_1_256' title='bbox 825 2405 1004 2467; x_wconf 88' lang='lat' dir='ltr'>remittitur</span> <span class='ocrx_word' id='word_1_257' title='bbox 1032 2403 1066 2465; x_wconf 91' lang='lat' dir='ltr'>in</span> <span class='ocrx_word' id='word_1_258' title='bbox 1092 2403 1303 2484; x_wconf 88' lang='lat' dir='ltr'>baptismate,</span> <span class='ocrx_word' id='word_1_259' title='bbox 1339 2423 1406 2465; x_wconf 92' lang='lat' dir='ltr'>non</span> <span class='ocrx_word' id='word_1_260' title='bbox 1457 2404 1578 2466; x_wconf 92' lang='lat' dir='ltr'>actioni</span> <span class='ocrx_word' id='word_1_261' title='bbox 1611 2411 1643 2467; x_wconf 91' lang='lat' dir='ltr'>te</span> <span class='ocrx_word' id='word_1_262' title='bbox 1670 2405 1850 2485; x_wconf 89' lang='lat' dir='ltr'>permittas.</span> <span class='ocrx_word' id='word_1_263' title='bbox 1901 2403 1984 2484; x_wconf 76' lang='lat' dir='ltr'>Quis</span> <span class='ocrx_word' id='word_1_264' title='bbox 2012 2402 2053 2469; x_wconf 92' lang='lat' dir='ltr'>ad</span> <span class='ocrx_word' id='word_1_265' title='bbox 2081 2406 2162 2472; x_wconf 89' lang='lat' dir='ltr'>haec</span> <span class='ocrx_word' id='word_1_266' title='bbox 2190 2407 2339 2492; x_wconf 81' lang='lat' dir='ltr'>prodigia</span> <span class='ocrx_word' id='word_1_267' title='bbox 2367 2434 2435 2476; x_wconf 89' lang='lat' dir='ltr'>non</span> 
     </span>
     <span class='ocr_line' id='line_1_20' title="bbox 427 2487 2435 2579; baseline 0.002 -22"><span class='ocrx_word' id='word_1_268' title='bbox 427 2495 551 2559; x_wconf 89' lang='lat' dir='ltr'>finitur.</span> <span class='ocrx_word' id='word_1_269' title='bbox 595 2491 694 2555; x_wconf 84' lang='lat' dir='ltr'>Item:</span> <span class='ocrx_word' id='word_1_270' title='bbox 725 2491 831 2574; x_wconf 89' lang='lat' dir='ltr'>legem</span> <span class='ocrx_word' id='word_1_271' title='bbox 853 2489 994 2572; x_wconf 88' lang='lat' dir='ltr'>peccati,</span> <span class='ocrx_word' id='word_1_272' title='bbox 1019 2490 1110 2553; x_wconf 93' lang='lat' dir='ltr'>cuins</span> <span class='ocrx_word' id='word_1_273' title='bbox 1132 2489 1297 2552; x_wconf 88' lang='lat' dir='ltr'>manentis</span> <span class='ocrx_word' id='word_1_274' title='bbox 1319 2487 1405 2551; x_wconf 91' lang='lat' dir='ltr'>solu·</span> <span class='ocrx_word' id='word_1_275' title='bbox 1457 2489 1685 2572; x_wconf 84' lang='lat' dir='ltr'>obstupescat?</span> <span class='ocrx_word' id='word_1_276' title='bbox 1721 2490 1900 2574; x_wconf 75' lang='lat' dir='ltr'>Popularia</span> <span class='ocrx_word' id='word_1_277' title='bbox 1917 2499 2028 2554; x_wconf 86' lang='lat' dir='ltr'>tamen</span> <span class='ocrx_word' id='word_1_278' title='bbox 2049 2501 2100 2555; x_wconf 94' lang='grc' dir='ltr'>θεῖ</span> <span class='ocrx_word' id='word_1_279' title='bbox 2118 2493 2326 2577; x_wconf 87' lang='lat' dir='ltr'>philosophia</span> <span class='ocrx_word' id='word_1_280' title='bbox 2347 2498 2435 2579; x_wconf 92' lang='lat' dir='ltr'>apud</span> 
     </span>
     <span class='ocr_line' id='line_1_21' title="bbox 427 2573 2435 2658; baseline 0.002 -15"><span class='ocrx_word' id='word_1_281' title='bbox 427 2588 481 2643; x_wconf 90' lang='lat' dir='ltr'>tus</span> <span class='ocrx_word' id='word_1_282' title='bbox 510 2579 616 2643; x_wconf 91' lang='lat' dir='ltr'>estin</span> <span class='ocrx_word' id='word_1_283' title='bbox 638 2577 798 2658; x_wconf 90' lang='lat' dir='ltr'>baptismo</span> <span class='ocrx_word' id='word_1_284' title='bbox 820 2585 945 2654; x_wconf 88' lang='lat' dir='ltr'>reatus,</span> <span class='ocrx_word' id='word_1_285' title='bbox 973 2574 1168 2639; x_wconf 88' lang='lat' dir='ltr'>Ambrosius</span> <span class='ocrx_word' id='word_1_286' title='bbox 1191 2574 1321 2638; x_wconf 84' lang='lat' dir='ltr'>vocavit</span> <span class='ocrx_word' id='word_1_287' title='bbox 1341 2573 1406 2636; x_wconf 93' lang='lat' dir='ltr'>ini·</span> <span class='ocrx_word' id='word_1_288' title='bbox 1457 2595 1526 2652; x_wconf 90' lang='lat' dir='ltr'>cos,</span> <span class='ocrx_word' id='word_1_289' title='bbox 1550 2576 1606 2658; x_wconf 93' lang='lat' dir='ltr'>qui</span> <span class='ocrx_word' id='word_1_290' title='bbox 1628 2574 1798 2639; x_wconf 90' lang='lat' dir='ltr'>libidinum</span> <span class='ocrx_word' id='word_1_291' title='bbox 1820 2576 1965 2640; x_wconf 90' lang='lat' dir='ltr'>amentia</span> <span class='ocrx_word' id='word_1_292' title='bbox 1993 2580 2160 2642; x_wconf 84' lang='lat' dir='ltr'>excaecati</span> <span class='ocrx_word' id='word_1_293' title='bbox 2186 2600 2320 2644; x_wconf 91' lang='lat' dir='ltr'>sensum</span> <span class='ocrx_word' id='word_1_294' title='bbox 2346 2602 2435 2648; x_wconf 91' lang='lat' dir='ltr'>com-</span> 
     </span>
     <span class='ocr_line' id='line_1_22' title="bbox 427 2657 2434 2747; baseline 0.002 -19"><span class='ocrx_word' id='word_1_295' title='bbox 427 2664 602 2747; x_wconf 75' lang='lat' dir='ltr'>quitatem,</span> <span class='ocrx_word' id='word_1_296' title='bbox 631 2662 710 2744; x_wconf 90' lang='lat' dir='ltr'>quia</span> <span class='ocrx_word' id='word_1_297' title='bbox 729 2663 879 2743; x_wconf 91' lang='lat' dir='ltr'>iniquum</span> <span class='ocrx_word' id='word_1_298' title='bbox 901 2668 951 2725; x_wconf 89' lang='lat' dir='ltr'>est</span> <span class='ocrx_word' id='word_1_299' title='bbox 971 2670 1010 2725; x_wconf 85' lang='lat' dir='ltr'>ut</span> <span class='ocrx_word' id='word_1_300' title='bbox 1026 2681 1101 2726; x_wconf 87' lang='lat' dir='ltr'>earo</span> <span class='ocrx_word' id='word_1_301' title='bbox 1120 2661 1326 2742; x_wconf 88' lang='lat' dir='ltr'>concupiscat</span> <span class='ocrx_word' id='word_1_302' title='bbox 1348 2657 1405 2723; x_wconf 90' lang='lat' dir='ltr'>ad·</span> <span class='ocrx_word' id='word_1_303' title='bbox 1457 2682 1591 2724; x_wconf 91' lang='lat' dir='ltr'>munem</span> <span class='ocrx_word' id='word_1_304' title='bbox 1620 2669 1793 2725; x_wconf 84' lang='lat' dir='ltr'>exuerunt.</span> <span class='ocrx_word' id='word_1_305' title='bbox 1839 2660 1907 2727; x_wconf 80' lang='lat' dir='ltr'>Sed</span> <span class='ocrx_word' id='word_1_306' title='bbox 1936 2682 2048 2744; x_wconf 88' lang='lat' dir='ltr'>quem,</span> <span class='ocrx_word' id='word_1_307' title='bbox 2082 2661 2232 2745; x_wconf 89' lang='lat' dir='ltr'>obsecro,</span> <span class='ocrx_word' id='word_1_308' title='bbox 2261 2665 2434 2733; x_wconf 80' lang='lat' dir='ltr'>Christum</span> 
     </span>
     <span class='ocr_line' id='line_1_23' title="bbox 426 2745 2434 2830; baseline 0.002 -15"><span class='ocrx_word' id='word_1_309' title='bbox 426 2771 542 2815; x_wconf 83' lang='lat' dir='ltr'>versus</span> <span class='ocrx_word' id='word_1_310' title='bbox 570 2747 729 2830; x_wconf 89' lang='lat' dir='ltr'>spiritum.</span> <span class='ocrx_word' id='word_1_311' title='bbox 772 2747 872 2812; x_wconf 93' lang='lat' dir='ltr'>Item:</span> <span class='ocrx_word' id='word_1_312' title='bbox 903 2755 1067 2811; x_wconf 91' lang='lat' dir='ltr'>mortuum</span> <span class='ocrx_word' id='word_1_313' title='bbox 1098 2755 1148 2809; x_wconf 90' lang='lat' dir='ltr'>est</span> <span class='ocrx_word' id='word_1_314' title='bbox 1173 2754 1343 2828; x_wconf 88' lang='lat' dir='ltr'>peccatum</span> <span class='ocrx_word' id='word_1_315' title='bbox 1368 2745 1404 2808; x_wconf 91' lang='lat' dir='ltr'>in</span> <span class='ocrx_word' id='word_1_316' title='bbox 1457 2745 1550 2810; x_wconf 89' lang='lat' dir='ltr'>nobis</span> <span class='ocrx_word' id='word_1_317' title='bbox 1572 2747 1781 2826; x_wconf 87' lang='lat' dir='ltr'>fabricantur,</span> <span class='ocrx_word' id='word_1_318' title='bbox 1804 2754 1837 2811; x_wconf 90' lang='lat' dir='ltr'>et</span> <span class='ocrx_word' id='word_1_319' title='bbox 1858 2767 1956 2829; x_wconf 90' lang='lat' dir='ltr'>quem</span> <span class='ocrx_word' id='word_1_320' title='bbox 1978 2748 2130 2830; x_wconf 87' lang='lat' dir='ltr'>spiritum</span> <span class='ocrx_word' id='word_1_321' title='bbox 2151 2752 2322 2816; x_wconf 84' lang='lat' dir='ltr'>eructant?</span> <span class='ocrx_word' id='word_1_322' title='bbox 2365 2754 2434 2820; x_wconf 92' lang='lat' dir='ltr'>Nos</span> 
     </span>
     <span class='ocr_line' id='line_1_24' title="bbox 427 2831 2432 2922; baseline 0.001 -22"><span class='ocrx_word' id='word_1_323' title='bbox 427 2857 464 2900; x_wconf 92' lang='lat' dir='ltr'>eo</span> <span class='ocrx_word' id='word_1_324' title='bbox 487 2843 582 2899; x_wconf 91' lang='lat' dir='ltr'>reatu</span> <span class='ocrx_word' id='word_1_325' title='bbox 604 2854 667 2916; x_wconf 92' lang='lat' dir='ltr'>quo</span> <span class='ocrx_word' id='word_1_326' title='bbox 690 2854 749 2898; x_wconf 93' lang='lat' dir='ltr'>nos</span> <span class='ocrx_word' id='word_1_327' title='bbox 772 2833 920 2913; x_wconf 86' lang='lat' dir='ltr'>tenebat;</span> <span class='ocrx_word' id='word_1_328' title='bbox 944 2839 977 2896; x_wconf 91' lang='lat' dir='ltr'>et</span> <span class='ocrx_word' id='word_1_329' title='bbox 998 2832 1100 2896; x_wconf 92' lang='lat' dir='ltr'>donec</span> <span class='ocrx_word' id='word_1_330' title='bbox 1121 2831 1309 2914; x_wconf 86' lang='lat' dir='ltr'>sepulturae</span> <span class='ocrx_word' id='word_1_331' title='bbox 1330 2851 1405 2912; x_wconf 88' lang='lat' dir='ltr'>per·</span> <span class='ocrx_word' id='word_1_332' title='bbox 1458 2833 1546 2896; x_wconf 89' lang='lat' dir='ltr'>enim</span> <span class='ocrx_word' id='word_1_333' title='bbox 1566 2831 1737 2897; x_wconf 85' lang='lat' dir='ltr'>Christum</span> <span class='ocrx_word' id='word_1_334' title='bbox 1765 2854 1885 2910; x_wconf 90' lang='lat' dir='ltr'>unum,</span> <span class='ocrx_word' id='word_1_335' title='bbox 1914 2834 1985 2898; x_wconf 95' lang='lat' dir='ltr'>eius</span> <span class='ocrx_word' id='word_1_336' title='bbox 2012 2855 2116 2898; x_wconf 92' lang='lat' dir='ltr'>unum</span> <span class='ocrx_word' id='word_1_337' title='bbox 2143 2837 2293 2920; x_wconf 91' lang='lat' dir='ltr'>spiritum</span> <span class='ocrx_word' id='word_1_338' title='bbox 2319 2859 2432 2922; x_wconf 90' lang='lat' dir='ltr'>recog-</span> 
     </span>
     <span class='ocr_line' id='line_1_25' title="bbox 426 2917 2431 3008; baseline 0.001 -22"><span class='ocrx_word' id='word_1_339' title='bbox 426 2922 565 2986; x_wconf 87' lang='lat' dir='ltr'>fectionc</span> <span class='ocrx_word' id='word_1_340' title='bbox 587 2927 729 2995; x_wconf 84' lang='lat' dir='ltr'>sanetur,</span> <span class='ocrx_word' id='word_1_341' title='bbox 753 2919 890 2983; x_wconf 92' lang='lat' dir='ltr'>rebellat</span> <span class='ocrx_word' id='word_1_342' title='bbox 911 2926 944 2983; x_wconf 93' lang='lat' dir='ltr'>et</span> <span class='ocrx_word' id='word_1_343' title='bbox 964 2928 1139 2982; x_wconf 89' lang='lat' dir='ltr'>mortuum.</span> <span class='ocrx_word' id='word_1_344' title='bbox 1172 2917 1274 2981; x_wconf 89' lang='lat' dir='ltr'>Libro</span> <span class='ocrx_word' id='word_1_345' title='bbox 1292 2918 1404 2999; x_wconf 87' lang='lat' dir='ltr'>quinto</span> <span class='ocrx_word' id='word_1_346' title='bbox 1457 2918 1623 2982; x_wconf 90' lang='lat' dir='ltr'>noscimus</span> <span class='ocrx_word' id='word_1_347' title='bbox 1651 2939 1748 3000; x_wconf 91' lang='lat' dir='ltr'>quem</span> <span class='ocrx_word' id='word_1_348' title='bbox 1774 2920 1954 3002; x_wconf 88' lang='lat' dir='ltr'>prophetae</span> <span class='ocrx_word' id='word_1_349' title='bbox 1978 2920 2262 3001; x_wconf 82' lang='lat' dir='ltr'>commendanmt,</span> <span class='ocrx_word' id='word_1_350' title='bbox 2290 2945 2431 3008; x_wconf 86' lang='lat' dir='ltr'>cvange-</span> 
     </span>
     <span class='ocr_line' id='line_1_26' title="bbox 426 3000 2430 3088; baseline 0.001 -16"><span class='ocrx_word' id='word_1_351' title='bbox 426 3007 608 3072; x_wconf 87' lang='lat' dir='ltr'>etiamnum</span> <span class='ocrx_word' id='word_1_352' title='bbox 626 3006 784 3088; x_wconf 89' lang='lat' dir='ltr'>apertius:</span> <span class='ocrx_word' id='word_1_353' title='bbox 809 3005 895 3070; x_wconf 92' lang='lat' dir='ltr'>sicut</span> <span class='ocrx_word' id='word_1_354' title='bbox 913 3005 1050 3069; x_wconf 88' lang='lat' dir='ltr'>caecitas</span> <span class='ocrx_word' id='word_1_355' title='bbox 1068 3001 1173 3068; x_wconf 91' lang='lat' dir='ltr'>cordis</span> <span class='ocrx_word' id='word_1_356' title='bbox 1190 3009 1405 3085; x_wconf 88' lang='lat' dir='ltr'>etpeccatum</span> <span class='ocrx_word' id='word_1_357' title='bbox 1457 3003 1539 3066; x_wconf 94' lang='lat' dir='ltr'>lium</span> <span class='ocrx_word' id='word_1_358' title='bbox 1573 3000 1757 3068; x_wconf 67' lang='lat' dir='ltr'>exhibitum</span> <span class='ocrx_word' id='word_1_359' title='bbox 1783 3004 1962 3086; x_wconf 88' lang='lat' dir='ltr'>praedicat,</span> <span class='ocrx_word' id='word_1_360' title='bbox 1997 3006 2037 3069; x_wconf 90' lang='lat' dir='ltr'>de</span> <span class='ocrx_word' id='word_1_361' title='bbox 2064 3027 2127 3088; x_wconf 93' lang='lat' dir='ltr'>quo</span> <span class='ocrx_word' id='word_1_362' title='bbox 2153 3007 2238 3079; x_wconf 89' lang='lat' dir='ltr'>nihil</span> <span class='ocrx_word' id='word_1_363' title='bbox 2269 3008 2336 3074; x_wconf 92' lang='lat' dir='ltr'>illic</span> <span class='ocrx_word' id='word_1_364' title='bbox 2364 3011 2430 3075; x_wconf 88' lang='lat' dir='ltr'>tale</span> 
     </span>
     <span class='ocr_line' id='line_1_27' title="bbox 426 3088 2430 3175; baseline 0 -16"><span class='ocrx_word' id='word_1_365' title='bbox 426 3101 561 3175; x_wconf 89' lang='lat' dir='ltr'>estque</span> <span class='ocrx_word' id='word_1_366' title='bbox 583 3093 618 3156; x_wconf 92' lang='lat' dir='ltr'>in</span> <span class='ocrx_word' id='word_1_367' title='bbox 634 3091 743 3156; x_wconf 92' lang='lat' dir='ltr'>Deum</span> <span class='ocrx_word' id='word_1_368' title='bbox 765 3112 833 3154; x_wconf 92' lang='lat' dir='ltr'>non</span> <span class='ocrx_word' id='word_1_369' title='bbox 850 3090 1002 3169; x_wconf 88' lang='lat' dir='ltr'>creditur,</span> <span class='ocrx_word' id='word_1_370' title='bbox 1025 3097 1059 3153; x_wconf 91' lang='lat' dir='ltr'>et</span> <span class='ocrx_word' id='word_1_371' title='bbox 1074 3109 1182 3172; x_wconf 87' lang='lat' dir='ltr'>poena</span> <span class='ocrx_word' id='word_1_372' title='bbox 1198 3089 1322 3172; x_wconf 91' lang='lat' dir='ltr'>peccati</span> <span class='ocrx_word' id='word_1_373' title='bbox 1340 3109 1405 3170; x_wconf 90' lang='lat' dir='ltr'>qua</span> <span class='ocrx_word' id='word_1_374' title='bbox 1456 3088 1617 3155; x_wconf 89' lang='lat' dir='ltr'>audimus.</span> <span class='ocrx_word' id='word_1_375' title='bbox 1663 3089 1818 3173; x_wconf 79' lang='lat' dir='ltr'>Spiritus·</span> <span class='ocrx_word' id='word_1_376' title='bbox 1837 3091 1893 3156; x_wconf 93' lang='lat' dir='ltr'>ille</span> <span class='ocrx_word' id='word_1_377' title='bbox 1919 3112 1987 3155; x_wconf 89' lang='lat' dir='ltr'>non</span> <span class='ocrx_word' id='word_1_378' title='bbox 2014 3100 2065 3156; x_wconf 92' lang='lat' dir='ltr'>est</span> <span class='ocrx_word' id='word_1_379' title='bbox 2097 3092 2276 3171; x_wconf 91' lang='lat' dir='ltr'>homicidii,</span> <span class='ocrx_word' id='word_1_380' title='bbox 2309 3104 2430 3160; x_wconf 88' lang='lat' dir='ltr'>scorta-</span> 
     </span>
     <span class='ocr_line' id='line_1_28' title="bbox 425 3175 2430 3261; baseline 0 -16"><span class='ocrx_word' id='word_1_381' title='bbox 425 3202 482 3246; x_wconf 93' lang='lat' dir='ltr'>cor</span> <span class='ocrx_word' id='word_1_382' title='bbox 515 3178 693 3261; x_wconf 89' lang='lat' dir='ltr'>superbum</span> <span class='ocrx_word' id='word_1_383' title='bbox 732 3176 834 3260; x_wconf 89' lang='lat' dir='ltr'>digna</span> <span class='ocrx_word' id='word_1_384' title='bbox 868 3176 1151 3240; x_wconf 89' lang='lat' dir='ltr'>animadversione</span> <span class='ocrx_word' id='word_1_385' title='bbox 1181 3175 1331 3257; x_wconf 89' lang='lat' dir='ltr'>punitur,</span> <span class='ocrx_word' id='word_1_386' title='bbox 1371 3180 1405 3238; x_wconf 92' lang='lat' dir='ltr'>et</span> <span class='ocrx_word' id='word_1_387' title='bbox 1457 3175 1569 3254; x_wconf 74' lang='lat' dir='ltr'>honis,</span> <span class='ocrx_word' id='word_1_388' title='bbox 1593 3177 1775 3256; x_wconf 89' lang='lat' dir='ltr'>ebrietatis,</span> <span class='ocrx_word' id='word_1_389' title='bbox 1797 3178 1980 3259; x_wconf 88' lang='lat' dir='ltr'>superbiae,</span> <span class='ocrx_word' id='word_1_390' title='bbox 2010 3180 2240 3259; x_wconf 90' lang='lat' dir='ltr'>contentionis,</span> <span class='ocrx_word' id='word_1_391' title='bbox 2263 3182 2430 3259; x_wconf 87' lang='lat' dir='ltr'>avaritiae,</span> 
     </span>
     <span class='ocr_line' id='line_1_29' title="bbox 427 3260 2431 3348; baseline 0.001 -17"><span class='ocrx_word' id='word_1_392' title='bbox 427 3288 526 3331; x_wconf 89' lang='lat' dir='ltr'>causa</span> <span class='ocrx_word' id='word_1_393' title='bbox 547 3264 669 3346; x_wconf 91' lang='lat' dir='ltr'>peccati</span> <span class='ocrx_word' id='word_1_394' title='bbox 693 3284 792 3345; x_wconf 89' lang='lat' dir='ltr'>quum</span> <span class='ocrx_word' id='word_1_395' title='bbox 813 3261 936 3344; x_wconf 92' lang='lat' dir='ltr'>aliquid</span> <span class='ocrx_word' id='word_1_396' title='bbox 957 3262 1045 3326; x_wconf 89' lang='lat' dir='ltr'>caeci</span> <span class='ocrx_word' id='word_1_397' title='bbox 1066 3261 1171 3326; x_wconf 91' lang='lat' dir='ltr'>cordis</span> <span class='ocrx_word' id='word_1_398' title='bbox 1189 3281 1300 3325; x_wconf 89' lang='lat' dir='ltr'>errore</span> <span class='ocrx_word' id='word_1_399' title='bbox 1318 3282 1405 3326; x_wconf 92' lang='lat' dir='ltr'>com·</span> <span class='ocrx_word' id='word_1_400' title='bbox 1456 3260 1581 3328; x_wconf 88' lang='lat' dir='ltr'>fraudis</span> <span class='ocrx_word' id='word_1_401' title='bbox 1608 3272 1780 3345; x_wconf 91' lang='lat' dir='ltr'>patronus;</span> <span class='ocrx_word' id='word_1_402' title='bbox 1814 3263 1870 3328; x_wconf 93' lang='lat' dir='ltr'>sed</span> <span class='ocrx_word' id='word_1_403' title='bbox 1900 3270 1995 3327; x_wconf 91' lang='lat' dir='ltr'>autor</span> <span class='ocrx_word' id='word_1_404' title='bbox 2021 3262 2218 3345; x_wconf 88' lang='lat' dir='ltr'>dilectionis,</span> <span class='ocrx_word' id='word_1_405' title='bbox 2245 3265 2431 3348; x_wconf 87' lang='lat' dir='ltr'>pudicitiae,</span> 
     </span>
     <span class='ocr_line' id='line_1_30' title="bbox 358 3345 2431 3431; baseline 0 -12"><span class='ocrx_word' id='word_1_406' title='bbox 358 3414 361 3419; x_wconf 81' lang='lat'><strong>.</strong></span> <span class='ocrx_word' id='word_1_407' title='bbox 426 3352 584 3426; x_wconf 90' lang='lat' dir='ltr'>mittitur,</span> <span class='ocrx_word' id='word_1_408' title='bbox 619 3351 664 3412; x_wconf 84' lang='lat' dir='ltr'>ita</span> <span class='ocrx_word' id='word_1_409' title='bbox 697 3349 958 3430; x_wconf 88' lang='lat' dir='ltr'>concupiscentia</span> <span class='ocrx_word' id='word_1_410' title='bbox 985 3348 1093 3412; x_wconf 90' lang='lat' dir='ltr'>carnis</span> <span class='ocrx_word' id='word_1_411' title='bbox 1120 3346 1278 3412; x_wconf 86' lang='lat' dir='ltr'>adversus</span> <span class='ocrx_word' id='word_1_412' title='bbox 1306 3368 1405 3429; x_wconf 90' lang='lat' dir='ltr'>quam</span> <span class='ocrx_word' id='word_1_413' title='bbox 1456 3345 1651 3427; x_wconf 91' lang='lat' dir='ltr'>sobrietatis,</span> <span class='ocrx_word' id='word_1_414' title='bbox 1674 3349 1860 3426; x_wconf 90' lang='lat' dir='ltr'>modestiae,</span> <span class='ocrx_word' id='word_1_415' title='bbox 1886 3350 1984 3430; x_wconf 88' lang='lat' dir='ltr'>pacis,</span> <span class='ocrx_word' id='word_1_416' title='bbox 2013 3349 2253 3431; x_wconf 88' lang='lat' dir='ltr'>moderationis,</span> <span class='ocrx_word' id='word_1_417' title='bbox 2274 3354 2431 3419; x_wconf 77' lang='lat' dir='ltr'>veritatis.</span> 
     </span>
     <span class='ocr_line' id='line_1_31' title="bbox 425 3432 2433 3521; baseline 0 -18"><span class='ocrx_word' id='word_1_418' title='bbox 425 3437 533 3503; x_wconf 92' lang='lat' dir='ltr'>bonus</span> <span class='ocrx_word' id='word_1_419' title='bbox 546 3435 743 3516; x_wconf 89' lang='lat' dir='ltr'>concupiscit</span> <span class='ocrx_word' id='word_1_420' title='bbox 755 3435 897 3517; x_wconf 77' lang='lat' dir='ltr'>spiritus,</span> <span class='ocrx_word' id='word_1_421' title='bbox 921 3441 955 3497; x_wconf 91' lang='lat' dir='ltr'>et</span> <span class='ocrx_word' id='word_1_422' title='bbox 975 3443 1146 3516; x_wconf 90' lang='lat' dir='ltr'>peccatum</span> <span class='ocrx_word' id='word_1_423' title='bbox 1168 3440 1226 3510; x_wconf 92' lang='grc' dir='ltr'>θεῖ,</span> <span class='ocrx_word' id='word_1_424' title='bbox 1249 3433 1327 3515; x_wconf 91' lang='lat' dir='ltr'>quia</span> <span class='ocrx_word' id='word_1_425' title='bbox 1347 3432 1405 3496; x_wconf 95' lang='lat' dir='ltr'>illa</span> <span class='ocrx_word' id='word_1_426' title='bbox 1456 3433 1531 3497; x_wconf 92' lang='lat' dir='ltr'>Non</span> <span class='ocrx_word' id='word_1_427' title='bbox 1559 3441 1610 3499; x_wconf 91' lang='grc' dir='ltr'>θεῖ</span> <span class='ocrx_word' id='word_1_428' title='bbox 1634 3434 1868 3518; x_wconf 85' lang='lat' dir='ltr'>vertiginosus,</span> <span class='ocrx_word' id='word_1_429' title='bbox 1903 3442 1936 3499; x_wconf 88' lang='lat' dir='ltr'>ct</span> <span class='ocrx_word' id='word_1_430' title='bbox 1968 3435 2025 3518; x_wconf 92' lang='lat' dir='ltr'>qui</span> <span class='ocrx_word' id='word_1_431' title='bbox 2050 3457 2207 3521; x_wconf 88' lang='lat' dir='ltr'>praeceps</span> <span class='ocrx_word' id='word_1_432' title='bbox 2235 3459 2295 3520; x_wconf 86' lang='lat' dir='ltr'>per</span> <span class='ocrx_word' id='word_1_433' title='bbox 2322 3439 2372 3503; x_wconf 90' lang='lat' dir='ltr'>fas</span> <span class='ocrx_word' id='word_1_434' title='bbox 2400 3448 2433 3504; x_wconf 91' lang='lat' dir='ltr'>et</span> 
     </span>
     <span class='ocr_line' id='line_1_32' title="bbox 426 3518 2432 3607; baseline 0.001 -19"><span class='ocrx_word' id='word_1_435' title='bbox 426 3524 515 3588; x_wconf 89' lang='lat' dir='ltr'>inest</span> <span class='ocrx_word' id='word_1_436' title='bbox 532 3520 751 3586; x_wconf 90' lang='lat' dir='ltr'>inobedientia</span> <span class='ocrx_word' id='word_1_437' title='bbox 763 3527 877 3586; x_wconf 90' lang='lat' dir='ltr'>eontra</span> <span class='ocrx_word' id='word_1_438' title='bbox 889 3519 1093 3583; x_wconf 92' lang='lat' dir='ltr'>dominatum</span> <span class='ocrx_word' id='word_1_439' title='bbox 1106 3518 1235 3597; x_wconf 90' lang='lat' dir='ltr'>mentis,</span> <span class='ocrx_word' id='word_1_440' title='bbox 1254 3530 1405 3601; x_wconf 90' lang='lat' dir='ltr'>etpoena</span> <span class='ocrx_word' id='word_1_441' title='bbox 1455 3519 1547 3584; x_wconf 89' lang='lat' dir='ltr'>nefas</span> <span class='ocrx_word' id='word_1_442' title='bbox 1574 3519 1811 3585; x_wconf 89' lang='lat' dir='ltr'>inconsiderate</span> <span class='ocrx_word' id='word_1_443' title='bbox 1838 3527 1928 3600; x_wconf 91' lang='lat' dir='ltr'>ruat,</span> <span class='ocrx_word' id='word_1_444' title='bbox 1963 3520 2020 3584; x_wconf 91' lang='lat' dir='ltr'>sed</span> <span class='ocrx_word' id='word_1_445' title='bbox 2047 3522 2165 3605; x_wconf 92' lang='lat' dir='ltr'>plenus</span> <span class='ocrx_word' id='word_1_446' title='bbox 2193 3524 2372 3607; x_wconf 86' lang='lat' dir='ltr'>sapientiae</span> <span class='ocrx_word' id='word_1_447' title='bbox 2400 3533 2432 3590; x_wconf 90' lang='lat' dir='ltr'>et</span> 
     </span>
     <span class='ocr_line' id='line_1_33' title="bbox 426 3604 2432 3694; baseline 0.001 -21"><span class='ocrx_word' id='word_1_448' title='bbox 426 3609 560 3694; x_wconf 91' lang='lat' dir='ltr'>peceati,</span> <span class='ocrx_word' id='word_1_449' title='bbox 582 3608 659 3690; x_wconf 91' lang='lat' dir='ltr'>quia</span> <span class='ocrx_word' id='word_1_450' title='bbox 669 3605 797 3670; x_wconf 88' lang='lat' dir='ltr'>reddita</span> <span class='ocrx_word' id='word_1_451' title='bbox 809 3613 861 3670; x_wconf 88' lang='lat' dir='ltr'>est</span> <span class='ocrx_word' id='word_1_452' title='bbox 872 3607 997 3670; x_wconf 92' lang='lat' dir='ltr'>meritis</span> <span class='ocrx_word' id='word_1_453' title='bbox 1011 3604 1235 3682; x_wconf 91' lang='lat' dir='ltr'>inobedientis,</span> <span class='ocrx_word' id='word_1_454' title='bbox 1259 3610 1292 3668; x_wconf 91' lang='lat' dir='ltr'>et</span> <span class='ocrx_word' id='word_1_455' title='bbox 1305 3625 1405 3669; x_wconf 88' lang='lat' dir='ltr'>causa</span> <span class='ocrx_word' id='word_1_456' title='bbox 1455 3604 1709 3690; x_wconf 85' lang='lat' dir='ltr'>intelligentiae,</span> <span class='ocrx_word' id='word_1_457' title='bbox 1741 3627 1807 3688; x_wconf 91' lang='lat' dir='ltr'>qua</span> <span class='ocrx_word' id='word_1_458' title='bbox 1838 3607 1900 3670; x_wconf 90' lang='lat' dir='ltr'>rite</span> <span class='ocrx_word' id='word_1_459' title='bbox 1929 3606 2018 3671; x_wconf 87' lang='lat' dir='ltr'>inter</span> <span class='ocrx_word' id='word_1_460' title='bbox 2045 3608 2175 3673; x_wconf 84' lang='lat' dir='ltr'>iustum</span> <span class='ocrx_word' id='word_1_461' title='bbox 2209 3618 2242 3673; x_wconf 90' lang='lat' dir='ltr'>et</span> <span class='ocrx_word' id='word_1_462' title='bbox 2272 3610 2432 3675; x_wconf 90' lang='lat' dir='ltr'>iniustum</span> 
     </span>
     <span class='ocr_line' id='line_1_34' title="bbox 426 3689 2431 3779; baseline 0 -19"><span class='ocrx_word' id='word_1_463' title='bbox 426 3695 551 3779; x_wconf 89' lang='lat' dir='ltr'>peccati</span> <span class='ocrx_word' id='word_1_464' title='bbox 579 3693 756 3758; x_wconf 90' lang='lat' dir='ltr'>defectione</span> <span class='ocrx_word' id='word_1_465' title='bbox 779 3692 1011 3756; x_wconf 88' lang='lat' dir='ltr'>consentientis</span> <span class='ocrx_word' id='word_1_466' title='bbox 1036 3691 1089 3757; x_wconf 87' lang='lat' dir='ltr'>vel</span> <span class='ocrx_word' id='word_1_467' title='bbox 1111 3690 1304 3773; x_wconf 86' lang='lat' dir='ltr'>contagione</span> <span class='ocrx_word' id='word_1_468' title='bbox 1327 3709 1404 3754; x_wconf 87' lang='lat' dir='ltr'>nas·</span> <span class='ocrx_word' id='word_1_469' title='bbox 1456 3689 1628 3756; x_wconf 86' lang='lat' dir='ltr'>discernat</span> <span class='ocrx_word' id='word_1_470' title='bbox 1662 3691 1738 3756; x_wconf 87' lang='lat' dir='ltr'>Non</span> <span class='ocrx_word' id='word_1_471' title='bbox 1759 3692 1895 3775; x_wconf 90' lang='lat' dir='ltr'>instigat</span> <span class='ocrx_word' id='word_1_472' title='bbox 1914 3691 1956 3756; x_wconf 93' lang='lat' dir='ltr'>ad</span> <span class='ocrx_word' id='word_1_473' title='bbox 1978 3690 2169 3758; x_wconf 86' lang='lat' dir='ltr'>dissolutam</span> <span class='ocrx_word' id='word_1_474' title='bbox 2191 3695 2431 3779; x_wconf 86' lang='lat' dir='ltr'>effraenemque</span> 
     </span>
     <span class='ocr_line' id='line_1_35' title="bbox 426 3776 2430 3861; baseline -0 -14"><span class='ocrx_word' id='word_1_475' title='bbox 426 3783 539 3847; x_wconf 90' lang='lat' dir='ltr'>centis.</span> <span class='ocrx_word' id='word_1_476' title='bbox 583 3780 691 3844; x_wconf 91' lang='lat' dir='ltr'>Vocat</span> <span class='ocrx_word' id='word_1_477' title='bbox 711 3778 765 3842; x_wconf 92' lang='lat' dir='ltr'>hic</span> <span class='ocrx_word' id='word_1_478' title='bbox 787 3778 858 3843; x_wconf 93' lang='lat' dir='ltr'>sine</span> <span class='ocrx_word' id='word_1_479' title='bbox 880 3778 1093 3861; x_wconf 88' lang='lat' dir='ltr'>ambignitate</span> <span class='ocrx_word' id='word_1_480' title='bbox 1114 3785 1299 3859; x_wconf 87' lang='lat' dir='ltr'>peceatum,</span> <span class='ocrx_word' id='word_1_481' title='bbox 1327 3776 1404 3857; x_wconf 88' lang='lat' dir='ltr'>quia</span> <span class='ocrx_word' id='word_1_482' title='bbox 1454 3777 1620 3842; x_wconf 89' lang='lat' dir='ltr'>licentiam</span> <span class='ocrx_word' id='word_1_483' title='bbox 1627 3801 1635 3858; x_wconf 92' lang='lat'>;</span> <span class='ocrx_word' id='word_1_484' title='bbox 1664 3776 1723 3841; x_wconf 90' lang='lat' dir='ltr'>sed</span> <span class='ocrx_word' id='word_1_485' title='bbox 1747 3786 1844 3860; x_wconf 90' lang='lat' dir='ltr'>prout</span> <span class='ocrx_word' id='word_1_486' title='bbox 1865 3777 1990 3842; x_wconf 90' lang='lat' dir='ltr'>licitum</span> <span class='ocrx_word' id='word_1_487' title='bbox 2018 3781 2058 3844; x_wconf 91' lang='lat' dir='ltr'>ab</span> <span class='ocrx_word' id='word_1_488' title='bbox 2080 3779 2194 3844; x_wconf 87' lang='lat' dir='ltr'>illicito</span> <span class='ocrx_word' id='word_1_489' title='bbox 2216 3779 2430 3861; x_wconf 90' lang='lat' dir='ltr'>discriminat,</span> 
     </span>
     <span class='ocr_line' id='line_1_36' title="bbox 425 3861 2431 3951; baseline 0.001 -21"><span class='ocrx_word' id='word_1_490' title='bbox 425 3874 589 3951; x_wconf 90' lang='lat' dir='ltr'>prostrato</span> <span class='ocrx_word' id='word_1_491' title='bbox 617 3866 684 3929; x_wconf 90' lang='lat' dir='ltr'>iam</span> <span class='ocrx_word' id='word_1_492' title='bbox 713 3885 822 3929; x_wconf 90' lang='lat' dir='ltr'>errore</span> <span class='ocrx_word' id='word_1_493' title='bbox 851 3873 884 3928; x_wconf 91' lang='lat' dir='ltr'>et</span> <span class='ocrx_word' id='word_1_494' title='bbox 905 3865 1097 3929; x_wconf 86' lang='lat' dir='ltr'>confirmata</span> <span class='ocrx_word' id='word_1_495' title='bbox 1118 3862 1257 3928; x_wconf 86' lang='lat' dir='ltr'>veritate</span> <span class='ocrx_word' id='word_1_496' title='bbox 1278 3861 1403 3926; x_wconf 86' lang='lat' dir='ltr'>calum-</span> <span class='ocrx_word' id='word_1_497' title='bbox 1455 3862 1588 3926; x_wconf 91' lang='lat' dir='ltr'>modum</span> <span class='ocrx_word' id='word_1_498' title='bbox 1609 3863 1929 3946; x_wconf 82' lang='lat' dir='ltr'>moderationemque</span> <span class='ocrx_word' id='word_1_499' title='bbox 1958 3884 2090 3930; x_wconf 84' lang='lat' dir='ltr'>servare</span> <span class='ocrx_word' id='word_1_500' title='bbox 2117 3863 2220 3932; x_wconf 89' lang='lat' dir='ltr'>docet.</span> <span class='ocrx_word' id='word_1_501' title='bbox 2265 3866 2355 3947; x_wconf 78' lang='lat' dir='ltr'>Quid</span> <span class='ocrx_word' id='word_1_502' title='bbox 2382 3877 2431 3933; x_wconf 89' lang='lat' dir='ltr'>ta·</span> 
     </span>
     <span class='ocr_line' id='line_1_37' title="bbox 425 3948 2432 4030; baseline 0 -12"><span class='ocrx_word' id='word_1_503' title='bbox 425 3955 497 4018; x_wconf 91' lang='lat' dir='ltr'>nias</span> <span class='ocrx_word' id='word_1_504' title='bbox 513 3952 622 4016; x_wconf 88' lang='lat' dir='ltr'>minus</span> <span class='ocrx_word' id='word_1_505' title='bbox 640 3958 781 4015; x_wconf 88' lang='lat' dir='ltr'>veretur.</span> <span class='ocrx_word' id='word_1_506' title='bbox 816 3948 1101 4030; x_wconf 76' lang='lat' dir='ltr'>Quemadmodum</span> <span class='ocrx_word' id='word_1_507' title='bbox 1123 3955 1156 4011; x_wconf 92' lang='lat' dir='ltr'>ct</span> <span class='ocrx_word' id='word_1_508' title='bbox 1176 3948 1211 4012; x_wconf 94' lang='lat' dir='ltr'>iu</span> <span class='ocrx_word' id='word_1_509' title='bbox 1231 3948 1400 4026; x_wconf 91' lang='lat' dir='ltr'>Ioannem,</span> <span class='ocrx_word' id='word_1_510' title='bbox 1454 3969 1531 4012; x_wconf 92' lang='lat' dir='ltr'>men</span> <span class='ocrx_word' id='word_1_511' title='bbox 1557 3948 1681 4012; x_wconf 91' lang='lat' dir='ltr'>diutius</span> <span class='ocrx_word' id='word_1_512' title='bbox 1707 3949 1744 4013; x_wconf 90' lang='lat' dir='ltr'>in</span> <span class='ocrx_word' id='word_1_513' title='bbox 1771 3948 1949 4014; x_wconf 89' lang='lat' dir='ltr'>refellenda</span> <span class='ocrx_word' id='word_1_514' title='bbox 1975 3950 2120 4016; x_wconf 90' lang='lat' dir='ltr'>belluina</span> <span class='ocrx_word' id='word_1_515' title='bbox 2141 3953 2205 4016; x_wconf 90' lang='lat' dir='ltr'>ista</span> <span class='ocrx_word' id='word_1_516' title='bbox 2229 3953 2320 4018; x_wconf 88' lang='lat' dir='ltr'>rabie</span> <span class='ocrx_word' id='word_1_517' title='bbox 2341 3954 2432 4019; x_wconf 92' lang='lat' dir='ltr'>labo-</span> 
     </span>
     <span class='ocr_line' id='line_1_38' title="bbox 425 4033 2431 4118; baseline 0 -16"><span class='ocrx_word' id='word_1_518' title='bbox 425 4038 535 4103; x_wconf 89' lang='lat' dir='ltr'>homil.</span> <span class='ocrx_word' id='word_1_519' title='bbox 556 4043 605 4101; x_wconf 79' lang='lat'>41.</span> <span class='ocrx_word' id='word_1_520' title='bbox 635 4037 691 4101; x_wconf 93' lang='lat' dir='ltr'>ubi</span> <span class='ocrx_word' id='word_1_521' title='bbox 719 4058 761 4100; x_wconf 82' lang='lat' dir='ltr'>ex</span> <span class='ocrx_word' id='word_1_522' title='bbox 783 4035 885 4100; x_wconf 89' lang='lat' dir='ltr'>animi</span> <span class='ocrx_word' id='word_1_523' title='bbox 907 4037 958 4100; x_wconf 89' lang='lat' dir='ltr'>sui</span> <span class='ocrx_word' id='word_1_524' title='bbox 980 4057 1079 4100; x_wconf 89' lang='lat' dir='ltr'>sensu</span> <span class='ocrx_word' id='word_1_525' title='bbox 1101 4035 1172 4099; x_wconf 91' lang='lat' dir='ltr'>sine</span> <span class='ocrx_word' id='word_1_526' title='bbox 1194 4033 1401 4099; x_wconf 88' lang='lat' dir='ltr'>contentione</span> <span class='ocrx_word' id='word_1_527' title='bbox 1454 4034 1586 4100; x_wconf 85' lang='lat' dir='ltr'>remus?</span> <span class='ocrx_word' id='word_1_528' title='bbox 1632 4033 1830 4100; x_wconf 88' lang='lat' dir='ltr'>Christianis</span> <span class='ocrx_word' id='word_1_529' title='bbox 1855 4035 1990 4118; x_wconf 89' lang='lat' dir='ltr'>spiritns</span> <span class='ocrx_word' id='word_1_530' title='bbox 2011 4037 2148 4102; x_wconf 91' lang='lat' dir='ltr'>Domini</span> <span class='ocrx_word' id='word_1_531' title='bbox 2169 4058 2237 4102; x_wconf 92' lang='lat' dir='ltr'>non</span> <span class='ocrx_word' id='word_1_532' title='bbox 2259 4039 2431 4103; x_wconf 90' lang='lat' dir='ltr'>turbulen-</span> 
     </span>
     <span class='ocr_line' id='line_1_39' title="bbox 425 4119 2430 4206; baseline -0 -18"><span class='ocrx_word' id='word_1_533' title='bbox 425 4124 584 4206; x_wconf 87' lang='lat' dir='ltr'>loquitur:</span> <span class='ocrx_word' id='word_1_534' title='bbox 612 4124 640 4187; x_wconf 89' lang='lat' dir='ltr'>si</span> <span class='ocrx_word' id='word_1_535' title='bbox 667 4142 766 4187; x_wconf 91' lang='lat' dir='ltr'>carne</span> <span class='ocrx_word' id='word_1_536' title='bbox 794 4122 897 4185; x_wconf 83' lang='lat' dir='ltr'>servis</span> <span class='ocrx_word' id='word_1_537' title='bbox 919 4121 985 4204; x_wconf 85' lang='lat' dir='ltr'>legi</span> <span class='ocrx_word' id='word_1_538' title='bbox 1008 4121 1148 4204; x_wconf 88' lang='lat' dir='ltr'>peccati,</span> <span class='ocrx_word' id='word_1_539' title='bbox 1170 4121 1222 4185; x_wconf 88' lang='lat' dir='ltr'>fao</span> <span class='ocrx_word' id='word_1_540' title='bbox 1243 4119 1330 4201; x_wconf 90' lang='lat' dir='ltr'>quod</span> <span class='ocrx_word' id='word_1_541' title='bbox 1355 4120 1403 4183; x_wconf 91' lang='lat' dir='ltr'>ait</span> <span class='ocrx_word' id='word_1_542' title='bbox 1453 4127 1526 4184; x_wconf 91' lang='lat' dir='ltr'>tum</span> <span class='ocrx_word' id='word_1_543' title='bbox 1563 4128 1614 4185; x_wconf 92' lang='grc' dir='ltr'>θεῖ</span> <span class='ocrx_word' id='word_1_544' title='bbox 1641 4121 1854 4203; x_wconf 81' lang='lat' dir='ltr'>phantasma,</span> <span class='ocrx_word' id='word_1_545' title='bbox 1893 4120 1979 4204; x_wconf 91' lang='lat' dir='ltr'>qnod</span> <span class='ocrx_word' id='word_1_546' title='bbox 2006 4122 2059 4187; x_wconf 87' lang='lat' dir='ltr'>vel</span> <span class='ocrx_word' id='word_1_547' title='bbox 2082 4123 2146 4205; x_wconf 90' lang='lat' dir='ltr'>ipsi</span> <span class='ocrx_word' id='word_1_548' title='bbox 2176 4144 2235 4205; x_wconf 90' lang='lat' dir='ltr'>per</span> <span class='ocrx_word' id='word_1_549' title='bbox 2266 4125 2430 4187; x_wconf 91' lang='lat' dir='ltr'>somnium</span> 
     </span>
     <span class='ocr_line' id='line_1_40' title="bbox 426 4206 2429 4291; baseline -0 -18"><span class='ocrx_word' id='word_1_550' title='bbox 426 4209 496 4291; x_wconf 91' lang='lat' dir='ltr'>ipse</span> <span class='ocrx_word' id='word_1_551' title='bbox 518 4208 682 4290; x_wconf 91' lang='lat' dir='ltr'>apostolus</span> <span class='ocrx_word' id='word_1_552' title='bbox 704 4207 814 4290; x_wconf 83' lang='lat' dir='ltr'>(Boni.</span> <span class='ocrx_word' id='word_1_553' title='bbox 835 4213 869 4283; x_wconf 86' lang='grc'>6,</span> <span class='ocrx_word' id='word_1_554' title='bbox 893 4206 961 4290; x_wconf 82' lang='grc'>12);</span> <span class='ocrx_word' id='word_1_555' title='bbox 996 4227 1066 4270; x_wconf 92' lang='lat' dir='ltr'>non</span> <span class='ocrx_word' id='word_1_556' title='bbox 1092 4212 1209 4289; x_wconf 86' lang='lat' dir='ltr'>regnet</span> <span class='ocrx_word' id='word_1_557' title='bbox 1231 4212 1402 4287; x_wconf 88' lang='lat' dir='ltr'>peccatum</span> <span class='ocrx_word' id='word_1_558' title='bbox 1452 4207 1648 4289; x_wconf 89' lang='lat' dir='ltr'>pepererint,</span> <span class='ocrx_word' id='word_1_559' title='bbox 1666 4207 1720 4273; x_wconf 83' lang='lat' dir='ltr'>vel</span> <span class='ocrx_word' id='word_1_560' title='bbox 1740 4206 1780 4272; x_wconf 90' lang='lat' dir='ltr'>ab</span> <span class='ocrx_word' id='word_1_561' title='bbox 1798 4207 1871 4273; x_wconf 90' lang='lat' dir='ltr'>aliis</span> <span class='ocrx_word' id='word_1_562' title='bbox 1882 4209 2054 4273; x_wconf 88' lang='lat' dir='ltr'>confictum</span> <span class='ocrx_word' id='word_1_563' title='bbox 2068 4209 2265 4290; x_wconf 89' lang='lat' dir='ltr'>acceperint;</span> <span class='ocrx_word' id='word_1_564' title='bbox 2289 4206 2344 4270; x_wconf 93' lang='lat' dir='ltr'>sed</span> <span class='ocrx_word' id='word_1_565' title='bbox 2357 4208 2429 4272; x_wconf 90' lang='lat' dir='ltr'>eins</span> 
     </span>
     <span class='ocr_line' id='line_1_41' title="bbox 426 4289 2428 4376; baseline -0.001 -17"><span class='ocrx_word' id='word_1_566' title='bbox 426 4295 463 4359; x_wconf 91' lang='lat' dir='ltr'>in</span> <span class='ocrx_word' id='word_1_567' title='bbox 482 4293 613 4358; x_wconf 88' lang='lat' dir='ltr'>mortali</span> <span class='ocrx_word' id='word_1_568' title='bbox 633 4301 743 4358; x_wconf 86' lang='lat' dir='ltr'>vestro</span> <span class='ocrx_word' id='word_1_569' title='bbox 765 4312 910 4374; x_wconf 90' lang='lat' dir='ltr'>corpore,</span> <span class='ocrx_word' id='word_1_570' title='bbox 934 4290 976 4356; x_wconf 87' lang='lat' dir='ltr'>ad</span> <span class='ocrx_word' id='word_1_571' title='bbox 994 4290 1211 4356; x_wconf 91' lang='lat' dir='ltr'>obediendum</span> <span class='ocrx_word' id='word_1_572' title='bbox 1232 4289 1402 4357; x_wconf 91' lang='lat' dir='ltr'>desideriis</span> <span class='ocrx_word' id='word_1_573' title='bbox 1452 4292 1603 4357; x_wconf 89' lang='lat' dir='ltr'>notitiam</span> <span class='ocrx_word' id='word_1_574' title='bbox 1620 4314 1645 4362; x_wconf 75' lang='lat' dir='ltr'>,a</span> <span class='ocrx_word' id='word_1_575' title='bbox 1665 4293 1836 4376; x_wconf 90' lang='lat' dir='ltr'>seripturis</span> <span class='ocrx_word' id='word_1_576' title='bbox 1857 4293 2007 4376; x_wconf 87' lang='lat' dir='ltr'>religiose</span> <span class='ocrx_word' id='word_1_577' title='bbox 2027 4300 2161 4375; x_wconf 89' lang='lat' dir='ltr'>petunt,</span> <span class='ocrx_word' id='word_1_578' title='bbox 2182 4291 2238 4355; x_wconf 94' lang='lat' dir='ltr'>ubi</span> <span class='ocrx_word' id='word_1_579' title='bbox 2261 4292 2324 4355; x_wconf 93' lang='lat' dir='ltr'>dno</span> <span class='ocrx_word' id='word_1_580' title='bbox 2347 4291 2428 4357; x_wconf 89' lang='lat' dir='ltr'>haec</span> 
     </span>
     <span class='ocr_line' id='line_1_42' title="bbox 427 4374 2429 4461; baseline -0.002 -15"><span class='ocrx_word' id='word_1_581' title='bbox 427 4381 505 4446; x_wconf 90' lang='lat' dir='ltr'>eius.</span> <span class='ocrx_word' id='word_1_582' title='bbox 546 4379 623 4443; x_wconf 91' lang='lat' dir='ltr'>Non</span> <span class='ocrx_word' id='word_1_583' title='bbox 645 4378 700 4456; x_wconf 90' lang='lat' dir='ltr'>ait,</span> <span class='ocrx_word' id='word_1_584' title='bbox 723 4400 789 4442; x_wconf 91' lang='lat' dir='ltr'>non</span> <span class='ocrx_word' id='word_1_585' title='bbox 809 4378 866 4457; x_wconf 92' lang='lat' dir='ltr'>sit;</span> <span class='ocrx_word' id='word_1_586' title='bbox 891 4376 957 4456; x_wconf 92' lang='lat' dir='ltr'>sed,</span> <span class='ocrx_word' id='word_1_587' title='bbox 981 4398 1048 4441; x_wconf 93' lang='lat' dir='ltr'>non</span> <span class='ocrx_word' id='word_1_588' title='bbox 1069 4386 1193 4461; x_wconf 90' lang='lat' dir='ltr'>regnet.</span> <span class='ocrx_word' id='word_1_589' title='bbox 1234 4374 1400 4455; x_wconf 78' lang='lat' dir='ltr'>Quamdiu</span> <span class='ocrx_word' id='word_1_590' title='bbox 1453 4376 1493 4441; x_wconf 95' lang='lat' dir='ltr'>de</span> <span class='ocrx_word' id='word_1_591' title='bbox 1512 4379 1582 4460; x_wconf 89' lang='lat' dir='ltr'>ipso</span> <span class='ocrx_word' id='word_1_592' title='bbox 1604 4377 1793 4443; x_wconf 89' lang='lat' dir='ltr'>traduntur:</span> <span class='ocrx_word' id='word_1_593' title='bbox 1822 4379 1916 4442; x_wconf 92' lang='lat' dir='ltr'>nobis</span> <span class='ocrx_word' id='word_1_594' title='bbox 1942 4379 1978 4441; x_wconf 90' lang='lat' dir='ltr'>in</span> <span class='ocrx_word' id='word_1_595' title='bbox 2005 4379 2291 4442; x_wconf 87' lang='lat' dir='ltr'>sanctificationem</span> <span class='ocrx_word' id='word_1_596' title='bbox 2314 4376 2429 4441; x_wconf 90' lang='lat' dir='ltr'>datum</span> 
     </span>
     <span class='ocr_line' id='line_1_43' title="bbox 426 4462 2427 4548; baseline -0.002 -16"><span class='ocrx_word' id='word_1_597' title='bbox 426 4468 529 4544; x_wconf 82' lang='lat' dir='ltr'>vivis,</span> <span class='ocrx_word' id='word_1_598' title='bbox 557 4471 726 4548; x_wconf 89' lang='lat' dir='ltr'>peccatum</span> <span class='ocrx_word' id='word_1_599' title='bbox 748 4483 879 4528; x_wconf 87' lang='lat' dir='ltr'>necesse</span> <span class='ocrx_word' id='word_1_600' title='bbox 907 4471 957 4527; x_wconf 90' lang='lat' dir='ltr'>est</span> <span class='ocrx_word' id='word_1_601' title='bbox 983 4484 1054 4527; x_wconf 88' lang='lat' dir='ltr'>esse</span> <span class='ocrx_word' id='word_1_602' title='bbox 1081 4464 1115 4526; x_wconf 91' lang='lat' dir='ltr'>in</span> <span class='ocrx_word' id='word_1_603' title='bbox 1141 4463 1297 4527; x_wconf 89' lang='lat' dir='ltr'>membris</span> <span class='ocrx_word' id='word_1_604' title='bbox 1317 4462 1398 4540; x_wconf 88' lang='lat' dir='ltr'>tuis;</span> <span class='ocrx_word' id='word_1_605' title='bbox 1452 4484 1532 4541; x_wconf 92' lang='lat' dir='ltr'>esse,</span> <span class='ocrx_word' id='word_1_606' title='bbox 1556 4485 1619 4546; x_wconf 91' lang='lat' dir='ltr'>quc</span> <span class='ocrx_word' id='word_1_607' title='bbox 1641 4462 1683 4528; x_wconf 91' lang='lat' dir='ltr'>ab</span> <span class='ocrx_word' id='word_1_608' title='bbox 1703 4462 1922 4527; x_wconf 88' lang='lat' dir='ltr'>immunditiis</span> <span class='ocrx_word' id='word_1_609' title='bbox 1943 4473 1977 4527; x_wconf 90' lang='grc' dir='ltr'>θῖ</span> <span class='ocrx_word' id='word_1_610' title='bbox 1996 4463 2250 4544; x_wconf 90' lang='lat' dir='ltr'>inquinamentis</span> <span class='ocrx_word' id='word_1_611' title='bbox 2267 4472 2427 4545; x_wconf 88' lang='lat' dir='ltr'>purgatos</span> 
     </span>
     <span class='ocr_line' id='line_1_44' title="bbox 427 4546 2515 4634; baseline -0.002 -18"><span class='ocrx_word' id='word_1_612' title='bbox 427 4552 545 4618; x_wconf 88' lang='lat' dir='ltr'>saltem</span> <span class='ocrx_word' id='word_1_613' title='bbox 573 4571 712 4634; x_wconf 88' lang='lat' dir='ltr'>regnum</span> <span class='ocrx_word' id='word_1_614' title='bbox 732 4549 781 4613; x_wconf 93' lang='lat' dir='ltr'>illi</span> <span class='ocrx_word' id='word_1_615' title='bbox 801 4549 985 4627; x_wconf 89' lang='lat' dir='ltr'>anferatur,</span> <span class='ocrx_word' id='word_1_616' title='bbox 1013 4570 1080 4612; x_wconf 92' lang='lat' dir='ltr'>non</span> <span class='ocrx_word' id='word_1_617' title='bbox 1106 4550 1165 4611; x_wconf 88' lang='lat' dir='ltr'>fiat</span> <span class='ocrx_word' id='word_1_618' title='bbox 1191 4547 1277 4630; x_wconf 91' lang='lat' dir='ltr'>quod</span> <span class='ocrx_word' id='word_1_619' title='bbox 1298 4546 1398 4611; x_wconf 91' lang='lat' dir='ltr'>iubet.</span> <span class='ocrx_word' id='word_1_620' title='bbox 1451 4549 1487 4611; x_wconf 94' lang='lat' dir='ltr'>in</span> <span class='ocrx_word' id='word_1_621' title='bbox 1509 4548 1728 4614; x_wconf 87' lang='lat' dir='ltr'>obedientiam</span> <span class='ocrx_word' id='word_1_622' title='bbox 1749 4547 1878 4614; x_wconf 87' lang='lat' dir='ltr'>divinae</span> <span class='ocrx_word' id='word_1_623' title='bbox 1896 4547 2041 4612; x_wconf 89' lang='lat' dir='ltr'>institiae</span> <span class='ocrx_word' id='word_1_624' title='bbox 2062 4546 2215 4624; x_wconf 86' lang='lat' dir='ltr'>deducat,</span> <span class='ocrx_word' id='word_1_625' title='bbox 2246 4568 2328 4630; x_wconf 88' lang='lat' dir='ltr'>quae</span> <span class='ocrx_word' id='word_1_626' title='bbox 2350 4547 2427 4613; x_wconf 89' lang='lat' dir='ltr'>obe·</span> <span class='ocrx_word' id='word_1_627' title='bbox 2510 4579 2515 4589; x_wconf 91' lang='lat'><strong>·</strong></span> 
     </span>
    </p>
   </div>
   <div class='ocr_carea' id='block_1_3' title="bbox 303 4631 2428 4718">
    <p class='ocr_par' dir='ltr' id='par_1_4' title="bbox 303 4631 2428 4718">
     <span class='ocr_line' id='line_1_45' title="bbox 303 4631 2428 4718; baseline -0.001 -16"><span class='ocrx_word' id='word_1_628' title='bbox 303 4682 306 4688; x_wconf 83' lang='grc'><strong>-</strong></span> <span class='ocrx_word' id='word_1_629' title='bbox 428 4637 494 4718; x_wconf 77' lang='lat' dir='ltr'>Qui</span> <span class='ocrx_word' id='word_1_630' title='bbox 517 4635 811 4718; x_wconf 89' lang='lat' dir='ltr'>concupiscentiam</span> <span class='ocrx_word' id='word_1_631' title='bbox 837 4655 903 4699; x_wconf 90' lang='lat' dir='ltr'>non</span> <span class='ocrx_word' id='word_1_632' title='bbox 925 4655 996 4698; x_wconf 90' lang='lat' dir='ltr'>esse</span> <span class='ocrx_word' id='word_1_633' title='bbox 1017 4642 1187 4717; x_wconf 89' lang='lat' dir='ltr'>peecatum</span> <span class='ocrx_word' id='word_1_634' title='bbox 1209 4631 1398 4713; x_wconf 89' lang='lat' dir='ltr'>defendunt,</span> <span class='ocrx_word' id='word_1_635' title='bbox 1452 4633 1576 4698; x_wconf 92' lang='lat' dir='ltr'>dientia</span> <span class='ocrx_word' id='word_1_636' title='bbox 1597 4643 1745 4699; x_wconf 89' lang='lat' dir='ltr'>constare</span> <span class='ocrx_word' id='word_1_637' title='bbox 1766 4633 1881 4714; x_wconf 91' lang='lat' dir='ltr'>nequit</span> <span class='ocrx_word' id='word_1_638' title='bbox 1896 4632 1960 4696; x_wconf 93' lang='lat' dir='ltr'>nisi</span> <span class='ocrx_word' id='word_1_639' title='bbox 1979 4632 2110 4697; x_wconf 91' lang='lat' dir='ltr'>domitis</span> <span class='ocrx_word' id='word_1_640' title='bbox 2130 4631 2338 4715; x_wconf 91' lang='lat' dir='ltr'>subactisque</span> <span class='ocrx_word' id='word_1_641' title='bbox 2349 4655 2428 4699; x_wconf 91' lang='lat' dir='ltr'>eon·</span> 
     </span>
    </p>
   </div>
   <div class='ocr_carea' id='block_1_4' title="bbox 425 4716 2427 4807">
    <p class='ocr_par' dir='ltr' id='par_1_5' title="bbox 425 4716 2427 4807">
     <span class='ocr_line' id='line_1_46' title="bbox 425 4716 2427 4807; baseline -0.001 -21"><span class='ocrx_word' id='word_1_642' title='bbox 425 4723 517 4787; x_wconf 91' lang='lat' dir='ltr'>illud.</span> <span class='ocrx_word' id='word_1_643' title='bbox 536 4723 647 4800; x_wconf 78' lang='lat' dir='ltr'>Iacobi</span> <span class='ocrx_word' id='word_1_644' title='bbox 669 4720 720 4807; x_wconf 91' lang='lat' dir='ltr'>(l,</span> <span class='ocrx_word' id='word_1_645' title='bbox 742 4726 779 4784; x_wconf 85' lang='lat'>15</span> <span class='ocrx_word' id='word_1_646' title='bbox 823 4721 961 4800; x_wconf 84' lang='lat' dir='ltr'>obiicere</span> <span class='ocrx_word' id='word_1_647' title='bbox 986 4719 1103 4784; x_wconf 91' lang='lat' dir='ltr'>solent:</span> <span class='ocrx_word' id='word_1_648' title='bbox 1138 4720 1400 4800; x_wconf 87' lang='lat' dir='ltr'>concupiscentia</span> <span class='ocrx_word' id='word_1_649' title='bbox 1451 4719 1674 4801; x_wconf 89' lang='lat' dir='ltr'>cupiscentiis,</span> <span class='ocrx_word' id='word_1_650' title='bbox 1697 4719 1814 4801; x_wconf 89' lang='lat' dir='ltr'>quibus</span> <span class='ocrx_word' id='word_1_651' title='bbox 1835 4717 1891 4780; x_wconf 89' lang='lat' dir='ltr'>isti</span> <span class='ocrx_word' id='word_1_652' title='bbox 1914 4716 2059 4782; x_wconf 88' lang='lat' dir='ltr'>habenas</span> <span class='ocrx_word' id='word_1_653' title='bbox 2078 4718 2191 4782; x_wconf 84' lang='lat' dir='ltr'>laxare</span> <span class='ocrx_word' id='word_1_654' title='bbox 2210 4719 2339 4798; x_wconf 89' lang='lat' dir='ltr'>volunt;</span> <span class='ocrx_word' id='word_1_655' title='bbox 2370 4719 2427 4784; x_wconf 91' lang='lat' dir='ltr'>de-</span> 
     </span>
    </p>
   </div>
   <div class='ocr_carea' id='block_1_5' title="bbox 297 4803 2427 4890">
    <p class='ocr_par' dir='ltr' id='par_1_6' title="bbox 297 4803 2427 4890">
     <span class='ocr_line' id='line_1_47' title="bbox 297 4803 2427 4890; baseline -0 -19"><span class='ocrx_word' id='word_1_656' title='bbox 297 4810 305 4818; x_wconf 84' lang='grc'><em>“</em></span> <span class='ocrx_word' id='word_1_657' title='bbox 426 4816 598 4889; x_wconf 86' lang='lat' dir='ltr'>postquam</span> <span class='ocrx_word' id='word_1_658' title='bbox 620 4815 817 4890; x_wconf 84' lang='lat' dir='ltr'>conceperit,</span> <span class='ocrx_word' id='word_1_659' title='bbox 844 4808 929 4889; x_wconf 87' lang='lat' dir='ltr'>parit</span> <span class='ocrx_word' id='word_1_660' title='bbox 954 4813 1132 4889; x_wconf 89' lang='lat' dir='ltr'>peccatum.</span> <span class='ocrx_word' id='word_1_661' title='bbox 1177 4805 1281 4886; x_wconf 82' lang='lat' dir='ltr'>Atqui</span> <span class='ocrx_word' id='word_1_662' title='bbox 1308 4803 1399 4867; x_wconf 91' lang='lat' dir='ltr'>nullo</span> <span class='ocrx_word' id='word_1_663' title='bbox 1451 4804 1527 4868; x_wconf 91' lang='lat' dir='ltr'>inde</span> <span class='ocrx_word' id='word_1_664' title='bbox 1550 4806 1596 4869; x_wconf 91' lang='lat' dir='ltr'>sie</span> <span class='ocrx_word' id='word_1_665' title='bbox 1617 4825 1677 4869; x_wconf 90' lang='lat' dir='ltr'>nos</span> <span class='ocrx_word' id='word_1_666' title='bbox 1699 4804 1769 4868; x_wconf 92' lang='lat' dir='ltr'>eins</span> <span class='ocrx_word' id='word_1_667' title='bbox 1791 4803 2046 4869; x_wconf 87' lang='lat' dir='ltr'>sanctificatione</span> <span class='ocrx_word' id='word_1_668' title='bbox 2066 4805 2219 4888; x_wconf 84' lang='lat' dir='ltr'>pnrgari,</span> <span class='ocrx_word' id='word_1_669' title='bbox 2247 4810 2285 4868; x_wconf 95' lang='lat' dir='ltr'>ut</span> <span class='ocrx_word' id='word_1_670' title='bbox 2311 4805 2427 4870; x_wconf 88' lang='lat' dir='ltr'>multis</span> 
     </span>
    </p>
   </div>
   <div class='ocr_carea' id='block_1_6' title="bbox 425 4887 2427 5746">
    <p class='ocr_par' dir='ltr' id='par_1_7' title="bbox 425 4887 2427 5746">
     <span class='ocr_line' id='line_1_48' title="bbox 426 4887 2426 4974; baseline -0.001 -18"><span class='ocrx_word' id='word_1_671' title='bbox 426 4895 557 4974; x_wconf 88' lang='lat' dir='ltr'>negotio</span> <span class='ocrx_word' id='word_1_672' title='bbox 587 4893 648 4958; x_wconf 90' lang='lat' dir='ltr'>hoc</span> <span class='ocrx_word' id='word_1_673' title='bbox 676 4893 849 4957; x_wconf 86' lang='lat' dir='ltr'>refellitur:</span> <span class='ocrx_word' id='word_1_674' title='bbox 882 4892 945 4957; x_wconf 91' lang='lat' dir='ltr'>nisi</span> <span class='ocrx_word' id='word_1_675' title='bbox 971 4891 1059 4957; x_wconf 91' lang='lat' dir='ltr'>enim</span> <span class='ocrx_word' id='word_1_676' title='bbox 1085 4890 1126 4954; x_wconf 91' lang='lat' dir='ltr'>de</span> <span class='ocrx_word' id='word_1_677' title='bbox 1147 4889 1224 4955; x_wconf 92' lang='lat' dir='ltr'>solis</span> <span class='ocrx_word' id='word_1_678' title='bbox 1247 4888 1398 4971; x_wconf 91' lang='lat' dir='ltr'>operibus</span> <span class='ocrx_word' id='word_1_679' title='bbox 1450 4890 1539 4955; x_wconf 81' lang='lat' dir='ltr'>vitiis</span> <span class='ocrx_word' id='word_1_680' title='bbox 1562 4889 1728 4971; x_wconf 88' lang='lat' dir='ltr'>multaque</span> <span class='ocrx_word' id='word_1_681' title='bbox 1753 4888 1944 4952; x_wconf 87' lang='lat' dir='ltr'>infirmitate</span> <span class='ocrx_word' id='word_1_682' title='bbox 1965 4887 2174 4954; x_wconf 88' lang='lat' dir='ltr'>obsideamur</span> <span class='ocrx_word' id='word_1_683' title='bbox 2197 4890 2353 4972; x_wconf 90' lang='lat' dir='ltr'>quamdiu</span> <span class='ocrx_word' id='word_1_684' title='bbox 2375 4893 2426 4956; x_wconf 92' lang='lat' dir='ltr'>in·</span> 
     </span>
     <span class='ocr_line' id='line_1_49' title="bbox 426 4973 2427 5061; baseline 0.001 -22"><span class='ocrx_word' id='word_1_685' title='bbox 426 4975 532 5054; x_wconf 89' lang='lat' dir='ltr'>malis,</span> <span class='ocrx_word' id='word_1_686' title='bbox 555 4977 608 5040; x_wconf 89' lang='lat' dir='ltr'>vel</span> <span class='ocrx_word' id='word_1_687' title='bbox 632 4977 671 5041; x_wconf 91' lang='lat' dir='ltr'>de</span> <span class='ocrx_word' id='word_1_688' title='bbox 693 4979 833 5060; x_wconf 90' lang='lat' dir='ltr'>peccatis</span> <span class='ocrx_word' id='word_1_689' title='bbox 854 4975 1032 5043; x_wconf 88' lang='lat' dir='ltr'>actualibus</span> <span class='ocrx_word' id='word_1_690' title='bbox 1048 4975 1272 5059; x_wconf 88' lang='lat' dir='ltr'>intelligamus</span> <span class='ocrx_word' id='word_1_691' title='bbox 1289 4975 1398 5056; x_wconf 89' lang='lat' dir='ltr'>ipsum</span> <span class='ocrx_word' id='word_1_692' title='bbox 1450 4974 1533 5040; x_wconf 88' lang='lat' dir='ltr'>clusi</span> <span class='ocrx_word' id='word_1_693' title='bbox 1555 4995 1668 5038; x_wconf 90' lang='lat' dir='ltr'>sumus</span> <span class='ocrx_word' id='word_1_694' title='bbox 1689 4973 1774 5037; x_wconf 91' lang='lat' dir='ltr'>mole</span> <span class='ocrx_word' id='word_1_695' title='bbox 1796 4975 1941 5056; x_wconf 88' lang='lat' dir='ltr'>corporis</span> <span class='ocrx_word' id='word_1_696' title='bbox 1962 4977 2076 5055; x_wconf 71' lang='lat' dir='ltr'>nostri.</span> <span class='ocrx_word' id='word_1_697' title='bbox 2111 4974 2187 5055; x_wconf 77' lang='lat' dir='ltr'>Quo</span> <span class='ocrx_word' id='word_1_698' title='bbox 2209 4978 2248 5041; x_wconf 90' lang='lat' dir='ltr'>fit</span> <span class='ocrx_word' id='word_1_699' title='bbox 2270 4983 2308 5040; x_wconf 93' lang='lat' dir='ltr'>ut</span> <span class='ocrx_word' id='word_1_700' title='bbox 2329 4977 2427 5061; x_wconf 90' lang='lat' dir='ltr'>longo</span> 
     </span>
     <span class='ocr_line' id='line_1_50' title="bbox 426 5059 2426 5146; baseline 0.001 -21"><span class='ocrx_word' id='word_1_701' title='bbox 426 5061 529 5142; x_wconf 91' lang='lat' dir='ltr'>loqui,</span> <span class='ocrx_word' id='word_1_702' title='bbox 558 5083 600 5123; x_wconf 92' lang='lat' dir='ltr'>nc</span> <span class='ocrx_word' id='word_1_703' title='bbox 622 5064 709 5124; x_wconf 86' lang='lat' dir='ltr'>mala</span> <span class='ocrx_word' id='word_1_704' title='bbox 731 5064 862 5145; x_wconf 88' lang='lat' dir='ltr'>quidem</span> <span class='ocrx_word' id='word_1_705' title='bbox 884 5063 1033 5129; x_wconf 89' lang='lat' dir='ltr'>voluntas</span> <span class='ocrx_word' id='word_1_706' title='bbox 1053 5063 1089 5127; x_wconf 94' lang='lat' dir='ltr'>in</span> <span class='ocrx_word' id='word_1_707' title='bbox 1109 5067 1240 5144; x_wconf 88' lang='lat' dir='ltr'>peccato</span> <span class='ocrx_word' id='word_1_708' title='bbox 1263 5059 1398 5141; x_wconf 91' lang='lat' dir='ltr'>deputa-</span> <span class='ocrx_word' id='word_1_709' title='bbox 1450 5059 1621 5125; x_wconf 89' lang='lat' dir='ltr'>intervallo</span> <span class='ocrx_word' id='word_1_710' title='bbox 1649 5080 1668 5123; x_wconf 90' lang='lat' dir='ltr'>a</span> <span class='ocrx_word' id='word_1_711' title='bbox 1689 5059 1887 5142; x_wconf 85' lang='lat' dir='ltr'>perfectione</span> <span class='ocrx_word' id='word_1_712' title='bbox 1910 5059 2016 5126; x_wconf 88' lang='lat' dir='ltr'>dissiti</span> <span class='ocrx_word' id='word_1_713' title='bbox 2036 5063 2193 5143; x_wconf 88' lang='lat' dir='ltr'>proficere</span> <span class='ocrx_word' id='word_1_714' title='bbox 2215 5084 2344 5146; x_wconf 90' lang='lat' dir='ltr'>semper</span> <span class='ocrx_word' id='word_1_715' title='bbox 2366 5063 2426 5126; x_wconf 91' lang='lat' dir='ltr'>ali·</span> 
     </span>
     <span class='ocr_line' id='line_1_51' title="bbox 426 5142 2425 5234; baseline 0.002 -24"><span class='ocrx_word' id='word_1_716' title='bbox 426 5147 523 5210; x_wconf 88' lang='lat' dir='ltr'>bitur.</span> <span class='ocrx_word' id='word_1_717' title='bbox 558 5146 612 5209; x_wconf 79' lang='lat' dir='ltr'>Er</span> <span class='ocrx_word' id='word_1_718' title='bbox 634 5168 671 5208; x_wconf 92' lang='lat' dir='ltr'>eo</span> <span class='ocrx_word' id='word_1_719' title='bbox 694 5158 803 5212; x_wconf 88' lang='lat' dir='ltr'>autem</span> <span class='ocrx_word' id='word_1_720' title='bbox 825 5150 911 5232; x_wconf 92' lang='lat' dir='ltr'>quod</span> <span class='ocrx_word' id='word_1_721' title='bbox 932 5148 1056 5234; x_wconf 83' lang='lat' dir='ltr'>flagitia</span> <span class='ocrx_word' id='word_1_722' title='bbox 1076 5154 1111 5212; x_wconf 93' lang='grc' dir='ltr'>θῖ</span> <span class='ocrx_word' id='word_1_723' title='bbox 1130 5166 1234 5230; x_wconf 86' lang='lat' dir='ltr'>prava</span> <span class='ocrx_word' id='word_1_724' title='bbox 1254 5146 1398 5209; x_wconf 90' lang='lat' dir='ltr'>facinora</span> <span class='ocrx_word' id='word_1_725' title='bbox 1450 5142 1589 5228; x_wconf 91' lang='lat' dir='ltr'>quidet</span> <span class='ocrx_word' id='word_1_726' title='bbox 1618 5146 1707 5211; x_wconf 82' lang='lat' dir='ltr'>vitiis</span> <span class='ocrx_word' id='word_1_727' title='bbox 1735 5145 1854 5210; x_wconf 89' lang='lat' dir='ltr'>irretiti</span> <span class='ocrx_word' id='word_1_728' title='bbox 1880 5166 1953 5210; x_wconf 91' lang='lat' dir='ltr'>cum</span> <span class='ocrx_word' id='word_1_729' title='bbox 1976 5146 2041 5211; x_wconf 92' lang='lat' dir='ltr'>illis</span> <span class='ocrx_word' id='word_1_730' title='bbox 2062 5147 2207 5230; x_wconf 89' lang='lat' dir='ltr'>quotidie</span> <span class='ocrx_word' id='word_1_731' title='bbox 2229 5148 2345 5213; x_wconf 87' lang='lat' dir='ltr'>luctari</span> <span class='ocrx_word' id='word_1_732' title='bbox 2367 5170 2425 5213; x_wconf 93' lang='lat' dir='ltr'>ne-</span> 
     </span>
     <span class='ocr_line' id='line_1_52' title="bbox 426 5229 2426 5316; baseline 0.002 -22"><span class='ocrx_word' id='word_1_733' title='bbox 426 5230 706 5313; x_wconf 88' lang='lat' dir='ltr'>eoncupiscentiae</span> <span class='ocrx_word' id='word_1_734' title='bbox 727 5244 841 5314; x_wconf 90' lang='lat' dir='ltr'>partus</span> <span class='ocrx_word' id='word_1_735' title='bbox 863 5242 972 5314; x_wconf 85' lang='lat' dir='ltr'>vocat,</span> <span class='ocrx_word' id='word_1_736' title='bbox 994 5241 1090 5316; x_wconf 84' lang='lat' dir='ltr'>atque</span> <span class='ocrx_word' id='word_1_737' title='bbox 1111 5234 1152 5298; x_wconf 91' lang='lat' dir='ltr'>iis</span> <span class='ocrx_word' id='word_1_738' title='bbox 1171 5231 1253 5316; x_wconf 89' lang='lat' dir='ltr'>ipsis</span> <span class='ocrx_word' id='word_1_739' title='bbox 1274 5231 1399 5313; x_wconf 89' lang='lat' dir='ltr'>peccati</span> <span class='ocrx_word' id='word_1_740' title='bbox 1449 5251 1539 5295; x_wconf 90' lang='lat' dir='ltr'>cesse</span> <span class='ocrx_word' id='word_1_741' title='bbox 1561 5229 1748 5296; x_wconf 79' lang='lat' dir='ltr'>habeamus.</span> <span class='ocrx_word' id='word_1_742' title='bbox 1792 5230 1890 5296; x_wconf 80' lang='lat' dir='ltr'>Unde</span> <span class='ocrx_word' id='word_1_743' title='bbox 1912 5232 2014 5296; x_wconf 87' lang='lat' dir='ltr'>etiam</span> <span class='ocrx_word' id='word_1_744' title='bbox 2035 5234 2259 5315; x_wconf 89' lang='lat' dir='ltr'>consequitur,</span> <span class='ocrx_word' id='word_1_745' title='bbox 2288 5255 2426 5298; x_wconf 79' lang='lat' dir='ltr'>excussa</span> 
     </span>
     <span class='ocr_line' id='line_1_53' title="bbox 425 5315 2426 5407; baseline 0.003 -33"><span class='ocrx_word' id='word_1_746' title='bbox 425 5335 546 5407; x_wconf 79' lang='lat' dir='ltr'>nemen</span> <span class='ocrx_word' id='word_1_747' title='bbox 574 5315 703 5393; x_wconf 88' lang='lat' dir='ltr'>tribuit,</span> <span class='ocrx_word' id='word_1_748' title='bbox 732 5339 798 5382; x_wconf 92' lang='lat' dir='ltr'>non</span> <span class='ocrx_word' id='word_1_749' title='bbox 826 5323 976 5401; x_wconf 91' lang='lat' dir='ltr'>protinus</span> <span class='ocrx_word' id='word_1_750' title='bbox 1003 5320 1148 5402; x_wconf 90' lang='lat' dir='ltr'>seqnitur</span> <span class='ocrx_word' id='word_1_751' title='bbox 1174 5319 1256 5401; x_wconf 89' lang='lat' dir='ltr'>quin</span> <span class='ocrx_word' id='word_1_752' title='bbox 1279 5335 1398 5381; x_wconf 90' lang='lat' dir='ltr'>conou-</span> <span class='ocrx_word' id='word_1_753' title='bbox 1451 5316 1576 5381; x_wconf 89' lang='lat' dir='ltr'>desidia</span> <span class='ocrx_word' id='word_1_754' title='bbox 1607 5325 1641 5381; x_wconf 92' lang='lat' dir='ltr'>et</span> <span class='ocrx_word' id='word_1_755' title='bbox 1674 5317 1862 5394; x_wconf 86' lang='lat' dir='ltr'>securitate,</span> <span class='ocrx_word' id='word_1_756' title='bbox 1900 5317 2037 5383; x_wconf 89' lang='lat' dir='ltr'>intentis</span> <span class='ocrx_word' id='word_1_757' title='bbox 2071 5319 2188 5383; x_wconf 91' lang='lat' dir='ltr'>animis</span> <span class='ocrx_word' id='word_1_758' title='bbox 2220 5317 2426 5403; x_wconf 84' lang='lat' dir='ltr'>vigilandum</span> 
     </span>
     <span class='ocr_line' id='line_1_54' title="bbox 426 5401 2419 5484; baseline 0.006 -27"><span class='ocrx_word' id='word_1_759' title='bbox 426 5415 551 5472; x_wconf 83' lang='lat' dir='ltr'>precere</span> <span class='ocrx_word' id='word_1_760' title='bbox 573 5421 626 5463; x_wconf 89' lang='lat' dir='ltr'>res</span> <span class='ocrx_word' id='word_1_761' title='bbox 647 5401 735 5484; x_wconf 84' lang='lat' dir='ltr'>mala</span> <span class='ocrx_word' id='word_1_762' title='bbox 757 5404 800 5466; x_wconf 90' lang='lat' dir='ltr'>sit</span> <span class='ocrx_word' id='word_1_763' title='bbox 821 5413 854 5468; x_wconf 92' lang='lat' dir='ltr'>et</span> <span class='ocrx_word' id='word_1_764' title='bbox 875 5426 984 5470; x_wconf 91' lang='lat' dir='ltr'>coram</span> <span class='ocrx_word' id='word_1_765' title='bbox 1005 5406 1077 5470; x_wconf 91' lang='lat' dir='ltr'>Deo</span> <span class='ocrx_word' id='word_1_766' title='bbox 1097 5402 1298 5470; x_wconf 87' lang='lat' dir='ltr'>damnabilis.</span> <span class='ocrx_word' id='word_1_767' title='bbox 1451 5423 1537 5481; x_wconf 90' lang='lat' dir='ltr'>esse,</span> <span class='ocrx_word' id='word_1_768' title='bbox 1570 5424 1612 5468; x_wconf 94' lang='lat' dir='ltr'>nc</span> <span class='ocrx_word' id='word_1_769' title='bbox 1639 5404 1748 5467; x_wconf 88' lang='lat' dir='ltr'>carnis</span> <span class='ocrx_word' id='word_1_770' title='bbox 1775 5411 1907 5468; x_wconf 89' lang='lat' dir='ltr'>nostrae</span> <span class='ocrx_word' id='word_1_771' title='bbox 1934 5403 2062 5470; x_wconf 90' lang='lat' dir='ltr'>insidiis</span> <span class='ocrx_word' id='word_1_772' title='bbox 2089 5405 2213 5468; x_wconf 84' lang='lat' dir='ltr'>incauti</span> <span class='ocrx_word' id='word_1_773' title='bbox 2245 5404 2419 5469; x_wconf 82' lang='lat' dir='ltr'>circumve</span> 
     </span>
     <span class='ocr_line' id='line_1_55' title="bbox 445 5485 2426 5574; baseline 0.005 -28"><span class='ocrx_word' id='word_1_774' title='bbox 445 5553 451 5565; x_wconf 46' lang='grc'><em>,</em></span> <span class='ocrx_word' id='word_1_775' title='bbox 518 5485 564 5542; x_wconf 75' lang='lat' dir='ltr'>ll.</span> <span class='ocrx_word' id='word_1_776' title='bbox 608 5485 845 5571; x_wconf 85' lang='lat' dir='ltr'>Anabaptistae</span> <span class='ocrx_word' id='word_1_777' title='bbox 867 5490 1000 5570; x_wconf 91' lang='lat' dir='ltr'>quidam</span> <span class='ocrx_word' id='word_1_778' title='bbox 1020 5491 1082 5557; x_wconf 92' lang='lat' dir='ltr'>hoe</span> <span class='ocrx_word' id='word_1_779' title='bbox 1099 5489 1237 5569; x_wconf 89' lang='lat' dir='ltr'>saeculo,</span> <span class='ocrx_word' id='word_1_780' title='bbox 1258 5487 1399 5573; x_wconf 89' lang='lat' dir='ltr'>phrene-</span> <span class='ocrx_word' id='word_1_781' title='bbox 1450 5489 1590 5553; x_wconf 90' lang='lat' dir='ltr'>niamur.</span> <span class='ocrx_word' id='word_1_782' title='bbox 1623 5489 1697 5554; x_wconf 92' lang='lat' dir='ltr'>Nisi</span> <span class='ocrx_word' id='word_1_783' title='bbox 1717 5489 1801 5553; x_wconf 90' lang='lat' dir='ltr'>forte</span> <span class='ocrx_word' id='word_1_784' title='bbox 1823 5489 2015 5554; x_wconf 90' lang='lat' dir='ltr'>confidimus</span> <span class='ocrx_word' id='word_1_785' title='bbox 2036 5511 2095 5554; x_wconf 90' lang='lat' dir='ltr'>nos</span> <span class='ocrx_word' id='word_1_786' title='bbox 2117 5491 2256 5555; x_wconf 91' lang='lat' dir='ltr'>maiores</span> <span class='ocrx_word' id='word_1_787' title='bbox 2273 5511 2426 5574; x_wconf 89' lang='lat' dir='ltr'>progres-</span> 
     </span>
     <span class='ocr_line' id='line_1_56' title="bbox 429 5557 2426 5660; baseline 0.014 -48"><span class='ocrx_word' id='word_1_788' title='bbox 429 5557 532 5651; x_wconf 32' lang='lat' dir='ltr'>haam·</span> <span class='ocrx_word' id='word_1_789' title='bbox 548 5568 655 5628; x_wconf 89' lang='lat' dir='ltr'>nescio</span> <span class='ocrx_word' id='word_1_790' title='bbox 678 5590 777 5649; x_wconf 86' lang='lat' dir='ltr'>qnam</span> <span class='ocrx_word' id='word_1_791' title='bbox 796 5574 1024 5652; x_wconf 87' lang='lat' dir='ltr'>intemperiem</span> <span class='ocrx_word' id='word_1_792' title='bbox 1044 5597 1105 5658; x_wconf 88' lang='lat' dir='ltr'>pro</span> <span class='ocrx_word' id='word_1_793' title='bbox 1123 5575 1285 5660; x_wconf 85' lang='lat' dir='ltr'>spirituali</span> <span class='ocrx_word' id='word_1_794' title='bbox 1305 5596 1399 5659; x_wconf 90' lang='lat' dir='ltr'>rege·</span> <span class='ocrx_word' id='word_1_795' title='bbox 1451 5596 1508 5640; x_wconf 86' lang='lat' dir='ltr'>sus</span> <span class='ocrx_word' id='word_1_796' title='bbox 1530 5574 1644 5639; x_wconf 89' lang='lat' dir='ltr'>fecisse</span> <span class='ocrx_word' id='word_1_797' title='bbox 1665 5595 1765 5657; x_wconf 88' lang='lat' dir='ltr'>quam</span> <span class='ocrx_word' id='word_1_798' title='bbox 1786 5575 1985 5656; x_wconf 89' lang='lat' dir='ltr'>apostolum,</span> <span class='ocrx_word' id='word_1_799' title='bbox 2014 5576 2079 5657; x_wconf 80' lang='lat' dir='ltr'>qui·</span> <span class='ocrx_word' id='word_1_800' title='bbox 2093 5581 2203 5639; x_wconf 88' lang='lat' dir='ltr'>tamen</span> <span class='ocrx_word' id='word_1_801' title='bbox 2224 5576 2426 5660; x_wconf 89' lang='lat' dir='ltr'>fatigabatur</span> 
     </span>
     <span class='ocr_line' id='line_1_57' title="bbox 429 5644 2425 5746; baseline 0.018 -54"><span class='ocrx_word' id='word_1_802' title='bbox 429 5644 597 5704; x_wconf 84' lang='lat' dir='ltr'>ueratrone</span> <span class='ocrx_word' id='word_1_803' title='bbox 623 5654 929 5717; x_wconf 86' lang='lat' dir='ltr'>comminiscuntur:</span> <span class='ocrx_word' id='word_1_804' title='bbox 958 5678 1076 5739; x_wconf 91' lang='lat' dir='ltr'>nempe</span> <span class='ocrx_word' id='word_1_805' title='bbox 1104 5663 1140 5725; x_wconf 93' lang='lat' dir='ltr'>in</span> <span class='ocrx_word' id='word_1_806' title='bbox 1161 5669 1286 5727; x_wconf 85' lang='lat' dir='ltr'>statum</span> <span class='ocrx_word' id='word_1_807' title='bbox 1304 5661 1399 5727; x_wconf 88' lang='lat' dir='ltr'>inno·</span> <span class='ocrx_word' id='word_1_808' title='bbox 1451 5660 1492 5726; x_wconf 90' lang='lat' dir='ltr'>ab</span> <span class='ocrx_word' id='word_1_809' title='bbox 1515 5660 1630 5744; x_wconf 88' lang='lat' dir='ltr'>angelo</span> <span class='ocrx_word' id='word_1_810' title='bbox 1652 5670 1793 5739; x_wconf 87' lang='lat' dir='ltr'>satanae,</span> <span class='ocrx_word' id='word_1_811' title='bbox 1817 5680 1882 5741; x_wconf 93' lang='lat' dir='ltr'>quo</span> <span class='ocrx_word' id='word_1_812' title='bbox 1900 5661 2005 5726; x_wconf 87' lang='lat' dir='ltr'>virtus</span> <span class='ocrx_word' id='word_1_813' title='bbox 2028 5661 2062 5723; x_wconf 93' lang='lat' dir='ltr'>in</span> <span class='ocrx_word' id='word_1_814' title='bbox 2079 5660 2271 5727; x_wconf 87' lang='lat' dir='ltr'>infirmitate</span> <span class='ocrx_word' id='word_1_815' title='bbox 2287 5663 2425 5746; x_wconf 86' lang='lat' dir='ltr'>perfice-</span> 
     </span>
    </p>
   </div>
   <div class='ocr_carea' id='block_1_7' title="bbox 0 0 2804 6809">
    <p class='ocr_par' dir='ltr' id='par_1_8' title="bbox 0 0 2804 6809">
     <span class='ocr_line' id='line_1_58' title="bbox 0 0 2804 6809; baseline 0 1"><span class='ocrx_word' id='word_1_816' title='bbox 0 0 2804 6809; x_wconf 95' lang='lat' dir='ltr'> </span> 
     </span>
    </p>
   </div>
  </div>
 </body>
</html>
