5600 6809
437 776 496 835 ιιι
931 797 934 810 ·
1077 719 1792 834 msrrrurroanncuarsr.1ssc.
2380 770 2440 830 512

434 959 552 1041 quibus
580 965 613 1023 te
641 958 702 1023 sibi
729 958 888 1023 devinxit
932 958 995 1022 Dic
1023 956 1195 1040 indignum
1224 978 1294 1021 esse
1321 957 1414 1021 cuius
1465 962 1503 1020 ut
1525 976 1566 1018 ne
1587 955 1760 1020 liberatum
1782 975 1817 1020 se
1839 960 1941 1035 putet,
1963 955 2019 1036 qui
2041 974 2107 1017 uno
2126 974 2246 1037 genere
2264 955 2362 1021 officii
2385 956 2441 1022 de-

435 1065 533 1108 eausa
554 1043 607 1108 vel
624 1045 799 1109 minimum
817 1043 958 1109 labores:
982 1051 1017 1107 at
1036 1041 1137 1125 digna
1151 1043 1319 1125 estimagc
1337 1040 1412 1118 Dei,
1465 1041 1596 1104 functus
1623 1041 1737 1120 fuerit;
1766 1039 2038 1121 quemadmodum
2060 1040 2159 1122 vulgo
2188 1041 2261 1105 fieri
2280 1042 2377 1120 solet,
2404 1056 2442 1108 ut

434 1150 499 1212 qua
525 1131 584 1195 tibi
611 1130 874 1206 commendatur,
904 1129 957 1193 cui
982 1139 1015 1192 te
1042 1136 1075 1191 et
1096 1129 1206 1191 omnia
1234 1135 1291 1192 tua
1318 1126 1413 1191 exhi·
1465 1125 1566 1203 dives,
1589 1133 1762 1207 postquam
1784 1124 1907 1208 aliquid
1928 1125 1968 1189 de
1991 1145 2049 1189 suc
2068 1128 2223 1208 erogavit,
2247 1126 2311 1190 alia
2332 1149 2439 1207 onera,

434 1215 520 1281 beas.
556 1214 653 1295 Quod
676 1215 705 1279 si
726 1237 791 1279 non
813 1215 909 1278 modo
932 1214 1016 1277 nihil
1036 1213 1114 1279 boni
1135 1214 1333 1295 promeritus
1352 1222 1411 1289 est,
1464 1220 1622 1294 tanquam
1643 1212 1728 1275 nihil
1749 1209 1791 1274 ad
1812 1232 1847 1275 se
1866 1211 2078 1293 pertinentia,
2102 1211 2175 1276 aliis
2197 1212 2334 1294 deleget.
2373 1213 2469 1278 Sed-

435 1301 492 1366 sed
513 1302 643 1366 iniuriis
672 1322 803 1383 quoque
831 1322 868 1365 ac
889 1299 1057 1364 maleficiis
1085 1306 1118 1363 te
1139 1300 1344 1380 provocavit,
1369 1318 1412 1361 ne
1464 1297 1512 1361 ita
1529 1299 1636 1380 potius
1655 1317 1766 1361 seeum
1779 1299 1915 1379 quisque
1930 1296 2093 1379 cogitabit,
2117 1317 2160 1373 se,
2184 1309 2326 1379 quantus
2339 1321 2441 1380 quan·

435 1384 518 1452 haee
540 1385 671 1469 quidem
693 1387 781 1450 iusta
800 1406 899 1451 eausa
920 1394 970 1448 est
991 1405 1051 1448 cur
1070 1385 1166 1448 illum
1184 1393 1217 1448 et
1238 1384 1411 1449 dilectione
1464 1391 1519 1448 tus
1537 1390 1595 1462 est,
1618 1384 1776 1465 proximis
1795 1382 1976 1446 debitorem
1994 1382 2045 1446 sui
2059 1403 2138 1460 esse,
2161 1404 2223 1447 nec
2235 1384 2335 1447 alium
2347 1406 2441 1450 exer·

435 1473 604 1554 complecti
616 1480 649 1537 et
660 1472 841 1536 dilectionis
853 1470 968 1534 officiis
978 1469 1409 1554 prosequidesinasfflatth.
1465 1469 1585 1533 cendae
1597 1480 1675 1551 erga
1686 1469 1773 1550 ipsos
1785 1468 2018 1533 beneficentiae
2030 1469 2240 1532 statuendum
2252 1473 2439 1549 essefincm,

437 1562 465 1635 6,
488 1563 525 1621 14
548 1565 582 1622 et
605 1562 653 1634 18,
674 1562 713 1619 35
720 1580 728 1635 ;
751 1557 831 1620 Luc.
855 1561 903 1634 17,
923 1555 966 1638 3).
1007 1557 1124 1638 Longe
1146 1555 1251 1633 aliter,
1272 1556 1410 1637 inquies,
1464 1555 1527 1618 nisi
1549 1576 1651 1637 quum
1672 1554 1841 1619 facultates
1863 1554 2032 1631 deficiunt;
2060 1574 2155 1635 quae,
2179 1576 2277 1637 quam
2297 1557 2364 1619 late
2386 1579 2441 1620 ex-

435 1642 547 1708 deme
569 1644 767 1726 promeritus
790 1649 847 1706 est
893 1645 939 1706 At
962 1639 1040 1724 quid
1063 1642 1200 1705 mentes
1222 1649 1273 1705 est
1294 1640 1411 1705 Domi·
1464 1638 1655 1717 tenduntur,
1679 1640 1719 1704 ad
1742 1640 1885 1705 caritatis
1907 1639 2054 1722 regulam
2076 1639 2212 1703 limitari
2234 1640 2363 1706 debent.

435 1729 518 1793 nus?
540 1731 595 1811 qui
617 1727 695 1791 dum
717 1727 765 1790 illi
786 1726 877 1791 iubet
899 1728 1022 1790 remitti
1044 1725 1201 1808 quidquid
1222 1727 1258 1790 in
1280 1734 1314 1790 tc
1336 1746 1411 1807 pec-
1550 1729 1578 1788 8.
1606 1726 1821 1807 Praecipuam
1834 1726 2061 1808 abnegationis
2078 1727 2181 1790 nostri
2192 1735 2330 1810 partem,
2343 1749 2441 1809 quam

434 1815 536 1892 eavit,
560 1813 621 1878 sibi
643 1819 730 1877 certe
751 1813 825 1878 vult
845 1814 1001 1895 imputari
1024 1811 1158 1896 (Matth.
1180 1817 1207 1890 5,
1227 1812 1293 1892 44).
1338 1811 1412 1875 Ηθθ
1464 1811 1665 1875 diximusin
1686 1812 1796 1876 Deum
1819 1819 1979 1892 spectare,
2003 1813 2116 1874 iterum
2132 1812 2262 1893 plenius
2284 1834 2440 1896 exsequa-

433 1900 577 1982 profectc
604 1920 671 1963 una
701 1899 755 1962 via
781 1899 974 1980 pervenitur
1000 1896 1042 1962 ad
1069 1897 1103 1960 id
1131 1897 1218 1979 quod
1246 1899 1411 1961 humanae
1463 1919 1546 1960 mur.
1580 1898 1630 1960 Ae
1651 1896 1755 1960 multa
1776 1896 1908 1978 quidem
1930 1896 1970 1960 de
1992 1917 2030 1960 ca
2052 1898 2119 1960 iam
2140 1897 2226 1961 dicta
2248 1906 2335 1976 sunt,
2357 1921 2439 1981 quae

434 1993 571 2048 naturae
597 2005 731 2066 prorsus
761 1984 936 2049 adversum
957 1991 1021 2061 est,
1052 1982 1175 2047 nedum
1197 1982 1340 2047 difficile:
1371 1990 1412 2046 ut
1463 1994 1611 2065 repetere
1638 2003 1876 2064 supervacuum
1903 1983 2001 2061 foret;
2029 1983 2170 2046 sufficiet
2196 1992 2337 2047 tractare
2359 2007 2439 2067 qua·

435 2070 612 2153 diligamus
634 2091 689 2135 ecs
711 2071 767 2152 qui
789 2092 848 2135 nos
871 2071 943 2134 odio
966 2070 1106 2146 habent,
1137 2068 1301 2133 beneficiis
1324 2068 1411 2132 mala
1462 2077 1559 2133 tenus
1581 2066 1622 2131 ad
1641 2069 1928 2150 aequanimitatem
1945 2068 2214 2150 tolerantiamque
2233 2090 2292 2133 nos
2310 2071 2436 2135 format.

435 2177 623 2240 pensemus,
652 2155 779 2238 probris
802 2155 1042 2220 benedictiones
1064 2155 1258 2231 referamus;
1288 2155 1315 2218 si
1341 2175 1410 2218 me·
1462 2154 1629 2235 Principio
1656 2154 1772 2237 igitur,
1804 2154 1839 2216 in
1861 2152 2047 2235 quaerenda
2068 2155 2155 2218 vitae
2176 2157 2357 2236 praesentis
2384 2148 2437 2221 rel

433 2242 626 2306 minerimus
648 2263 714 2305 non
736 2242 908 2305 hominum
925 2240 1085 2304 malitiam
1102 2241 1307 2322 reputandam
1330 2261 1410 2317 esse,
1463 2239 1690 2304 commoditate
1722 2240 1775 2304 vel
1808 2238 2060 2321 tranquillitate,
2093 2239 2158 2303 huc
2189 2262 2249 2305 nos
2276 2242 2438 2324 scriptura

434 2326 492 2391 sed
520 2328 747 2407 irtspiciendom
774 2329 809 2391 in
835 2326 901 2392 illis
930 2327 995 2391 Dei
1021 2327 1213 2408 imagincm;
1246 2347 1330 2408 quae
1359 2326 1410 2388 in-
1461 2333 1572 2404 vocat,
1602 2332 1640 2389 ut
1660 2325 1796 2388 Domini
1818 2325 1952 2390 arbitrio
1978 2346 2038 2390 nos
2060 2334 2235 2408 nostraque
2256 2328 2365 2391 omnia
2386 2349 2438 2391 re-

434 2413 540 2478 ductis
563 2434 601 2476 ac
622 2411 801 2476 obliteratis
823 2433 937 2476 eorum
955 2412 1091 2489 delictis,
1115 2411 1156 2474 ad
1178 2433 1233 2475 eos
1255 2411 1410 2475 amandos
1463 2413 1644 2494 signantes,
1680 2410 1858 2475 domandos
1886 2430 1923 2475 ac
1951 2410 2172 2494 subiugandos
2201 2413 2307 2476 cordis
2335 2415 2438 2478 nostri

434 2498 734 2580 amplexandosquc
762 2519 820 2562 sua
839 2497 1086 2580 pulchritudine
1109 2518 1146 2561 ac
1168 2497 1328 2579 dignitate
1350 2517 1410 2560 nos
1463 2497 1597 2562 affectus
1625 2497 1674 2561 illi
1699 2497 1875 2562 tradamus.
1920 2497 1975 2560 Ad
2003 2518 2079 2579 opes
2108 2497 2313 2580 honoresque
2341 2520 2439 2582 expe·

435 2583 564 2648 alliciat.
1305 2625 1330 2647 ·.
1463 2582 1594 2660 tendes,
1628 2582 1669 2647 ad
1697 2581 1904 2647 ambiendam
1932 2583 2127 2665 potentiam,
2157 2582 2199 2648 ad
2226 2584 2439 2649 cumulandas

522 2674 549 2732 7.
586 2668 678 2735 Haec
700 2687 778 2750 ergo
800 2669 1006 2734 mortificatio
1028 2676 1100 2732 tum
1123 2667 1256 2731 demum
1280 2666 1412 2732 habebit
1464 2669 1602 2748 divitias,
1625 2668 1666 2732 ad
1689 2689 1743 2732 ecs
1761 2688 1875 2733 omnes
1892 2668 2042 2750 ineptias,
2067 2690 2150 2752 quae
2168 2669 2210 2733 ad
2227 2672 2440 2754 magnificen-

433 2756 468 2820 in
500 2754 595 2818 nobis
627 2753 749 2833 locum,
782 2755 809 2818 si
844 2755 989 2819 caritatis
1021 2774 1174 2818 numeros
1206 2753 1409 2834 impleamus.
1462 2756 1542 2818 tiam
1564 2775 1780 2836 pompamque
1801 2755 1907 2819 faeere
1928 2753 2098 2833 videntur,
2127 2756 2363 2838 congerendas,
2389 2758 2438 2819 fu-

328 2837 331 2844 ’
433 2840 495 2905 Ille
517 2846 627 2905 autem
646 2839 769 2920 implet,
791 2859 859 2902 non
879 2841 935 2920 qui
957 2838 1107 2905 omnibus
1130 2838 1274 2903 caritatis
1296 2839 1411 2903 officiis
1462 2841 1549 2904 ricsa
1576 2847 1626 2905 est
1647 2848 1759 2904 nostra
1778 2840 1892 2917 libido,
1919 2841 2051 2904 infinita
2077 2841 2246 2923 cupiditas.
2291 2842 2438 2905 Rursum

434 2924 636 2990 solummodo
658 2923 864 3008 defungitur,
893 2912 1021 2990 etianisi
1047 2925 1176 2988 nullum
1203 2925 1411 3006 praetermit-
1462 2926 1677 3008 paupertatis,
1709 2926 1938 3008 ignobilitatis,
1973 2927 2168 2991 humilitatis
2194 2926 2296 2989 mirus
2329 2927 2434 2997 timor,

433 3020 495 3089 tat,
536 3010 593 3074 sed
625 3010 681 3092 qui
714 3030 756 3073 ex
788 3011 912 3075 sincero
946 3010 1067 3075 amoris
1103 3011 1222 3074 affectu
1254 3009 1288 3075 id
1322 3012 1408 3074 facit.
1462 3013 1584 3075 mirum
1606 3011 1732 3089 odium,
1762 3012 1881 3093 quibus
1908 3012 1950 3076 ad
1973 3012 2029 3076 illa
2049 3011 2154 3076 modis
2176 3011 2326 3074 omnibus
2347 3031 2436 3073 amo·
2555 3045 2560 3052 ·

432 3097 548 3162 Potest
576 3097 665 3159 enim
694 3094 854 3174 accidere,
883 3104 922 3161 ut
948 3097 1020 3178 quis
1042 3098 1192 3161 exsolvat
1213 3097 1346 3179 quidem
1368 3095 1411 3161 ad
1462 3096 1572 3162 lienda
1604 3097 1821 3161 stimulamur.
1874 3098 1963 3161 Hinc
1994 3096 2106 3162 videre
2139 3107 2189 3161 est
2225 3117 2321 3178 quam
2355 3096 2436 3159 irre-

431 3182 567 3264 plenum
594 3181 745 3247 omnibus
774 3181 860 3263 quod
887 3182 997 3260 debet,
1030 3189 1192 3265 quantum
1222 3184 1340 3247 attinet
1368 3181 1411 3247 ad
1448 3183 1571 3266 quicto
1593 3184 1660 3248 sint
1680 3183 1828 3265 ingenio,
1851 3190 1931 3265 quot
1951 3190 2079 3246 tentent
2099 3190 2199 3260 artos,
2227 3182 2345 3264 quibus
2367 3190 2437 3246 stu-

432 3276 571 3332 externa
597 3267 716 3343 officia,
729 3268 884 3331 ‘interim
911 3277 1023 3331 tamen
1049 3269 1145 3350 longe
1173 3268 1259 3332 absit
1284 3288 1304 3330 a
1331 3288 1411 3331 vera
1462 3269 1524 3334 diis
1551 3291 1586 3334 se
1612 3269 1764 3352 fatigent,
1798 3270 1981 3351 quicunque
2013 3269 2115 3332 vitam
2143 3269 2273 3351 proprio
2302 3267 2437 3331 consilio

433 3352 624 3417 exsolvendi
642 3354 774 3416 ratione.
805 3351 974 3433 Quosdam
992 3353 1081 3418 enim
1098 3352 1220 3433 rideas,
1244 3353 1302 3435 qui
1314 3353 1410 3418 valde
1463 3362 1676 3438 componunt:
1701 3375 1764 3437 quc
1787 3354 1909 3419 scilicet
1929 3352 2167 3435 adipiscantur,
2190 3375 2272 3436 quae
2295 3353 2346 3417 vel
2368 3375 2438 3417 am·

433 3438 583 3503 liberales
604 3437 709 3503 videri
731 3439 863 3516 volunt,
893 3440 949 3521 qui
966 3450 1089 3503 tamen
1117 3439 1200 3502 nihil
1222 3439 1411 3522 largiuntur
1462 3441 1596 3506 bitionis
1617 3441 1671 3507 vel
1693 3439 2095 3513 avaritiaefertaffectus
2119 3459 2335 3521 rursumque
2357 3460 2439 3522 pau-

433 3522 521 3607 quod
548 3545 615 3588 non
644 3525 805 3611 superbiax
818 3524 930 3590 vultus
958 3533 1015 3589 aut
1041 3526 1141 3590 etiam
1163 3524 1338 3590 verborum
1360 3526 1411 3589 in·
1462 3529 1587 3611 periem
1610 3526 1893 3608 humilitatemque
1917 3525 2094 3608 defirgiant.
2139 3526 2209 3590 Piis
2233 3546 2310 3609 ergo
2332 3525 2438 3588 homi-

434 3610 572 3675 solentia
593 3611 800 3692 exprobrent.
846 3612 957 3692 Atque
976 3611 1041 3674 huc
1063 3611 1257 3675 calamitatis
1279 3611 1341 3674 hcc
1357 3611 1411 3673 in-
1462 3612 1574 3691 nibus,
1598 3635 1639 3677 nc
1661 3613 1781 3677 tahbus
1803 3613 1927 3695 laqueis
1949 3611 2171 3692 implicentur.
2195 3612 2276 3676 haec
2298 3610 2439 3675 tenenda

433 3695 519 3760 felici
542 3697 670 3760 saeculo
692 3694 871 3761 deventum
889 3705 948 3775 est,
971 3704 1009 3761 ut
1027 3696 1137 3761 nullae
1153 3717 1254 3778 prope
1271 3696 1411 3759 eleemo-
1464 3707 1514 3763 est
1541 3700 1603 3763 via.
1648 3698 1815 3779 Principio
1844 3719 1912 3763 non
1940 3696 2072 3761 aliunde
2101 3696 2314 3780 prosperandi
2341 3697 2441 3759 ratic-

435 3801 549 3863 synae,
573 3781 690 3845 saltem
712 3803 732 3846 a
752 3782 899 3847 maxima
920 3790 1013 3866 parte
1030 3782 1217 3858 hominum,
1241 3783 1311 3845 sine
1333 3801 1411 3844 con·
1464 3804 1540 3847 nem
1553 3783 1606 3849 vel
1618 3790 1782 3866 appetant,
1806 3783 1858 3847 vel
1876 3791 2017 3865 sperent,
2040 3782 2095 3847 vel
2112 3783 2265 3866 cogitent,
2283 3803 2381 3864 quarn
2399 3803 2441 3845 ex

434 3865 570 3928 tumelia
581 3867 798 3950 porrigantur.
834 3866 927 3947 Quae
944 3867 1090 3950 pravitas
1108 3888 1150 3932 ne
1163 3868 1250 3931 inter
1265 3867 1411 3930 ethnicos
1463 3869 1599 3934 Domini
1627 3867 1869 3947 benedictione,
1903 3867 2040 3951 ideoque
2072 3869 2109 3931 in
2141 3890 2215 3932 eam
2243 3890 2277 3932 se
2304 3878 2375 3931 tuto
2403 3889 2440 3931 ac

434 3950 565 4032 quidem
588 3950 763 4016 tolerabilis
785 3972 856 4016 esse
878 3952 1043 4018 debuerat.
1076 3953 1164 4017 Nam
1182 3951 1412 4018 aOhristianis
1464 3954 1665 4021 confidenter
1696 3955 1845 4020 reiiciant
1877 3975 1914 4018 ae
1943 3955 2111 4018 reclinent
2163 3955 2248 4018 Nam
2274 3966 2439 4033 uteunque

434 4035 507 4118 plus
530 4035 652 4118 aliquid
675 4037 856 4102 etiamnum
877 4039 1056 4120 requiritur
1080 4060 1181 4122 quam
1201 4046 1240 4102 ut
1261 4038 1411 4103 hilarita·
1464 4041 1527 4107 sibi
1556 4039 1693 4124 pulchre
1715 4041 1864 4105 sufficere
1886 4041 2038 4104 videatur
2059 4060 2149 4117 caro,
2178 4039 2257 4103 dum
2283 4038 2337 4102 vel
2364 4057 2439 4118 pro-

433 4129 500 4186 tem
522 4123 558 4185 in
579 4121 674 4187 vultu
700 4124 976 4203 praeseferant,
1003 4132 1037 4189 et
1057 4125 1232 4191 verborum
1259 4125 1411 4190 comitate
1463 4128 1536 4210 pria
1562 4126 1725 4192 industria
1758 4127 1800 4191 ad
1834 4127 1974 4192 honores
2002 4147 2142 4209 opesque
2171 4123 2352 4199 contendit,
2385 4121 2438 4184 vel

434 4206 585 4271 amabilia
615 4206 755 4272 reddant
783 4229 841 4272 sua
862 4210 976 4274 officia
1021 4211 1187 4288 Primum,
1216 4210 1286 4276 eius
1313 4230 1411 4292 quem
1463 4212 1570 4278 studio
1592 4213 1741 4291 enititur,
1764 4213 1818 4278 vel
1840 4212 2014 4278 adiuvatur
2035 4212 2205 4276 hominum
2226 4209 2344 4291 gratia,
2369 4226 2438 4268 001·

433 4315 493 4375 ope
526 4313 586 4357 sua
618 4292 766 4375 indigere
792 4295 997 4375 conspiciunt
1023 4316 1197 4377 personam
1230 4295 1411 4378 suscipiant
1462 4308 1533 4363 tum
1555 4307 1738 4364 esttamen
1761 4299 1973 4364 omniahaec
1990 4296 2074 4361 nihil
2091 4316 2170 4374 esse,
2193 4313 2298 4374 neque
2315 4291 2438 4373 aliquid

433 4387 578 4462 oportet,
602 4398 639 4442 ae
661 4380 810 4443 fortunae
832 4378 968 4462 perinde
989 4382 1207 4446 misereantur
1228 4402 1265 4446 ao
1287 4383 1315 4446 si
1336 4403 1409 4447 eam
1459 4379 1515 4451 'vel
1532 4385 1666 4469 ingenio
1684 4385 1737 4450 vel
1755 4385 1866 4451 labore
1884 4405 1943 4449 nos
1960 4383 2170 4466 profecturos,
2193 4378 2256 4442 nisi
2278 4386 2445 4459 quatenus.

433 4465 594 4528 sentirent
615 4465 677 4546 ipsi
698 4485 736 4528 ac
757 4467 1026 4545 sustinerent„ut
1048 4467 1291 4533 misericordiae
1312 4478 1409 4552 atque
1461 4479 1637 4554 utrumque
1658 4471 1823 4535 Dominus
1840 4467 2050 4552 prosperabit.
2084 4467 2131 4529 At
2152 4483 2346 4529 econverso
2370 4464 2439 4528 sola

433 4548 647 4615 humanitatis
674 4571 773 4615 sensu
800 4548 842 4613 ad
869 4550 1021 4616 ferendas
1053 4553 1101 4616 illi
1131 4555 1312 4636 suppetias,
1341 4576 1410 4619 non
1461 4559 1564 4641 ipsius
1582 4555 1764 4621 benedictio
1782 4558 1881 4621 etiam
1897 4575 1956 4636 per
1974 4552 2083 4616 omnia
2099 4548 2333 4633 impedimenta
2350 4551 2439 4613 viam

434 4635 529 4699 alitor
560 4657 658 4719 quam
690 4635 768 4715 sibi,
802 4636 960 4701 ferantur.
1005 4636 1071 4718 Qui
1101 4639 1148 4703 sic
1176 4641 1340 4704 animatus
1367 4640 1410 4704 ad
1461 4644 1597 4725 reperit,
1619 4651 1658 4706 ut
1679 4643 1773 4706 nobis
1794 4643 1829 4705 in
1849 4641 1974 4703 lactum
1991 4639 2197 4718 faustumque
2217 4635 2344 4698 exitum
2366 4656 2439 4699 suc-

433 4741 566 4803 operam
595 4721 751 4788 fratribus
779 4722 847 4787 suis
876 4722 1018 4787 dandam
1046 4724 1190 4802 accedet,
1221 4748 1286 4790 non
1313 4726 1409 4790 modo
1462 4728 1577 4793 cedere
1604 4728 1715 4791 omnia
1741 4728 1852 4804 faciat3
1885 4722 2018 4801 deinde,
2042 4730 2081 4785 ut
2107 4723 2249 4785 maxime
2277 4722 2348 4784 sine
2369 4722 2439 4802 ipsa

434 4807 526 4869 nulla
554 4808 608 4872 vel
636 4809 826 4892 arrogantia
853 4809 905 4874 vel
939 4810 1190 4891 exprobratione
1218 4812 1323 4876 officia
1350 4834 1411 4877 sua
1462 4819 1624 4898 possimus
1645 4812 1767 4893 aliquid
1784 4811 1906 4896 gloriae
1924 4815 2020 4891 atque
2038 4807 2223 4890 opulentiae
2241 4807 2335 4872 nobis
2352 4828 2438 4872 ccm-

435 4893 684 4971 ccntaminabit,
717 4893 775 4958 sed
803 4914 865 4958 nec
891 4896 1041 4974 fratrem,
1071 4896 1123 4960 cui
1152 4896 1326 4976 benefacit,
1356 4897 1411 4962 vel
1461 4919 1578 4982 parare
1592 4897 1880 4982 (quemadmodum
1897 4894 2046 4960 videmus
2059 4892 2203 4975 quotidie
2219 4893 2335 4974 impios
2348 4913 2437 4974 mag·

435 4982 591 5057 tanquam
618 4980 689 5060 opis
717 5001 859 5062 egenum
886 4980 1055 5063 despiciet,
1083 4982 1136 5047 vel
1164 4991 1320 5066 tanquam
1348 4981 1411 5046 sibi
1462 4984 1514 5046 nis
1536 4990 1568 5046 et
1590 4981 1769 5046 honoribus
1791 4989 1824 5046 et
1845 4982 1960 5064 opibus
1972 4978 2157 5062 cumulari),
2180 4979 2309 5062 quando
2329 4986 2438 5040 tamen

435 5060 616 5143 obligatum
638 5064 833 5147 subiugabit.
866 5067 943 5132 Non
965 5068 1071 5151 magis
1094 5068 1217 5133 scilieet
1238 5089 1334 5150 quam
1357 5067 1410 5131 vel
1462 5089 1505 5131 ne
1526 5067 1697 5132 minimam
1719 5066 1852 5149 quidem
1869 5066 2034 5130 felicitatis
2051 5065 2245 5148 particulam
2263 5063 2439 5146 degustant

434 5166 534 5230 aegro
556 5149 702 5212 membro
720 5150 924 5230 insultamus,
946 5154 999 5217 cui
1021 5154 1229 5218 refocillando
1247 5153 1410 5235 rehquum
1462 5152 1579 5236 quibus
1595 5153 1758 5218 incumbit
1775 5154 1840 5218 Dei
1856 5152 2051 5231 maledictio,
2074 5153 2145 5216 sine
2167 5152 2237 5233 ipsa
2258 5149 2350 5223 nihil,
2375 5148 2438 5212 nisi

434 5252 554 5316 corpus
575 5233 714 5314 laborat3
744 5237 795 5301 vel
822 5237 956 5321 reliquis
983 5240 1140 5304 membris
1161 5247 1313 5322 putamus
1336 5259 1409 5320 spc-
1462 5238 1548 5320 quod
1576 5238 1661 5303 male
1687 5238 1781 5303 nobis
1807 5247 1929 5318 vertat,
1962 5258 2206 5319 consequemur.
2250 5236 2353 5299 Porro
2381 5255 2438 5297 ne·

433 5319 561 5382 cialiter
582 5319 647 5383 obli
690 5330 776 5399 tum,
804 5323 880 5405 quia
907 5325 981 5406 plus
1008 5345 1125 5407 operae
1152 5324 1249 5388 adse
1271 5325 1411 5388 traxerit
1463 5345 1623 5408 quaquam
1650 5325 1871 5408 appetendum
1897 5326 1984 5408 quod
2006 5324 2154 5388 homines
2175 5321 2279 5402 magis
2301 5319 2438 5383 miseros

433 5425 532 5486 quam
543 5426 645 5489 repen
668 5407 739 5472 erit.
774 5406 946 5491 Siquidem
962 5410 1144 5476 officiorum
1160 5410 1248 5473 inter
1264 5410 1411 5475 membra
1462 5411 1546 5476 facit

435 5493 683 5558 communicatio
709 5493 795 5561 nihil
817 5496 1000 5578 gratuitum
1022 5496 1143 5563 habere
1166 5494 1324 5574 creditur,
1353 5495 1411 5561 sed
1549 5502 1578 5562 9.
1633 5497 1724 5581 Ergo
1757 5499 1785 5562 si
1817 5517 1948 5562 omnem
1980 5494 2128 5578 prosperi
2161 5510 2318 5556 summam
2348 5494 2438 5570 atque

434 5576 541 5657 potius
563 5579 679 5643 solutio
702 5600 772 5646 esse
801 5582 870 5645 eius
898 5581 984 5664 quod
1012 5590 1151 5648 naturae
1173 5583 1247 5667 lege
1268 5582 1411 5647 debitum
1463 5584 1607 5665 optabilis
1640 5585 1801 5649 rationem
1829 5585 1866 5647 in
1894 5582 1963 5647 sola
1988 5580 2053 5646 Dei
2080 5575 2305 5643 benedictione
2333 5575 2437 5639 credi-

433 5679 545 5742 nepare
565 5666 782 5748 prodigiosam
809 5669 894 5730 essa.
938 5667 1011 5732 Hac
1038 5689 1166 5752 quoque
1193 5668 1321 5734 ratione
1352 5671 1412 5734 fiet
1463 5690 1536 5734 mus
1565 5691 1635 5737 esse
1663 5671 1816 5752 positam,
1844 5689 1909 5752 qua
1932 5666 2066 5732 absente
2086 5663 2235 5727 miseriae
2257 5681 2318 5727 nos
2340 5681 2437 5725 omne
