5600 6809
673 744 762 809 LIB.
785 743 846 807 IV.
889 741 952 847 llll
975 740 1212 807 EX'PERNIS
1234 740 1402 810 afflans
1424 741 1490 807 AD
1514 741 1745 810 SALUTEM.
1789 742 1890 811 CAP.
1913 745 2011 813 XIX.
2044 746 2125 814 XX.

399 749 479 810 1093
2316 752 2398 814 1094

393 933 618 1017 imprudenter
647 933 916 1014 permisceamus,
939 952 1022 1014 quae
1043 931 1206 997 diversam
1234 952 1369 1014 pmrsus
1422 931 1507 1015 At1)
1529 932 1606 997 huic
1635 931 1835 997 destinatum
1857 940 1921 1012 est,
1949 934 2104 1017 quamdiu
2133 937 2221 1001 inter
2247 937 2397 1003 homines

394 1021 555 1098 rationem
577 1019 707 1084 habent.
739 1017 902 1095 Illienim,
925 1038 1027 1099 quum
1048 1017 1083 1080 in
1101 1017 1271 1100 evangelio
1293 1038 1368 1099 pro-
1423 1038 1572 1100 agemus,
1596 1024 1756 1082 exarcum
1775 1019 1841 1084 Dei
1862 1020 1976 1084 mitram
1995 1021 2097 1103 fovere
2117 1028 2146 1087 et
2167 1024 2262 1101 tueri,
2285 1044 2398 1088 sonam

393 1107 481 1170 mitti
502 1104 687 1170 libertatem
713 1103 865 1179 audiunt,
895 1123 977 1185 quae
1006 1102 1133 1166 nullum
1156 1105 1242 1168 inter
1263 1102 1369 1166 homi·
1416 1104 1548 1183 pietatis
1569 1105 1744 1168 doctrinam
1760 1110 1789 1168 et
1805 1105 1947 1170 1111111111
1968 1113 2083 1171 aotam
2100 1107 2270 1189 defendere,
2293 1111 2398 1174 vitam

394 1214 453 1257 nes
480 1212 605 1274 regem,
635 1189 826 1271 nullumque
853 1188 1084 1271 magistratum
1111 1196 1282 1272 agnoscat,
1311 1188 1369 1253 sed
1422 1198 1569 1253 nostram
1591 1189 1633 1253 ad
1654 1189 1824 1253 hominum
1845 1191 2035 1257 societatem
2056 1214 2264 1276 componere,
2288 1195 2329 1259 ad
2351 1196 2398 1260 ci-

394 1281 430 1342 11
447 1277 619 1343 Christum
639 1296 741 1339 uuum
762 1276 938 1353 intueatur,
962 1273 1089 1337 nullum
1108 1274 1270 1339 libertatis
1290 1294 1369 1338 suae
1422 1274 1522 1339 vilem
1553 1275 1713 1339 iustitiam
1745 1297 1853 1341 mores
1885 1286 2014 1344 nostros
2040 1280 2196 1356 formare,
2225 1302 2284 1344 noa
2311 1282 2398 1345 inter

393 1365 536 1429 fructum
566 1381 681 1443 capere
708 1382 742 1425 11
764 1381 858 1442 posse
885 1367 1013 1441 putant,
1046 1359 1205 1440 quamdiu
1225 1359 1369 1441 ahquam
1422 1381 1482 1425 nos
1505 1360 1685 1439 conciliare,
1708 1381 1914 1426 communem
1936 1385 2051 1446 pacem
2069 1386 2107 1429 ac
2124 1365 2398 1447 tranquillitatem

394 1473 493 1535 supra
521 1472 556 1514 se
583 1447 727 1511 eminere
754 1452 948 1529 potestatem
974 1445 1096 1510 vident
1141 1445 1257 1527 Itaque
1285 1445 1369 1509 nihil
1422 1446 1517 1511 alere.
1555 1444 1648 1526 Quae
1671 1448 1780 1511 omnia
1802 1469 2006 1531 supervacua
2027 1472 2098 1515 esse
2119 1452 2231 1530 fatcor,
2253 1453 2281 1516 si
2302 1473 2397 1536 prae·

394 1540 462 1604 fore
484 1536 612 1601 salvum
633 1533 837 1610 existimant,
859 1531 922 1595 nisi
945 1539 1033 1596 totus
1054 1530 1092 1594 in.
1109 1551 1230 1597 novam
1252 1531 1369 1596 faciem
1422 1538 1548 1596 sentem
1575 1533 1677 1597 vitam
1706 1534 1887 1615 exstinguit
1914 1555 2055 1619 regnum
2083 1536 2162 1614 Dei,
2185 1537 2280 1619 quale
2308 1560 2397 1604 nuno

395 1624 482 1689 orbis
510 1623 717 1685 reformetur:
752 1618 808 1682 ubi
835 1638 894 1681 nec
923 1615 1043 1682 iudicia
1071 1617 1152 1693 sint,
1181 1636 1243 1681 111
1269 1617 1367 1700 leges,
1421 1618 1510 1682 intra
1536 1638 1597 1682 nos
1619 1624 1676 1682 est.
1722 1615 1785 1683 Sin
1806 1619 1853 1682 ita
1874 1627 1924 1684 est
1950 1622 2102 1686 voluntas
2124 1624 2202 1699 Dei,
2229 1643 2289 1688 nos
2317 1623 2396 1688 dum

394 1729 456 1775 nec
476 1707 703 1791 magistratus,
725 1710 759 1767 et
780 1702 904 1785 siquid
933 1702 1040 1766 simile
1062 1710 1112 1767 est
1133 1700 1219 1784 quod
1240 1703 1369 1767 officere
1422 1700 1464 1765 ad
1496 1723 1608 1767 veram
1640 1704 1781 1785 patriam
1824 1706 2022 1786 aspiramus,
2060 1712 2265 1791 peregrinari
2298 1730 2397 1792 super

395 1816 473 1862 suae
501 1790 645 1858 libertati
666 1790 849 1872 opinantur.
894 1789 941 1854 At
961 1807 1040 1853 vero
1062 1788 1120 1869 qui
1142 1788 1241 1852 11111,
1252 1809 1368 1871 corpus
1421 1795 1557 1866 terram,
1581 1789 1652 1854 eius
1674 1810 1751 1855 vcro
1772 1791 2045 1873 peregrinationis
2077 1815 2156 1859 usus
2177 1794 2297 1859 talibus
2319 1795 2397 1860 sub-

395 1889 428 1947 et
445 1880 598 1954 animam,
620 1876 707 1940 inter
728 1886 933 1957 praesentem
954 1873 1040 1938 hanc
1061 1874 1248 1956 fluxamque
1265 1874 1369 1938 vitam
1421 1873 1514 1938 sidiis
1534 1873 1673 1958 indiget:
1697 1876 1752 1957 qui
1769 1875 1842 1958 ipsa
1858 1875 1900 1940 ab
1922 1876 2055 1943 homine
2076 1879 2208 1957 tollunt,
2231 1901 2326 1944 suam
2348 1881 2398 1944 illi

395 1975 429 2033 et
454 1968 600 2030 futuram
630 1961 723 2026 illam
749 1970 981 2041 aeternamque
1012 1959 1197 2024 discernere
1229 1960 1367 2037 noverit,
1421 1960 1565 2041 eripirmt
1585 1960 1832 2036 humanitatem.
1876 1963 1964 2027 Nam
1984 1964 2071 2046 quod
2092 1972 2219 2030 tantam
2241 1965 2398 2031 1111111-

395 2073 501 2135 neque
523 2048 654 2115 difficile
675 2046 853 2130 intelliget,
877 2044 1047 2128 spirituale
1075 2043 1201 2109 Christi
1227 2066 1368 2129 regnum
1421 2047 1471 2109 sia
1491 2043 1556 2110 Dei
1577 2046 1808 2129 perfectionem
1831 2047 1949 2112 debere
1969 2070 2041 2114 esse
2063 2059 2247 2128 causantur,
2266 2051 2319 2116 oui
2337 2072 2398 2116 sua

396 2147 429 2203 et
450 2136 578 2203 civilem
606 2132 845 2199 ordinationem
866 2152 919 2195 res
942 2151 1013 2195 esse
1038 2131 1219 2214 plurimum
1246 2133 1368 2213 seposi-

395 2231 454 2289 tas.
504 2220 617 2302 Quum
651 2235 728 2302 ergo
754 2216 882 2282 iudaica
908 2216 967 2280 1111
988 2218 1036 2281 eit
1063 2218 1207 2294 vanitas,
1241 2215 1368 2281 Christi

394 2328 535 2393 regnum
557 2306 617 2371 sub
639 2304 810 2369 elementis
827 2303 928 2367 huius
948 2300 1064 2367 mundi
1077 2322 1241 2394 ‘quaerere
1262 2321 1301 2366 11
1317 2303 1368 2367 in-

395 2394 541 2472 cludere,
564 2413 623 2456 nos
641 2391 747 2474 magis
769 2388 854 2471 quod
875 2389 1045 2472 perspicue
1077 2388 1240 2471 scriptura
1265 2387 1368 2466 docet,

396 2479 601 2564 spiritualem
622 2497 693 2542 csse
714 2476 857 2540 fructum
879 2474 1076 2557 cogitantes,
1099 2474 1219 2557 quiex
1242 2472 1369 2538 Christi

396 2565 554 2632 beneficio
573 2563 753 2646 colligitur,
776 2567 879 2625 totam
901 2560 988 2625 hanc
1007 2559 1208 2638 libertatem,
1231 2580 1315 2641 quae
1332 2560 1368 2623 in

395 2653 465 2735 ipso
487 2651 580 2715 nobis
601 2648 803 2731 promittitur
825 2653 921 2727 atque
944 2645 1094 2723 offertur,
1122 2645 1369 2711 meminerimus

394 2738 484 2802 intra
504 2757 580 2801 suos
600 2736 684 2799 fines
704 2733 879 2796 continere.
910 2731 943 2795 N
944 2752 997 2795 am
1020 2731 1098 2813 quid
1123 2739 1174 2796 est
1197 2730 1282 2814 quod
1299 2732 1369 2812 ipse

394 2823 482 2887 idem
503 2814 677 2903 apostolus,
699 2817 756 2900 qui
776 2817 868 2881 iubet
883 2824 922 2885 ut
938 2824 1061 2883 stemus
1077 2837 1138 2882 nec
1158 2817 1370 2882 subiiciamur

395 2911 471 2992 iugo
492 2905 660 2972 1111111111
683 2903 821 2988 ((1115,
844 2901 886 2985 1),
909 2901 987 2966 alibi
1019 2892 1271 2968 11111111111111
1299 2924 1368 2967 ser-

394 3015 454 3060 vos
476 2993 516 3058 de
539 2999 627 3057 statu
648 3011 707 3055 suo
725 2996 817 3054 vetat
838 2988 871 3071 (l
892 2987 966 3053 Cor.
987 2993 1015 3064 7,
1035 2987 1102 3071 21),
1123 2988 1187 3053 nisi
1203 2988 1281 3070 quia
1302 2989 1367 3071 spi-

394 3080 524 3145 ritualis
545 3076 679 3142 libertas
701 3095 776 3140 oum
796 3074 931 3157 politica
957 3074 1115 3138 servitute
1136 3074 1258 3156 optime
1281 3081 1368 3139 stare

394 3164 523 3248 potest?
573 3164 616 3227 In
644 3183 741 3244 quem
769 3160 870 3225 etiam
898 3180 1030 3224 sensum
1056 3158 1263 3242 accipiendae
1290 3169 1370 3223 sunt

394 3251 478 3314 istae
496 3250 567 3313 1111
589 3248 784 3312 sententiae:
807 3247 843 3309 in
860 3266 962 3328 regno
978 3245 1044 3310 Dei
1063 3266 1131 3309 non
1148 3251 1200 3310 est
1216 3244 1368 3322 Iudaeus,

394 3356 501 3419 neque
514 3335 671 3410 Graecus,
693 3353 762 3396 non
782 3332 947 3397 masculus
965 3338 1022 3395 aut
1038 3330 1190 3407 foemina,
1212 3352 1278 3395 non
1300 3351 1369 3395 ser-

394 3442 457 3486 vus
479 3427 536 3486 aut
558 3419 641 3484 liber
661 3418 750 3503 (Cal
771 3421 806 3495 3,
826 3421 891 3501 28).
936 3416 1037 3481 Item:
1065 3436 1133 3480 non
1156 3422 1207 3481 est
1227 3415 1370 3480 Iudaeus

394 3529 455 3573 nec
488 3507 651 3581 Graecus,
684 3504 905 3586 praeputium,
943 3503 1157 3580 circumcisio,
1201 3501 1368 3579 barbarus,

395 3592 537 3678 Scytha,
561 3611 692 3666 servus,
714 3588 811 3667 liber;
833 3589 891 3654 sed
911 3589 1021 3653 omnia
1041 3588 1077 3652 in
1099 3586 1249 3653 omnibus
1271 3586 1370 3652 Chri-

394 3688 465 3744 stus
492 3677 578 3763 (Ccl.
599 3673 713 3758 3,11).
759 3674 888 3755 Quibus
921 3675 1100 3757 significat,
1135 3673 1221 3743 nihil
1247 3674 1370 3738 referre

270 3790 275 3799 ·
395 3765 521 3847 quasis
544 3761 630 3846 apud
652 3760 804 3826 homines
825 3760 1023 3837 conditione,
1042 3759 1136 3826 ouius
1158 3760 1266 3842 gentis
1287 3759 1370 3842 legi-

393 3849 456 3914 bus
477 3850 585 3927 vivas,
614 3845 743 3931 quando
760 3847 793 3910 in
818 3848 915 3929 rebus
940 3847 1013 3911 istis
1034 3846 1171 3913 minime
1199 3845 1300 3910 situm
1320 3851 1371 3911 est

395 3935 522 4001 Christi
542 3953 690 4016 regnum.
1205 3996 1228 4014 .,

481 4024 510 4086 2.
554 4020 671 4100 Neque
689 4025 800 4082 tamen
817 4038 855 4082 eo
870 4017 935 4081 ista
956 4017 1121 4082 distinctio
1136 4018 1286 4099 pertinet,
1305 4036 1370 4098 quo

393 4114 497 4172 totam
525 4104 656 4187 politiae
688 4104 849 4169 rationem
867 4123 938 4166 rem
959 4124 1031 4167 1111
1051 4101 1212 4184 pollutam
1239 4109 1370 4183 repute-

394 4214 477 4270 mus,
496 4192 537 4257 ad
555 4190 705 4255 homines
727 4188 924 4253 christianos
945 4186 1277 4269 nihilpertinentem.
1312 4185 1370 4252 Sic

394 4278 526 4360 quidem
552 4274 685 4341 fanatici
709 4294 786 4356 quoa
806 4273 935 4338 11111111
955 4273 1104 4354 effraenis
1126 4273 1264 4350 licentia,
1291 4273 1370 4338 coci-

392 4363 537 4444 focato
568 4380 605 4425 oc
636 4360 772 4424 iactant:
810 4366 983 4442 postquam
1013 4359 1134 4423 mortui
1166 4378 1280 4423 sumus
1311 4379 1371 4442 per

395 4447 569 4513 Christum
601 4445 771 4511 elementis
804 4445 902 4509 huius
934 4441 1064 4522 mundi,
1094 4451 1128 4508 et
1154 4443 1306 4508 translati
1333 4445 1370 4508 in

395 4553 535 4616 regnum
555 4532 621 4596 Dei
644 4532 794 4604 sedemus
815 4531 904 4594 inter
924 4529 1087 4607 coelestes,
1109 4526 1285 4612 indignum
1307 4530 1370 4594 hoo

395 4617 489 4682 nobis
511 4638 590 4693 esse,
613 4639 650 4682 ac
671 4619 757 4682 infra
773 4623 921 4681 nostram
939 4615 1168 4681 excellentiam
1189 4615 1289 4698 longe
1310 4636 1370 4698 po·

396 4705 504 4781 situm,
527 4703 671 4785 profanis
691 4705 763 4769 istis
785 4724 822 4768 ac
843 4703 983 4784 impuris
1005 4701 1091 4767 curis
1113 4701 1264 4783 occupari
1279 4702 1369 4783 'quae

396 4789 483 4855 circa
504 4787 610 4851 aliena
632 4808 652 4851 a
672 4789 852 4853 christiano
874 4788 1007 4853 homine
1029 4789 1163 4870 negotia
1184 4795 1368 4852 versantur.

398 4874 581 4955 Quorsum,
604 4872 772 4954 inquiunt,
799 4875 889 4958 leges
907 4874 979 4939 sine
1000 4872 1129 4939 iudiciis
1146 4879 1180 4937 et
1195 4871 1370 4938 tribunali·

345 4983 347 4988 ·
396 4960 479 5026 bus?
525 4956 616 5038 Quid
644 4965 753 5020 autem
781 4981 856 5024 cum
883 4959 1012 5024 iudiciis
1034 4959 1113 5041 ipsis
1135 4959 1261 5023 homini
1282 4959 1369 5025 chri-

397 5044 525 5111 stiano?
569 5044 642 5107 111
665 5042 694 5106 11
715 5042 859 5106 occidere
881 5065 949 5105 non
971 5044 1055 5118 licet,
1078 5065 1143 5124 quo
1166 5045 1259 5111 nobis
1279 5045 1370 5129 leges

398 5138 431 5196 et
452 5129 593 5194 iudicia?
638 5129 765 5191 Verum
793 5137 831 5190 nt
857 5126 1048 5191 distinctum
1079 5128 1167 5193 istud
1198 5131 1370 5213 regiminis

397 5237 500 5302 genus
521 5237 541 5279 a
562 5214 723 5296 spirituali
745 5212 800 5277 illo
823 5218 857 5275 et
878 5211 1009 5276 interno
1040 5209 1166 5275 Christi
1187 5236 1287 5297 regno
1307 5238 1369 5280 nu-

397 5322 457 5385 per
477 5302 675 5365 monuimus:
698 5300 747 5363 ita
767 5319 829 5363 nec
850 5296 1026 5379 quidquam
1044 5317 1191 5379 pugnare
1201 5299 1370 5364 sciendum

1420 2151 1480 2214 pro
1502 2131 1575 2215 lege
1594 2132 1775 2197 moderatio
1802 2134 1882 2198 satis
1904 2134 1962 2211 sit,
1985 2157 2058 2199 eam
2080 2136 2195 2201 stohde
2222 2137 2287 2220 ipsi
2313 2137 2396 2200 ima·

1421 2216 1594 2300 ginantur,
1623 2239 1705 2300 quae
1731 2218 1767 2281 in
1794 2218 1968 2283 hominrnn
2000 2223 2234 2286 communitate
2259 2224 2395 2304 reperiri

1420 2323 1590 2384 nunquam
1611 2305 1723 2387 possit.
1758 2301 1872 2383 Quum
1890 2305 1979 2369 enim
2000 2315 2094 2372 tanta
2111 2308 2154 2372 sit
2170 2308 2396 2390 improborum

1419 2388 1608 2467 insolentia,
1636 2389 1784 2471 nequitia
1805 2398 1874 2454 tam
1902 2398 2094 2470 contumax,
2117 2413 2200 2475 quae
2222 2393 2327 2458 multa
2348 2393 2396 2458 11-

1421 2494 1499 2556 gum
1533 2474 1709 2539 severitate
1741 2477 1882 2540 coerceri
1910 2478 1970 2540 vix
1994 2479 2112 2560 possit,
2146 2479 2225 2560 quid
2252 2480 2396 2545 facturos

1421 2567 1649 2641 exspectamus
1671 2559 1700 2624 si
1721 2569 1833 2642 patere
1856 2583 1935 2626 suae
1953 2562 2155 2646 improbitati
2181 2563 2315 2629 videant
2333 2565 2410 2632 im·,

1420 2645 1573 2727 punitam
1600 2644 1790 2710 licentiam?
1811 2646 1883 2729 qui,
1902 2669 1945 2711 ne
1967 2649 2053 2714 male
2075 2650 2211 2729 faciant,
2234 2671 2340 2732 neque
2361 2650 2396 2716 vi

1420 2731 1691 2816 111-1111111111.

1508 2819 1537 2880 3.
1582 2814 1651 2880 Sed
1671 2815 1712 2880 de
1733 2816 1865 2899 politiae
1892 2838 1954 2882 nou
1981 2820 2044 2883 erit
2072 2820 2155 2884 alius
2184 2822 2398 2903 opportunior

1421 2900 1550 2967 dicendi
1569 2901 1668 2967 locus.
1702 2901 1798 2968 Nunc
1815 2901 1904 2967 istud
1921 2909 2050 2968 tantum
2068 2905 2209 2988 intelligi
2230 2906 2396 2972 volumus:

1421 2986 1462 3052 de
1479 3009 1519 3052 ea
1540 2987 1790 3052 exterruinanda
1812 2988 1964 3071 cogitare,
1987 2989 2165 3054 immanem
2188 3012 2259 3055 1111
2281 2990 2397 3056 barba-

1421 3075 1519 3152 riem;
1545 3074 1640 3138 cuius
1666 3094 1746 3139 usus
1773 3095 1841 3138 non
1866 3073 1975 3138 minor
2000 3075 2087 3139 inter
2115 3076 2264 3140 homines
2297 3096 2397 3158 quam

1421 3158 1530 3241 panis,
1554 3178 1674 3241 aquae,
1697 3157 1776 3224 solis
1797 3167 1832 3223 et
1852 3161 1952 3238 aeris3
1974 3159 2117 3243 dignitas
2139 3160 2269 3244 quidem
2292 3162 2397 3226 multo

1421 3244 1521 3309 etiam
1552 3246 1777 3326 praestantior.
1826 3245 1902 3310 Non
1930 3246 2019 3310 enim
2048 3245 2146 3330 (quae
2172 3246 2311 3311 illorum
2327 3268 2398 3311 om-

1420 3331 1514 3393 nium
1536 3330 1748 3396 commoditas
1770 3329 1835 3414 est)
1857 3331 1922 3395 huo
1943 3338 2068 3415 spectat
2090 3332 2252 3397 duntaxat
2273 3339 2310 3397 ut
2332 3334 2398 3415 spi·

1422 3422 1499 3480 rent
1519 3415 1685 3495 homines,
1706 3416 1818 3495 edant,
1842 3417 1969 3495 bibant,
1998 3418 2170 3483 foveantur
2194 3417 2399 3502 (quanquam

1422 3501 1505 3566 haec
1525 3510 1614 3566 certe
1635 3503 1746 3567 omnia
1767 3502 2001 3586 complectitur,
2024 3502 2102 3568 dum
2124 3504 2224 3569 efficit
2244 3511 2282 3568 ut
2299 3505 2398 3570 simul

1422 3586 1563 3669 vivant),
1581 3609 1647 3653 non
1664 3595 1785 3664 tamen
1808 3589 1951 3673 inquam,
1971 3589 2036 3654 huc
2053 3597 2180 3672 spectat
2196 3589 2317 3654 solnm:
2340 3590 2398 3656 sed

1422 3694 1465 3737 ne
1492 3672 1689 3751 idololatria,
1712 3695 1755 3737 ne
1776 3674 1812 3738 in
1833 3673 1899 3738 Dei
1920 3695 2040 3739 nomen
2068 3675 2253 3758 sacrilegia,
2276 3697 2319 3740 11
2341 3676 2398 3741 ad-

1422 3780 1537 3825 versus
1558 3759 1630 3824 eius
1651 3759 1824 3824 veritatom
1856 3759 2078 3843 blasphemiae
2098 3761 2247 3843 aliaeque
2268 3762 2399 3845 religio·

1422 3845 1475 3908 nis
1507 3844 1703 3909 offensiones
1739 3844 1868 3928 publice
1906 3853 2078 3929 emergant
2108 3866 2146 3912 ac
2172 3846 2208 3909 in
2241 3847 2398 3929 populum

1423 3936 1635 4013 spargantur;
1657 3951 1700 3994 11
1719 3929 1850 4014 publiea
1877 3931 1969 4013 quies
1997 3932 2222 4013 perturbetur;
2242 3942 2281 3996 ut
2301 3954 2399 3998 suum

1422 4016 1538 4098 cuique
1565 4015 1694 4081 salvum
1722 4015 1767 4080 sit
1786 4023 1820 4080 et
1839 4016 2001 4081 incolume
2007 4040 2015 4096 ;
2033 4025 2071 4080 ut
2091 4017 2227 4082 innoxia
2254 4019 2341 4082 inter
2363 4038 2399 4083 se

1423 4101 1619 4165 commercia
1648 4101 1798 4167 homines
1825 4102 1965 4184 agitent,
1986 4106 2022 4166 at
2041 4101 2185 4167 11111111
2205 4107 2234 4165 et
2248 4104 2400 4170 modestia

1421 4187 1505 4251 inter
1524 4187 1612 4268 ipsos
1631 4187 1760 4254 miotar,
1803 4186 1964 4271 Denique,
1974 4189 2003 4272 ²)
2021 4194 2060 4253 ut
2079 4189 2165 4251 inter
2191 4185 2399 4253 Christianos

1421 4270 1552 4354 publica
1572 4271 1739 4356 religionis
1759 4272 1858 4338 facies
1881 4274 2026 4352 exsistat,
2041 4273 2132 4337 inter
2155 4271 2304 4335 homines
2321 4293 2398 4336 oon-

1423 4366 1488 4422 stat
1504 4357 1703 4423 humanitas.
1737 4358 1806 4424 Nec
1824 4379 2022 4442 quemquam
2043 4364 2182 4433 moveat,
2205 4357 2292 4439 quod
2308 4365 2398 4423 recte

1422 4442 1669 4509 constituendae
1699 4443 1869 4528 religionis
1904 4465 2015 4511 curam
2045 4443 2087 4507 ad
2117 4442 2288 4506 hominum
2315 4442 2397 4526 poli-

1422 4530 1503 4593 tiam
1530 4551 1620 4596 nuno
1646 4531 1766 4608 refero,
1794 4552 1893 4613 quam
1914 4536 2011 4594 extra
2031 4527 2203 4592 hominnm
2225 4526 2398 4593 arbitrium

1421 4614 1568 4696 posuisse
1598 4637 1697 4698 supra
1724 4615 1845 4682 videor.
1891 4613 2063 4697 Siquidem
2088 4613 2193 4677 nihilo
2216 4614 2270 4680 hic
2291 4614 2397 4698 magis

1422 4721 1520 4783 quam
1547 4707 1645 4765 antea
1670 4702 1759 4785 leges
1782 4700 1822 4764 de
1841 4700 2000 4782 'rehgione
2022 4718 2059 4763 ac
2080 4699 2146 4764 Dei
2172 4699 2263 4764 cultu
2292 4701 2397 4764 homi-

1422 4786 1518 4851 nibus
1540 4808 1602 4852 suo
1631 4788 1766 4853 arbitrio
1792 4786 1882 4848 ferre
1905 4784 2072 4866 permitto,
2100 4805 2202 4866 quum
2231 4784 2398 4867 politicam

1422 4871 1661 4938 ordinationem
1681 4869 1791 4954 probo,
1814 4891 1898 4952 quae
1919 4870 1955 4933 in
1978 4870 2235 4950 hoc‘incumbit,
2254 4893 2297 4936 11
2318 4893 2398 4938 vera

1422 4957 1545 5042 religio,
1569 4979 1652 5041 quae
1669 4956 1733 5020 Dei
1750 4954 1823 5039 lege
1843 4955 2040 5033 continetur,
2061 4956 2171 5038 palam
2193 4957 2397 5041 publicisque

1422 5044 1601 5128 sacrilegiis
1622 5042 1756 5122 impune
1778 5041 1917 5106 violetur
1934 5061 1971 5106 ac
1989 5048 2231 5124 conspurcatur.
2269 5044 2397 5109 Verum

1422 5130 1493 5212 ipsa
1509 5128 1632 5194 ordinis
1648 5127 1877 5208 perspicuitate
1895 5126 1998 5191 adiuti
2015 5127 2163 5205 lectores,
2182 5129 2300 5194 melius
2317 5128 2397 5211 quid

1423 5215 1463 5280 de
1482 5221 1549 5277 toto
1567 5232 1687 5295 genere
1708 5212 1858 5295 politicae
1875 5211 2166 5279 administrationis
2188 5214 2397 5279 sentiendum

397 5396 455 5453 est.
500 5388 587 5452 Nam
607 5384 690 5450 illud
710 5384 842 5467 quidem
861 5383 956 5448 initia
977 5381 1125 5447 coelestis
1152 5384 1246 5466 regni
1269 5405 1368 5466 quae-
1423 5401 1437 5406 ’

397 5474 560 5540 damiam
580 5493 669 5537 nune
689 5486 788 5554 super
807 5478 931 5534 terram
950 5469 987 5533 in
1007 5468 1102 5533 nobis
1120 5468 1262 5548 inchoat,
1284 5472 1370 5536 etin

400 5562 463 5625 hac
477 5559 609 5623 mortali
636 5556 839 5639 evanidaque
859 5557 944 5634 vita,
970 5553 1190 5620 immortalem
1209 5562 1243 5619 et
1263 5556 1369 5623 incor-

401 5645 603 5731 ruptibilem
622 5642 864 5716 ,beatitudinem
901 5639 1139 5724 quodammodo
1172 5642 1367 5727 auspicatur.

1492 5491 1525 5585 'a'
1545 5522 1602 5573 111
1621 5518 1696 5573 1111.
1722 5518 1797 5573 1111.
1821 5517 2024 5573 1111111111
2047 5518 2120 5572 111.
2135 5518 2279 5585 posterior.
2365 5521 2395 5590 a)

1425 5589 1461 5641 la
1484 5589 1602 5644 editione
1624 5590 1750 5657 principe
1772 5589 1869 5643 citiore
1890 5591 2021 5656 scriptam
2044 5594 2097 5641 ere.-
2126 5587 2253 5654 deinque,
2286 5603 2321 5644 aa
2343 5606 2397 5660 qao

1422 5664 1516 5712 notum
1534 5659 1632 5713 deinde
1650 5657 1717 5712 1561
1735 5656 2053 5729 111111111Ιῶ9-
2064 5655 2191 5796 158169.
