5600 6809
359 784 362 795 v
422 758 487 823 419
1072 752 1339 822 mammo
1361 756 1467 821 RDL.
1491 751 1672 822 ufluusu.
1698 759 1789 819 1559.
2366 761 2431 824 420

425 946 507 1010 nihil
535 945 595 1008 est
613 966 711 1027 quem
737 945 928 1027 magnifieat
948 943 1062 1009 Deus?
1113 941 1284 1023 Quomodo
1311 942 1405 1019 nihil,
1457 963 1589 1007 omnem
1615 942 1839 1024 iniquitatem3
1873 943 1964 1007 ouius
1996 944 2153 1019 ultionem
2185 968 2251 1011 non
2283 947 2432 1028 evadent,

367 1046 372 1061 '
428 1052 507 1113 erga
528 1052 622 1112 quem
648 1031 832 1113 appositum
855 1038 905 1095 est
918 1052 973 1096 cor
986 1029 1155 1094 divinum?
1189 1028 1406 1112 Respiremus
1456 1030 1514 1111 qui
1540 1029 1701 1111 flagitiose
1723 1027 1864 1093 vivendo
1892 1028 1961 1092 eius
1989 1030 2074 1094 iram
2100 1031 2274 1096 adversum
2301 1055 2336 1098 00
2358 1056 2434 1117 pro·

426 1117 553 1181 fratres.
599 1118 671 1180 Etsi
693 1116 775 1179 nihil
798 1137 911 1181 sumus
933 1117 968 1178 in
990 1115 1141 1180 cordibus
1163 1117 1299 1194 nostris,
1321 1116 1406 1179 forte
1456 1114 1614 1180 vocarint.

426 1203 463 1266 in
486 1201 582 1267 eorde
599 1202 664 1266 Dei
682 1211 787 1283 potest
804 1201 925 1283 aliquid
948 1202 1048 1265 latere
1066 1201 1107 1265 de
1127 1202 1229 1264 nobis.
1263 1199 1407 1284 Opater
1545 1203 1595 1264 27.
1630 1197 1727 1279 Quod
1749 1204 1860 1265 autem
1881 1198 2022 1265 Ioannes
2040 1200 2120 1267 dicit
2137 1202 2169 1286 (l
2184 1203 2298 1268 Ioann.
2318 1211 2348 1285 4,
2371 1205 2434 1291 18),

427 1287 740 1365 misericordiarum,
768 1309 787 1352 0
809 1300 902 1369 pater
923 1288 1133 1364 miscrorum,
1161 1286 1321 1369 quomodo
1349 1307 1406 1368 ap·
1458 1286 1609 1350 timorem
1632 1305 1699 1348 000
1720 1305 1791 1349 esse
1810 1285 1847 1347 in
1869 1287 2018 1364 caritate,
2040 1287 2096 1351 sed
2118 1290 2295 1370 perfeetum
2317 1293 2436 1357 carita·

428 1376 706 1458 poniserganos
729 1373 920 1438 cortuum?
955 1371 1020 1436 Cor
1042 1373 1130 1435 enim
1153 1380 1255 1449 tuum,
1279 1373 1333 1437 ubi
1356 1380 1407 1436 est
1457 1379 1526 1436 tem
1548 1370 1711 1454 expellere
1730 1371 1818 1434 foras
1840 1369 2001 1449 timorem,
2023 1376 2175 1454 quoniam
2188 1377 2435 1458 timorpoenam

428 1462 606 1525 thesaurus
638 1467 722 1523 tuus.
779 1458 950 1538 Quomodo
983 1469 1092 1522 autem
1124 1459 1298 1523 thesaurus
1329 1466 1407 1522 tuus
1459 1458 1566 1532 habet,
1589 1456 1674 1520 nihil
1694 1456 1766 1520 istis
1780 1464 1958 1539 repugnat.
1996 1458 2049 1522 De
2071 1466 2196 1524 terrore
2217 1462 2307 1526 enim
2327 1464 2434 1529 incre-

430 1568 562 1621 sumus,
592 1547 619 1610 si
646 1544 728 1608 nihil
752 1544 884 1608 sumus?
931 1543 1055 1609 Omnes
1083 1552 1198 1627 gentes
1221 1545 1314 1627 quusi
1337 1565 1406 1608 non
1459 1543 1605 1607 dulitatis
1627 1543 1784 1623 loquitur,
1814 1563 1833 1605 a
1860 1563 1923 1624 quo
1951 1543 2048 1627 longe
2071 1544 2183 1610 differt
2203 1547 2266 1612 iste
2287 1548 2435 1613 fidelium

429 1634 510 1709 sint,
543 1632 589 1696 sie
622 1640 700 1694 sunt
726 1640 808 1692 ‘aute
840 1641 888 1694 to:
922 1631 957 1693 in
989 1629 1130 1693 nihilum
1159 1629 1407 1711 reputabuntur.
1459 1630 1564 1693 timor.
1608 1628 1722 1710 Neque
1751 1627 1839 1691 enim
1866 1628 1977 1692 Deum
2005 1630 2122 1694 timent
2147 1632 2256 1715 impii,
2286 1633 2371 1716 quod
2399 1635 2435 1699 in

428 1717 595 1783 Nimirum
617 1729 693 1780 ant-e
714 1725 755 1792 te,
779 1737 845 1779 000
866 1717 955 1780 intra
977 1724 1028 1794 te;
1056 1717 1102 1780 sic
1125 1716 1160 1779 in
1182 1715 1300 1781 iudicio
1323 1715 1408 1780 veri·
1459 1716 1531 1780 sius
1552 1714 1763 1778 offensionem
1784 1714 1951 1778 incurrere
1973 1723 2164 1794 vereantur,
2190 1719 2351 1801 siquidem
2373 1721 2436 1784 im-

366 1845 370 1860 .
429 1805 506 1867 tatis
528 1812 613 1879 tuae,
636 1801 693 1863 scd
715 1821 782 1864 000
805 1803 850 1866 010
871 1801 908 1866 10
931 1802 1049 1866 0110010
1071 1802 1200 1883 pietatis
1221 1810 1305 1865 tuae.
1345 1801 1406 1865 Ni·
1458 1822 1545 1882 pune
1570 1799 1603 1863 id
1630 1808 1778 1882 possent,
1812 1799 1869 1863 sed
1895 1801 1972 1882 quia
1998 1802 2160 1867 vindictae
2189 1806 2337 1886 potentia
2365 1827 2436 1870 esse

429 1890 552 1960 mirum,
575 1907 671 1951 00000
699 1908 738 1950 00
763 1909 847 1967 quae
875 1908 941 1950 000
965 1895 1056 1963 0001,
1085 1897 1240 1968 tunquam
1263 1889 1343 1964 sint,
1373 1894 1408 1951 et
1459 1896 1622 1950 armatum
1644 1885 1762 1962 sciunt,
1784 1883 1826 1947 ad
1848 1884 1996 1950 anditum
2018 1888 2086 1950 irae
2108 1889 2178 1953 eius
2201 1890 2337 1956 horrore
2359 1913 2436 1957 con-

429 1995 495 2038 non
518 1983 596 2036 0001
618 1993 710 2055 ergo,
734 1974 809 2053 quia
831 1992 913 2054 quae
936 1994 1002 2036 non
1024 1981 1102 2037 sunt
1122 1993 1234 2050 00000,
1264 1982 1298 2038 01
1319 1981 1406 2051 0001,
1459 1973 1651 2050 0011110101.
1689 1972 1738 2034 Ao
1766 1971 1850 2033 iram
1877 1992 2004 2054 quoque
2030 1973 2078 2037 sic
2105 1975 2237 2054 timent,
2271 1979 2348 2059 quia
2375 1979 2438 2043 sibi

430 2063 507 2141 quia
531 2079 635 2122 00000.
680 2058 776 2122 Licet
797 2060 885 2122 enim
906 2059 1076 2133 0000101,
1104 2072 1263 2140 quantum
1292 2058 1333 2123 01
1361 2080 1406 2135 00,
1459 2059 1631 2121 imminere
1662 2056 1878 2133 arbitrantur,
1906 2057 1984 2138 quia
2011 2057 2151 2142 singulis
2179 2064 2355 2127 momentis
2379 2086 2436 2128 ex-

406 2144 572 2228 ἱ000110
593 2144 1405 2227 1010000001,1011011101Ρο011(11010.9,11);
1459 2150 1607 2224 spectant
1645 2141 1724 2205 dum
1760 2142 1795 2204 10
1834 2152 1932 2224 caput
1967 2164 2066 2207 suum
2101 2157 2242 2212 comuat.
2305 2149 2437 2214 Fideles

430 2252 498 2295 non
518 2252 559 2293 ex
582 2229 732 2311 operibus
753 2230 911 2307 iustitiae,
940 2230 1063 2294 sodex
1085 2238 1232 2295 vocante.
1276 2229 1407 2294 Deinde
1459 2239 1584 2306 autem,
1612 2226 1795 2291 utdictum
1818 2236 1881 2305 est,
1905 2235 1939 2292 et
1963 2230 2121 2295 offensum
2143 2232 2335 2317 plusquam
2358 2255 2435 2318 poe-

430 2318 603 2379 miritieam
637 2337 707 2379 esse
741 2314 827 2381 haue
860 2317 1095 2380 connexionem
1128 2315 1206 2380 dicit
1238 2317 1407 2397 utriusque
1458 2336 1536 2379 nam
1565 2315 1697 2391 timent,
1731 2334 1791 2378 nec
1825 2313 1941 2378 timore
1966 2335 2090 2396 poenae
2117 2317 2365 2399 perturbantur,
2398 2343 2437 2386 ac

431 2400 707 2468 considerationis.
753 2400 851 2464 Certe
879 2422 961 2482 quae
985 2402 1072 2466 inter
1094 2423 1128 2465 se
1151 2423 1298 2467 connexa
1319 2408 1406 2478 sunt,
1459 2401 1487 2464 si
1510 2398 1690 2465 cervicibus
1708 2400 1777 2463 suis
1794 2399 2013 2481 impenderet;
2036 2401 2094 2466 sed
2111 2404 2273 2470 cautiores
2295 2405 2437 2470 reddun-

431 2487 627 2553 seinvicem
657 2506 723 2550 non
751 2485 934 2550 destruunt.
959 2485 1077 2567 Ι11001
1098 2488 1198 2551 etiam
1219 2487 1256 2550 in
1277 2487 1408 2553 conclu·
1459 2494 1515 2550 tur
1535 2507 1578 2549 00
1599 2485 1703 2567 ipsam
1727 2492 1904 2549 accersant.
1944 2483 2000 2551 Sic
2023 2489 2198 2569 apostolus,
2222 2490 2302 2555 dum
2324 2492 2438 2557 fidelos

432 2574 523 2637 sione
551 2573 695 2652 apertius
723 2571 867 2636 declarat
894 2573 946 2637 his
975 2573 1095 2638 verbis:
1123 2573 1191 2636 iam
1219 2574 1246 2637 01
1268 2582 1408 2655 utraque
1459 2571 1648 2653 alloquitur:
1670 2570 1772 2633 nolite
1793 2570 1871 2646 felli,
1894 2571 2015 2653 inquit;
2037 2582 2171 2657 propter
2194 2576 2255 2642 hoe
2276 2579 2369 2643 venit
2388 2579 2439 2641 ira

433 2657 691 2723 consideratione
714 2658 888 2741 diligenter
909 2659 1149 2740 inspexerimus
1172 2680 1231 2723 nos
1253 2659 1330 2740 quid
1352 2679 1408 2721 su·
1459 2656 1524 2721 Dei
1545 2658 1581 2719 in
1601 2655 1685 2720 filios
1706 2655 1908 2720 diffidentiae
1925 2657 2025 2740 (Eph.
2040 2665 2068 2737 5,
2089 2668 2123 2738 e;
2142 2658 2211 2725 001.
2232 2666 2260 2741 3,
2281 2663 2325 2743 6).
2361 2665 2438 2728 Non

432 2765 515 2820 mus,
538 2744 603 2807 imo
626 2745 661 2807 10
684 2744 963 2824 unaquamnihil,
986 2745 1022 2808 in
1044 2745 1148 2808 altera
1165 2765 1265 2826 quum
1280 2745 1407 2826 magni·
1458 2743 1603 2806 minatur
1623 2742 1659 2805 in
1678 2744 1766 2823 ipsos
1787 2740 2032 2823 descensuram3
2053 2744 2112 2809 sed
2133 2746 2295 2827 admonet,
2317 2756 2355 2813 ut
2376 2751 2438 2813 im-

432 2830 534 2894 fioati:
563 2838 642 2911 puto
670 2839 850 2910 temperata
873 2829 1002 2893 videtur
1024 2829 1172 2911 gloriatio
1196 2839 1320 2909 nostra3
1350 2829 1408 2894 sed
1459 2829 1523 2912 piis
1550 2827 1589 2891 ob
1617 2849 1656 2891 ea
1682 2846 1764 2908 quae
1794 2836 2004 2893 recensuerat
2035 2832 2162 2914 flagitia
2188 2833 2272 2897 iram
2301 2834 2438 2898 Domini

431 2916 542 2980 forsan
564 2915 670 2997 magis
692 2924 787 2979 00010
808 2922 873 2993 001;
901 2914 1039 2979 00111010
1058 2916 1204 2997 quidem,
1226 2925 1350 2979 utnon
1372 2916 1408 2978 in
1459 2920 1688 2997 praeparatam
1717 2914 1874 2994 cogitent,
1903 2935 1945 2978 ne
1973 2922 2006 2977 et
2032 2916 2095 2998 ipsi
2122 2937 2193 2982 eam
2215 2921 2357 3001 experiri
2379 2940 2436 2983 ve-

432 3002 534 3075 nohis,
558 3000 614 3063 sed
638 3001 672 3062 in
695 3000 838 3063 Domino
860 3001 1047 3084 gloriemur.
1080 3002 1247 3066 Nimirum
1269 3002 1296 3064 si
1318 3000 1407 3084 cogi-
1459 3000 1531 3063 lint.
1567 2999 1754 3079 Quanquam
1775 3019 1851 3063 roro
1873 3001 2020 3082 0001101911
2039 3007 2074 3065 01
2094 3002 2171 3067 salis
2191 3009 2219 3068 01
2239 3005 2436 3085 simplicibus

431 3095 549 3161 tamus,
572 3086 600 3149 si
618 3085 798 3149 decreverit
815 3087 943 3151 salvare
959 3108 1029 3164 000,
1050 3087 1161 3152 statim
1180 3086 1408 3151 liberabimur:

431 3171 497 3235 iam
519 3171 554 3234 in
577 3171 638 3235 hoc
661 3172 821 3252 respirare
844 3172 927 3237 lieet.
973 3171 1041 3237 Sed
1063 3174 1098 3237 iu
1121 3173 1270 3237 altiorem
1294 3192 1408 3255 specu-

431 3256 498 3320 lam
521 3255 734 3321 00000100100
758 3279 953 3338 quaeramus
974 3259 1140 3323 civitatem
1162 3260 1240 3335 Dei,
1271 3278 1408 3340 quaera-

430 3364 505 3407 mus
526 3342 694 3425 templum
718 3364 914 3426 quuemmus
931 3343 1074 3421 domum,
1097 3364 1293 3426 quaeramus
1310 3364 1409 3427 spon·

431 3448 510 3494 sam.
555 3428 631 3492 Non
654 3428 772 3493 oblitus
790 3450 879 3508 sum;
899 3430 956 3494 sed
973 3451 1047 3495 cum
1065 3439 1206 3494 metuet
1224 3430 1410 3495 reverentia

432 3513 518 3579 dieo:
543 3535 601 3578 nos
623 3515 755 3596 inquam
775 3512 899 3592 sumus,
920 3515 977 3580 sed
1000 3517 1032 3579 in
1052 3515 1148 3581 eorde
1159 3518 1232 3581 Dei.
1266 3516 1335 3580 Nos
1351 3528 1408 3580 su·

430 3621 520 3678 mus,
544 3600 601 3664 sed
623 3600 712 3665 illius
734 3600 933 3683 dignatione,
953 3623 1018 3668 non
1040 3612 1153 3667 nostra
1175 3602 1341 3685 dignitate.

518 3689 568 3749 26.
614 3687 719 3749 Porro
753 3691 850 3751 timor
877 3687 1027 3766 Domini,
1061 3689 1153 3756 euius
1184 3687 1410 3752 testimonium

431 3771 553 3853 passim
577 3770 723 3835 defertur
743 3775 864 3838 sanetis
877 3774 1037 3848 omnibus,
1060 3782 1094 3838 et
1110 3773 1168 3855 qui
1177 3774 1266 3839 alius
1277 3774 1410 3837 initium

432 3858 627 3939 sapientiae,
661 3858 743 3922 01100
775 3860 935 3941 sapientia
967 3861 1038 3942 ipsa
1067 3870 1278 3944 nuncupatur
1305 3858 1408 3943 (Psal.

436 3948 513 4017 lll,
548 3947 598 4020 ¹05
633 3944 730 4007 Prov.
761 3950 791 4022 l,
819 3949 853 4024 7;
886 3945 963 4010 ibid.
992 3952 1044 4023 15,
1076 3949 1133 4024 33;
1167 3946 1234 4011 Iob.
1261 3950 1317 4024 28,
1343 3945 1409 4029 211),

432 4028 563 4092 tametsi
586 4050 670 4091 uuus
691 4037 754 4106 001,
783 4033 914 4113 gemino
940 4040 1050 4096 tanton
1079 4053 1121 4096 ex
1147 4053 1245 4096 seusu
1269 4044 1409 4096 emanat.

432 4114 545 4180 Habet
566 4116 654 4177 euim
681 4116 715 4177 in
743 4137 778 4179 se
802 4117 892 4180 Deus
913 4119 1016 4200 patris
1038 4119 1270 4196 reverentiam,
1298 4126 1332 4181 et
1353 4117 1410 4181 do·

431 4201 521 4264 ruini.
556 4200 673 4282 Itaque
695 4202 748 4280 qui
768 4201 860 4264 illum
879 4203 942 4267 rite
959 4203 1047 4268 volet
1065 4204 1180 4282 colere,
1203 4212 1237 4268 et
1257 4202 1411 4268 obedien·

431 4295 497 4350 tem
519 4285 567 4348 illi
589 4285 694 4349 filium
717 4308 752 4350 se
774 4296 939 4369 praestare
966 4298 1000 4351 et
1021 4289 1252 4372 obsequentem
1277 4309 1411 4354 servum

432 4372 584 4438 studebit.
630 4371 860 4436 Obedientiam
887 4394 969 4456 quae
996 4375 1057 4439 sibi
1084 4383 1121 4439 ut
1142 4376 1228 4459 patri
1250 4374 1410 4453 redditur,

1459 3085 1557 3149 minis
1577 3081 1784 3166 caperqefiaut
1803 3085 1927 3164 reprobi
1933 3108 1944 3162 ,·
1970 3087 2049 3166 quia
2068 3088 2179 3168 potius
2205 3091 2271 3153 1001
2297 3110 2358 3154 sua
2378 3091 2437 3155 du-

1459 3171 1533 3235 ritie
1554 3170 1641 3234 tardi
1666 3175 1695 3234 01
1715 3168 1843 3246 meus,
1871 3172 1989 3250 0001100
2016 3173 2287 3250 0011010101001
2311 3175 2400 3240 Deus
2421 3197 2438 3239 0

1459 3256 1551 3335 00010,
1584 3255 1628 3319 ad
1656 3256 2133 3338 eramusmaerore
2163 3262 2218 3326 sed
2243 3281 2341 3325 mauu
2369 3263 2438 3326 eius

1455 3342 1600 3424 00000001
1615 3342 1731 3420 timere,
1750 3340 1847 3405 uelint
1862 3342 1970 3421 001101,
1992 3349 2150 3427 ematur.
2186 3347 2341 3411 Timorem
2358 3348 2439 3412 1000

1458 3429 1552 3510 uulgo
1572 3427 1714 3491 0001100
1735 3433 1856 3506 aaut,
1885 3432 1914 3491 01
1938 3429 2071 3512 ipanus
2091 3431 2324 3514 voluntarieque
2346 3454 2438 3513 oppa

1459 3518 1547 3591 0001,
1568 3513 1623 3594 qui
1642 3512 1729 3592 filias
1748 3513 1838 3578 decet
1882 3513 1957 3578 Alii
1976 3517 2112 3581 mediam
2133 3520 2266 3599 speciest
2284 3520 2439 3583 subtiliter

1460 3601 1664 3664 interserunt:
1683 3599 1761 3680 quia
1781 3600 1907 3664 00001110
1924 3599 1977 3665 1110
1993 3605 2022 3665 01
2036 3607 2157 3667 caudas
2173 3606 2300 3686 affectius
2316 3606 2438 3669 001000

1461 3685 1618 3750 interdum
1638 3684 1767 3768 0051911,
1789 3688 1825 3748 01
1845 3686 1889 3750 od
1909 3685 2052 3752 11010000
2071 3687 2137 3753 Dei
2157 3696 2264 3771 sponte
2284 3692 2435 3755 00001001.

1548 3774 1598 3834 28.
1642 3770 1715 3834 Iam
1741 3770 1778 3834 in
1801 3768 1912 3837 divina
1932 3772 2173 3854 benevolentia,
2203 3798 2303 3858 quam
2333 3777 2436 3860 respi·
2540 3842 2542 3845 .

1463 3877 1535 3923 cere
1547 3855 1666 3921 dieitur
1675 3854 1766 3934 fides,
1779 3856 1994 3942 intelligimus
2009 3859 2126 3926 0010110
2138 3881 2176 3926 ao
2186 3862 2274 3927 ritae
2287 3871 2438 3928 aeternae

1462 3943 1699 4026 possessionem
1720 3942 1869 4008 obtineri
1913 3944 2001 4009 Nam
2022 3947 2060 4026 01,
2081 3947 2154 4011 Deo
2176 3949 2326 4031 propitio,
2355 3948 2439 4012 nihil

1463 4029 1540 4093 boni
1561 4026 1673 4093 deesse
1694 4035 1816 4110 potest,
1845 4029 1975 4096 abunde
1996 4030 2092 4097 nobis
2114 4034 2236 4097 suffieit
2258 4033 2300 4097 ad
2321 4035 2439 4098 salutis

1463 4113 1708 4192 certitudinem,
1730 4115 1788 4179 ubi
1809 4135 1888 4180 suae
1908 4115 2090 4183 dilectionis
2114 4119 2184 4201 ipse
2203 4140 2262 4183 nos
2284 4120 2438 4182 certiores

1462 4203 1548 4266 fauit
1582 4199 1745 4266 Ostendat
1765 4201 1883 4266 faciem
1903 4224 2007 4283 suam,
2029 4204 2137 4287 inquit
2157 4204 2315 4286 propheta
2332 4202 2434 4285 (Psal.

1463 4291 1514 4366 80,
1532 4285 1585 4371 4),
1608 4286 1746 4352 0100101
1767 4287 1900 4352 erimus.
1944 4287 2041 4354 Unde
2062 4289 2148 4354 hene
2169 4289 2283 4353 salutis
2304 4295 2436 4351 nostrae

1462 4394 1626 4438 summam
1654 4379 1805 4437 statuunt
1830 4373 2028 4456 scripturae,
2061 4373 2147 4455 quod
2175 4373 2302 4438 abolitis
2325 4372 2436 4435 inimi-

430 4458 595 4523 Dominus
617 4479 677 4541 per
696 4460 892 4541 prophetam
914 4460 1070 4523 honorem
1088 4469 1196 4539 vocat3
1219 4460 1410 4543 obsequium
1462 4460 1547 4526 011110
1569 4459 1724 4523 omnibus
1748 4459 1783 4521 in
1805 4459 1947 4541 gratiam
1967 4479 2027 4523 000
2048 4459 2170 4540 recepit
2190 4458 2291 4538 (Eph.
2313 4461 2348 4536 2,
2371 4459 2435 4541 14).

432 4542 520 4625 quod
541 4550 581 4606 ut
601 4543 733 4609 domino
755 4544 943 4624 exhibetur,
965 4547 1124 4611 timorem.
1159 4547 1280 4625 Filius,
1302 4547 1411 4629 inquit
1463 4543 1539 4625 Quo
1566 4545 1690 4610 seilicet
1709 4544 1868 4621 innuunt,
1895 4544 1967 4608 Deo
1986 4543 2079 4608 nobis
2100 4543 2322 4619 reconciliato,
2351 4543 2437 4607 nihil

433 4629 528 4710 (Mal.
551 4633 584 4707 l,
604 4627 654 4714 6),
688 4630 829 4694 honorat
849 4639 993 4713 patrem,
1007 4640 1010 4645 '
1023 4643 1056 4696 01
1080 4654 1195 4697 servus
1222 4632 1407 4696 dominum:
1461 4651 1596 4695 manere
1623 4628 1759 4712 periculi
1784 4629 1866 4711 quin
1893 4629 2004 4693 omnia
2030 4628 2125 4693 nobis
2146 4628 2229 4693 bene
2249 4628 2435 4694 succedant

433 4716 460 4779 01
488 4736 548 4797 ego
569 4722 677 4797 pater,
705 4717 762 4781 ubi
791 4717 918 4781 honor?
952 4717 1174 4797 si‘dominus,
1205 4717 1259 4782 ubi
1287 4717 1408 4781 timor?
1461 4715 1573 4796 Quare
1589 4715 1681 4793 fides,
1704 4713 1875 4778 dilectione
1886 4714 1951 4778 Dei
1968 4714 2182 4796 apprehensa,
2205 4716 2437 4798 promissiones

432 4800 606 4880 Utcunque
645 4809 753 4866 autem
787 4802 987 4886 distinguat,
1026 4804 1119 4870 01100
1157 4812 1195 4868 01
1231 4802 1410 4868 confundat
1461 4802 1561 4866 habet
1581 4801 1669 4865 vitae
1689 4799 1871 4880 praesentis
1891 4805 1926 4863 et
1946 4799 2091 4878 futurae,
2113 4798 2313 4882 solidamque
2335 4801 2436 4864 bono-

433 4893 608 4965 ntrumque
640 4888 748 4952 simul.
793 4890 908 4954 {rimor
940 4911 1018 4972 ergo
1050 4891 1205 4966 Domini,
1240 4889 1284 4954 sit
1314 4890 1409 4954 nobis
1461 4909 1536 4951 rum
1557 4885 1703 4949 omnium
1725 4883 1952 4949 securitatem:
1980 4883 2037 4950 sed
2066 4885 2172 4968 qualis
2200 4886 2339 4951 everbo
2360 4908 2436 4968 per-

433 4971 619 5034 reverentia
640 4971 765 5038 honore
786 4975 842 5039 illo
864 4984 898 5039 et
918 4977 1034 5039 timore
1051 4977 1164 5039 mixta.
1197 4975 1267 5040 Nee
1289 4977 1411 5039 mirum
1461 4973 1525 5055 cipi
1551 4978 1667 5054 potest.
1709 4969 1825 5052 Neque
1851 4971 1941 5034 enim
1966 4971 2182 5037 0110011011ιο
2208 4979 2267 5035 aut
2292 4972 2436 5055 longitu-

434 5056 464 5120 si
484 5061 661 5136 utrumque
688 5060 841 5125 effaetum
868 5061 955 5126 idem
983 5063 1112 5126 animus
1134 5062 1277 5142 recipiat.
1321 5061 1410 5124 Nam
1461 5058 1586 5133 dinem,
1609 5063 1668 5120 aut
1690 5056 1861 5134 honorem,
1884 5064 1944 5120 aut
1964 5078 2041 5140 opes
2063 5057 2126 5123 sibi
2147 5065 2235 5122 certo
2257 5057 2339 5122 fides
2360 5079 2435 5140 pro·

433 5141 491 5224 qui
513 5160 623 5205 seeum
645 5151 777 5224 reputat
797 5146 902 5227 qualis
924 5149 967 5212 sit
983 5148 1078 5212 nobis
1095 5159 1188 5229 pater
1204 5147 1305 5224 Deus,
1329 5147 1409 5210 satis
1460 5143 1564 5207 mittit
1591 5140 1735 5224 (quando
1762 5141 1848 5205 nihil
1875 5142 1994 5207 horum
2015 5144 2109 5209 nobis
2130 5165 2201 5208 esse
2223 5145 2436 5209 coustitutum

433 5228 548 5293 habet·
567 5247 699 5305 eausae,
732 5230 860 5295 etiamsi
889 5233 974 5298 nulli
1005 5234 1072 5297 sint
1103 5233 1214 5308 inferi,
1247 5253 1306 5294 our
1337 5232 1409 5296 eius
1460 5229 1566 5294 voluit
1586 5228 1779 5311 Dominus),
1808 5228 1866 5293 sed
1893 5228 1957 5294 hac
1985 5227 2179 5295 certitudine
2202 5239 2355 5296 contenta
2375 5237 2434 5307 est,

433 5313 648 5381 ostensionem
687 5314 832 5396 qualibet
868 5327 972 5383 morte
1004 5318 1140 5402 gravius
1172 5317 1407 5400 perhorreseat.
1461 5324 1626 5397 uteunque
1652 5336 1713 5379 nos
1735 5314 1841 5379 multa
1862 5313 2029 5394 deficiant,
2059 5336 2143 5398 quae
2165 5314 2207 5378 ad
2227 5316 2315 5380 01100
2338 5314 2436 5378 huius

434 5400 501 5467 Sed
530 5400 630 5464 etiam
656 5399 754 5483 (quae
782 5409 831 5466 est
857 5402 899 5468 01
925 5404 1081 5488 peccandi
1108 5404 1274 5469 licentiam
1301 5404 1409 5469 earnis
1460 5400 1642 5467 subsidium
1667 5400 1848 5483 pertinent,
1871 5401 1982 5466 Deum
2008 5408 2119 5466 tamen
2145 5422 2315 5483 nunquam
2342 5400 2436 5464 defu·

433 5495 566 5552 nostrae
598 5484 764 5571 10001010),
798 5507 862 5569 quo
894 5512 966 5554 eam
999 5491 1103 5567 modis
1137 5490 1286 5555 omnibus
1318 5490 1409 5556 cohi·
1460 5495 1581 5552 turum.
1625 5487 1809 5570 Praecipua
1835 5494 1946 5551 autem
1973 5487 2043 5552 eius
2071 5486 2230 5552 securitas
2251 5487 2286 5550 in
2306 5485 2436 5551 futurae

435 5575 585 5648 beamus,
619 5571 807 5655 arripienda
833 5574 930 5638 simul
959 5584 1009 5640 est
1035 5576 1116 5642 haec
1139 5576 1306 5660 cogitatio:
1330 5576 1409 5640 Do·
1461 5576 1548 5642 ritae
1570 5575 1812 5656 exspectatione
1833 5573 1971 5651 residet,
1999 5593 2081 5655 quae
2105 5580 2199 5636 extra
2220 5571 2355 5637 dubium
2378 5593 2438 5655 per

432 5660 531 5736 mino,
553 5657 613 5722 sub
631 5659 725 5723 ouius
739 5665 900 5743 potestate
913 5660 1071 5745 degimus,
1093 5661 1410 5729 esseabominationi
1459 5661 1526 5728 Dei
1547 5659 1686 5728 verbum
1705 5660 1811 5742 posita
1831 5667 1891 5724 est
1923 5657 2146 5740 Quaecunque
2165 5665 2278 5723 tamen
2294 5659 2332 5722 in
2349 5669 2439 5724 terra
