5600 6809
436 701 502 806 aar
754 772 757 777 -
1074 724 1469 794 1115515115151155.
1492 718 1675 790 01111155.
1698 724 1791 786 rate.
2382 727 2454 788 ess

436 926 546 994 monio
568 924 638 988 eius
660 941 759 1003 quarn
781 938 856 983 oum
877 915 1011 983 Christe
1029 914 1154 980 habent
1175 913 1413 978 communionis
1466 929 1504 974 ao
1526 908 1781 974 onenmeisionis
1803 911 2016 977 similitudine
2034 913 2237 990 haereamus,
2256 932 2356 993 quarn
2373 933 2452 976 am·

437 1013 527 1078 (15515
548 1015 582 1073 55
603 1008 703 1091 ponit
748 1005 909 1081 1151515,
933 1003 961 1068 si
990 1022 1104 1066 eorum
1126 1000 1261 1064 naenias
1283 999 1412 1063 ansoul-
1466 994 1612 1077 plissime
1644 994 1681 1057 in
1712 997 1869 1079 mysterio
1893 999 2056 1078 interiori,
2090 1000 2126 1061 in
2161 998 2448 1081 promissionibus,

436 1106 558 1173 5511155,
587 1091 666 1176 quid
692 1091 752 1156 illa
777 1088 991 1173 promissione
1018 1088 1076 1150 fiet
1102 1106 1167 1168 qua
1188 1084 1354 1150 Dominus
1376 1084 1413 1148 in
1467 1082 1503 1144 in
1526 1102 1597 1159 usu,
1620 1080 1657 1143 in
1673 1080 1819 1146 effioaeia
1840 1084 2002 1166 quadrare
2024 1085 2251 1167 oonspieimus.

435 1170 1427 1263 555551515ζί555555551555511155515155111155555·
1555 1169 1603 1229 17.
1648 1165 1825 1231 Rationem
1852 1190 1978 1252 qnoque
2010 1170 2232 1236 firmissimam
2266 1169 2450 1237 obtendere

435 1289 510 1335 rum
544 1265 664 1331 semini
694 1262 872 1346 propitium
900 1260 968 1323 fore
1000 1258 1036 1322 in
1068 1256 1277 1322 millesimam
1310 1276 1413 1337 usque
1466 1250 1529 1316 sibi
1549 1249 1713 1329 videntur,
1742 1273 1802 1317 551
1828 1255 1962 1319 areendi
1993 1257 2060 1321 sint
2092 1277 2112 1320 5
2142 1255 2304 1337 baptismo
2336 1259 2448 1340 pueri,

435 1349 703 1440 generationem?
741 1348 867 1412 bieeine
896 1344 938 1410 ad
965 1344 1137 1427 allegorias
1163 1340 1412 1425 eonfugiemus?
1468 1336 1549 1401 dnm
1571 1344 1764 1415 oausantur,
1794 1360 1861 1404 non
1883 1361 1953 1406 5555
1980 1363 2039 1424 per
2066 1348 2208 1406 aetatem
2236 1340 2343 1406 adhue
2371 1342 2450 1407 ido-

437 1447 472 1506 at
503 1438 645 1502 nimium
672 1433 847 1518 nugatoria
872 1431 972 1495 luerit
998 1429 1235 1512 tergiversatio.
1291 1427 1348 1492 An
1379 1427 1413 1491 id
1466 1444 1546 1486 neos
1573 1423 1629 1505 qui
1651 1422 1817 1522 signatum
1837 1425 1906 1492 illio
1927 1428 2123 1512 mysterium
2141 1435 2367 1508 assequantur.
2402 1428 2451 1494 Id

437 1525 582 1591 dicemus
605 1518 782 1587 abolitum?
826 1518 953 1581 Verum
975 1517 1023 1579 ita
1043 1515 1099 1579 lex
1119 1514 1345 1597 dissiparetur,
1362 1514 1414 1578 eni
1467 1516 1576 1574 autem
1605 1515 1656 1573 555
1676 1511 1869 1590 ¹spiritualis
1897 1514 2118 1596 regeneratio,
2151 1533 2236 1594 qnae
2262 1513 2379 1578 eadere
2408 1515 2451 1578 in

350 1655 353 1660 ,
436 1612 546 1697 potius
568 1604 782 1673 stabiliendae
804 1603 958 1668 Christus
978 1601 1079 1680 venit,
1107 1607 1270 1682 quatenus
1292 1601 1329 1663 in
1357 1600 1414 1664 bo·
1466 1595 1607 1677 primam
1638 1594 1813 1659 infantiam
1846 1618 1913 1662 non
1954 1606 2074 1682 potest.
2125 1599 2242 1680 Itaque
2273 1599 2449 1684 eolligunt,

436 1718 519 1763 num
541 1694 583 1759 ad
610 1694 713 1758 vitam
741 1689 835 1754 nobis
856 1686 955 1754 55115.
1001 1685 1054 1751 Sit
1078 1687 1190 1768 itaque
1218 1692 1312 1749 extra
1336 1707 1414 1751 oon·
1466 1701 1534 1744 non
1552 1679 1615 1743 alio
1635 1679 1708 1745 loeo
1725 1681 1893 1749 habendos
1910 1704 2008 1766 quarn
2029 1706 2090 1769 pro
2113 1684 2206 1749 Adae
2227 1685 2319 1763 filiis,
2341 1685 2450 1754 donee

437 1781 646 1857 troversiam,
670 1778 780 1842 Deum
803 1775 872 1839 suis
892 1772 973 1837 adeo
990 1773 1115 1837 bonum
1137 1792 1207 1836 esse
1235 1792 1273 1837 aa
1302 1772 1414 1836 libera
1466 1767 1501 1829 in
1539 1773 1680 1830 aetatem
1721 1766 1924 1834 adoleverint
1964 1771 2125 1835 seeundae
2162 1771 2330 1835 nativitati
2367 1793 2449 1837 oon·

438 1870 513 1945 1511,
543 1873 582 1929 55
607 1865 643 1928 15
664 1882 779 1927 551515
800 1861 942 1944 gratiam
963 1858 1082 1924 liberos
1104 1859 1216 1936 etiam,
1240 1879 1321 1940 quos
1339 1878 1414 1940 pro-
1466 1858 1648 1934 gruentem.
1704 1852 1807 1934 Atqui
1840 1854 1893 1919 bis
1919 1857 2072 1925 omnibus
2102 1857 2221 1938 ubique
2259 1857 2451 1942 refragatur

437 1953 589 2027 51551155,
612 1948 730 2034 populo
753 1968 811 2011 suo
832 1944 997 2010 aneenseri
1019 1944 1108 2009 velit.
1466 1937 1532 2001 Dei
1554 1937 1684 2002 veritas.
1718 1937 1806 2002 Nam
1828 1941 1855 2004 si
1877 1943 1963 2006 inter
1984 1943 2068 2007 filios
2089 1943 2183 2007 Adae
2203 1941 2333 2007 sinendi
2356 1954 2448 2023 sunt,

529 2041 574 2100 16.
620 2034 715 2115 Quae
741 2040 911 2115 praeterea
945 2031 1031 2094 inter
1053 2031 1254 2111 baptismum
1283 2049 1321 2092 ae
1350 2028 1413 2091 eir·
1465 2025 1502 2087 in
1522 2030 1628 2087 155155
1650 2023 1892 2107 relinquuntur3
1915 2028 2044 2109 quando
2062 2029 2098 2092 in
2115 2027 2223 2093 Adam
2242 2028 2326 2092 nihil
2343 2051 2449 2112 (15551

438 2123 671 2192 oumoisionem
692 2120 825 2183 15115515
850 2117 1039 2201 disorimina
1059 2115 1255 2191 moliuntur,
1279 2135 1346 2178 non
1369 2115 1414 2177 ri·
1466 2109 1549 2173 mori
1571 2130 1753 2191 possumus.
1798 2111 1923 2177 Contra
1944 2136 2022 2179 vero
2050 2113 2206 2180 Christus
2233 2114 2295 2180 sibi
2323 2115 2449 2181 adduei

436 2209 548 2275 'dieula
565 2200 660 2271 modo
677 2211 763 2280 sunt,
787 2210 822 2268 et
836 2203 926 2266 omni
943 2202 1080 2266 rationis
1101 2202 1208 2282 speeie
1225 2221 1337 2277 vaona,
1356 2198 1414 2264 sed
1466 2195 1565 2260 iubet.
1611 2192 1702 2273 Quid
1722 2195 1791 2258 ita?
1813 2199 1891 2279 quia
1912 2200 1981 2264 vita
2002 2208 2066 2265 est.
2110 2200 2178 2265 Eos
2199 2219 2278 2282 ergo
2299 2207 2338 2264 ut
2358 2203 2448 2268 vivi·

436 2296 525 2361 inter
536 2315 571 2359 55
589 2291 781 2375 pugnantia.
815 2288 903 2352 Nam
920 2288 977 2351 ubi
995 2288 1194 2369 baptismum
1212 2284 1253 2349 ad
1270 2286 1415 2368 primum
1465 2281 1556 2357 fioet,
1585 2279 1638 2345 sui
1662 2281 1837 2365 participes
1862 2285 1954 2364 faoit3
1983 2308 2085 2369 quum
2105 2287 2239 2350 interim
2260 2286 2317 2350 isti
2344 2287 2448 2373 longe

436 2379 616 2465 spiritualis
639 2374 827 2441 tentaminis
845 2373 932 2438 diem
950 2382 1096 2456 speetare
1115 2372 1332 2448 affirmarunt,
1352 2372 1414 2435 eir·
1467 2367 1599 2431 abaetos
1632 2368 1731 2430 morti
1765 2367 1961 2435 adiudicant.
2007 2373 2094 2437 Nam
2121 2373 2149 2437 51
2172 2373 2445 2454 tergiversantur,

437 2466 669 2533 oumoisionem
692 2467 801 2524 autern
823 2458 865 2523 ad
888 2465 1053 2536 octavum,
1076 2460 1143 2522 iarn
1169 2465 1302 2540 peraeta
1327 2477 1414 2520 mor·
1467 2473 1535 2516 non
1563 2450 1636 2516 ideo
1669 2453 1775 2534 perire
1801 2455 1944 2520 infantes
1972 2458 2000 2523 si
2028 2459 2086 2522 filii
2112 2459 2206 2523 Adae
2240 2467 2446 2541 reputentur,

435 2544 1215 2628 515555155551555115111155511115155551155551
1229 2545 1415 2621 invertunt;
1467 2539 1547 2604 55515
1580 2558 1742 2620 superque
1775 2541 1955 2622 seripturas
1988 2544 2173 2609 testimonio
2209 2565 2322 2609 sorum
2351 2567 2447 2610 orror

437 2657 476 2702 ae
498 2632 779 2702 circumcisionem
801 2630 933 2713 quidem
955 2632 1094 2714 figuram
1117 2629 1284 2712 appellant
1300 2629 1415 2692 morti-
1467 2623 1657 2688 revineitur.
1701 2623 1788 2688 Nam
1811 2647 1913 2708 quum
1934 2631 1970 2693 in
1992 2630 2100 2695 Adam
2122 2651 2235 2694 omnes
2258 2632 2341 2696 mori
2368 2654 2447 2715 pro-

436 2720 584 2788 iieandae
622 2718 745 2794 earnis,
779 2717 977 2799 baptismum
1004 2737 1082 2780 vero
1120 2714 1337 2798 sepulturam,
1379 2715 1415 2778 in
1451 2711 1599 2774 vnuntiet
1631 2710 1664 2795 (l
1691 2708 1765 2775 Cor.
1795 2717 1843 2791 15,
1867 2715 1939 2798 22),
1969 2717 2117 2799 sequitur
2148 2716 2275 2780 nnllam
2306 2718 2371 2782 nisi
2407 2720 2446 2783 in

437 2829 539 2890 quarn
563 2804 646 2869 nulli
673 2804 737 2869 nisi
767 2803 832 2866 iarn
859 2803 981 2866 mortui
1007 2800 1160 2865 tradendi
1192 2802 1273 2865 sint.
1319 2798 1414 2879 Quae
1468 2796 1600 2860 Christo
1622 2796 1709 2860 vitae
1731 2817 1824 2879 spem
1845 2811 1983 2866 restare.
2028 2800 2102 2883 Quo
2123 2803 2227 2885 igitur
2248 2801 2335 2866 vitae
2362 2804 2444 2868 1155-

437 2890 705 2978 1111155551551551
727 2887 842 2953 (1511115
859 2894 951 2951 tanta
967 2886 1101 2952 levitate
1124 2885 1415 2951 (1155111555111551
1466 2881 1561 2946 redes
1593 2883 1723 2960 fiamus,
1757 2903 1819 2949 nos
1851 2907 1926 2950 eum
1957 2908 1994 2952 eo
2025 2888 2265 2953 communicare
2303 2898 2442 2971 oportet

436 2980 546 3062 priore
564 2975 725 3041 sententia
746 2974 927 3055 baptismus
954 2973 1192 3038 eireumeisioni
1209 2973 1337 3054 praeire
1358 2973 1415 3036 de-
1467 2968 1627 3045 Rursum,
1650 2988 1750 3049 quum
1771 2970 1931 3052 seriptum
1957 2974 2033 3038 alibi
2056 2975 2108 3051 sit,
2137 2982 2256 3038 natura
2282 2995 2341 3039 nos
2372 2977 2444 3042 irae

436 3063 506 3143 bet;
540 3083 600 3146 per·
632 3061 769 3124 alteram
797 3060 833 3123 in
860 3059 1074 3141 posteriorem
1103 3058 1210 3124 loeum
1237 3058 1412 3142 relegatur.
1465 3054 1532 3119 Dei
1552 3074 1666 3117 ornnes
1686 3075 1757 3119 5555
1779 3056 1937 3122 obnoxios
1959 3059 2060 3144 (Eph.
2081 3065 2109 3138 2,
2130 3061 2174 3143 3),
2199 3082 2236 3124 ae
2257 3060 2291 3122 in
2308 3070 2445 3141 peceato

436 3149 552 3231 Neque
579 3155 691 3212 tamen
719 3166 843 3210 novum
870 3145 1059 3227 exemplum
1086 3152 1151 3222 est,
1174 3152 1214 3208 ut
1241 3144 1415 3208 hominum
1466 3147 1638 3221 eoneeptos
1665 3138 1767 3222 (Psal.
1789 3145 1838 3219 51,
1859 3147 1908 3228 7),
1936 3147 1988 3210 551
2005 3145 2173 3210 damnatio
2200 3153 2354 3228 perpetuo
2382 3147 2445 3211 ad.

436 3234 579 3318 ingenia,
601 3231 658 3296 nbi
679 3252 738 3313 pro
760 3231 940 3296 certissimo
961 3230 1026 3295 Dei
1042 3229 1143 3295 verbo
1165 3229 1304 3294 adorant
1321 3230 1414 3312 qnid·
1466 3227 1631 3303 haerete
1658 3234 1778 3289 555515
1804 3237 1917 3294 555515
1943 3229 2165 3315 demigremus
2187 3238 2323 3314 oportet,
2347 3240 2444 3298 ante·

425 3319 514 3403 *quid
547 3318 750 3397 somniarint,
783 3337 915 3381 sursum
947 3315 1101 3380 deorsum
1131 3317 1180 3379 ita
1212 3316 1412 3381 volutentur.
1466 3333 1564 3395 quam
1585 3313 1621 3374 in
1642 3332 1784 3395 regnum
1804 3314 1870 3378 Dei
1892 3316 2000 3382 aditus
2022 3318 2117 3382 nobis
2138 3325 2257 3400 pateat.
2297 3318 2345 3382 Et
2361 3319 2444 3400 quid

436 3406 506 3471 Nos
534 3425 612 3488 ergo
639 3404 782 3485 priorem
814 3402 907 3466 illam
935 3400 1152 3466 differentiam
1181 3423 1310 3466 merum
1342 3423 1414 3467 5555
1466 3397 1530 3463 diei
1552 3397 1672 3462 elarius
1682 3405 1789 3481 potest
1810 3420 1909 3482 quarn
1935 3424 2069 3468 earnem
2090 3411 2124 3469 et
2145 3405 2341 3488 sangninem
2368 3426 2444 3488 reg·

436 3492 600 3558 somnium
623 3489 770 3554 dicimus.
816 3486 855 3552 Si
877 3488 912 3551 in
935 3496 1048 3553 ottavo
1070 3487 1122 3551 die
1144 3487 1266 3553 libebat
1287 3484 1414 3568 oillpyo-
1466 3506 1549 3549 num
1580 3483 1663 3547 Dei*
1683 3483 1849 3565 possidere
1880 3509 1949 3551 non
1986 3510 2081 3571 posse
2115 3489 2147 3572 (l
2174 3488 2248 3555 Cor.
2277 3494 2332 3567 15,
2360 3490 2441 3575 50)’1

456 3586 510 3657 etv,
532 3598 600 3641 non
622 3582 734 3640 tamen
755 3594 793 3638 eo
814 3572 910 3637 modo
928 3571 1151 3639 conveniebat.
1185 3573 1292 3639 Multo
1310 3575 1414 3639 satius
1465 3570 1647 3660 Aboleatur
1668 3589 1746 3651 ergo
1768 3570 1927 3654 quidquid
1947 3584 2098 3640 nostrum
2116 3584 2174 3652 555,
2197 3575 2283 3658 quod
2305 3598 2374 3641 non
2396 3578 2442 3642 51-

434 3599 536 3728 155115
556 3668 630 3744 poet
651 3667 780 3726 veteres
806 3679 982 3723 numerum
1009 3659 1215 3724 ootenarinm
1241 3660 1277 3723 in
1303 3680 1413 3725 resur·
1465 3663 1518 3721 tra
1549 3655 1833 3738 regenerationem
1864 3659 1935 3739 fiet;
1968 3669 2041 3725 tum
2079 3663 2316 3743 possessionem
2355 3662 2442 3728 hane

435 3749 613 3812 restionem
635 3753 748 3811 octavo
771 3744 823 3809 die
845 3746 965 3810 1555551
986 3746 1118 3824 1515115,
1141 3745 1230 3809 unde
1247 3746 1335 3810 vitae
1353 3767 1413 3810 no·
1463 3743 1558 3825 regni
1581 3743 1948 3827 terremus.21)0niqu0
1966 3747 1995 3810 si
2013 3768 2090 3813 vere
2107 3747 2253 3828 loquitur
2275 3746 2441 3828 Christus,

342 3886 344 3890 ,
436 3833 574 3898 vitatem
601 3830 745 3914 pendere
771 3832 906 3910 seimus;
937 3838 995 3894 aut
1022 3830 1063 3908 ad
1093 3837 1201 3894 totum
1229 3832 1412 3913 praesentis
1464 3850 1567 3910 quum
1589 3847 1625 3891 55
1646 3826 1750 3891 vitam
1771 3849 1841 3893 5555
1862 3832 2045 3913 praedicat,
2068 3854 2129 3898 nos
2151 3836 2187 3896 in
2202 3834 2317 3915 *ipsum
2339 3835 2442 3900 inseri

436 3919 526 3984 ritae
547 3937 688 3996 aureum,
711 3938 775 3999 quo
796 3917 972 4000 proaedere
995 3937 1123 4000 semper
1152 3916 1248 3980 debet
1273 3918 1413 3982 15515111-
1464 3934 1597 3979 neeesse
1618 3921 1682 3991 est,
1703 3933 1766 3994 quo
1788 3935 1807 3978 5
1827 3919 1943 3981 1551515
1961 3920 2121 3984 'servitute
2150 3940 2349 3984 5555155151.
2395 3923 2443 3986 At

438 4004 532 4082 55515,
556 4001 667 4082 (15555,
688 4024 726 4067 55
738 4007 879 4083 peraeto,
899 4005 972 4086 ipsa
993 4023 1119 4084 quoque
1140 4003 1284 4084 perfetta
1304 4003 1411 4067 fuerit
1465 3998 1636 4082 quomodo,
1658 3998 1824 4081 inquiunt,
1846 4017 2083 4086 regenerantur
2103 4006 2259 4082 infantes,
2282 4028 2342 4072 nee
2364 4006 2442 4071 boni

438 4087 639 4170 Quanquam
671 4088 776 4152 videri
807 4096 906 4170 queat
927 4090 1020 4152 Deus
1053 4088 1169 4153 aetatis
1201 4087 1413 4153 teneritudini
1463 4107 1525 4151 nee
1546 4085 1625 4150 mali
1655 4086 1838 4168 eognitione
1864 4090 2041 4172 praediti?
2073 4090 2141 4156 Nos
2169 4101 2279 4155 555515
2306 4113 2441 4175 respon·

434 4173 1139 4258 115551551515151555511555151515555115
1156 4173 1242 4238 diem
1260 4181 1413 4240 octavum
1465 4172 1589 4251 demus,
1612 4192 1695 4254 opus
1715 4170 1789 4252 Dei,
1812 4174 1911 4238 etiam
1934 4177 1961 4241 si
1981 4179 2090 4259 oaptui
2112 4184 2225 4242 nostro
2246 4199 2314 4242 non
2332 4177 2442 4242 subia-

436 4259 625 4339 differendo,
654 4260 809 4342 quoniam
836 4260 957 4324 vulnus
983 4280 1098 4324 reeens
1129 4261 1217 4324 natis
1244 4267 1277 4324 et
1305 4260 1412 4326 adhue
1464 4267 1550 4337 5555,
1578 4278 1645 4321 555
1667 4264 1779 4322 5511155
1800 4281 1871 4324 5555
1892 4262 2029 4327 nullum.
2078 4264 2184 4328 Porro
2216 4263 2356 4328 infantes
2382 4265 2443 4346 qni

437 4367 458 4412 a
496 4353 601 4410 matre
649 4345 842 4410 rubentibus
883 4344 1097 4427 perieulosius
1139 4347 1288 4410 futurum
1331 4355 1411 4411 erat
1464 4343 1618 4410 servandi
1640 4344 1722 4422 sint,
1745 4352 1784 4408 ut
1810 4357 1897 4412 55155
1924 4370 2025 4413 exea
2047 4356 2153 4414 555555
2180 4351 2310 4413 omnino
2338 4348 2442 4431 aliqui

436 4430 570 4513 Quanto
591 4432 763 4497 nervosius
786 4438 836 4495 est
861 4430 959 4511 illud,
982 4452 1041 4495 nos
1068 4431 1135 4495 iarn
1164 4437 1240 4496 ante
1266 4439 1413 4497 mortuos
1465 4436 1655 4509 servantur,
1685 4438 1763 4494 ante
1791 4451 1811 4494 5
1837 4433 1980 4499 Β515155
2009 4437 2198 4518 regenerari
2224 4436 2358 4498 minime
2380 4436 2441 4500 ob·

435 4537 495 4601 per
514 4519 716 4599 baptismum
734 4515 887 4599 sepeliri?
910 4537 1011 4598 quum
1033 4517 1195 4598 seriptura
1217 4516 1338 4582 diserte
1360 4540 1412 4582 re·
1463 4538 1596 4582 55515111
1623 4525 1681 4581 555.
1725 4516 1811 4580 Ν515
1840 4520 1868 4583 51
1897 4522 1903 4533 ’
1953 4521 2076 4585 5515551
2105 4521 2167 4585 51111
2199 4525 2441 4603 corruptionem

436 4603 569 4681 elamet,
597 4624 658 4668 nos
686 4624 725 4667 ea
757 4601 940 4668 conditione
968 4603 1003 4665 in
1032 4608 1170 4666 mortem
1200 4603 1344 4685 sepeliri,
1374 4611 1413 4667 55
1464 4603 1619 4668 55155115
1645 4609 1738 4665 55515
1767 4625 1878 4669 555515
1894 4542 2063 4683 ι1151555,
2087 4628 2126 4670 55
2147 4616 2340 4690 repurgatas
2368 4628 2440 4672 5555

436 4689 652 4770 emoriemur,
675 4710 713 4753 55
739 4688 1023 4752 mortifieationem
1044 4688 1142 4751 istam
1164 4688 1282 4754 exinde
1309 4689 1412 4754 medi·
1463 4696 1600 4771 oportet,
1624 4696 1800 4775 antequam
1820 4693 1856 4755 in
1877 4713 2016 4774 regnum
2033 4693 2098 4757 Dei
2120 4691 2350 4756 admittantur:
2374 4712 2439 4774 quo

434 4773 565 4838 ternur?
610 4774 683 4838 Iam
706 4773 852 4838 eiusdem
874 4765 1150 4856 estfdexteritatis
1168 4774 1255 4857 quod
1272 4776 1411 4841 feminas
1464 4775 1548 4839 nihil
1565 4772 1752 4857 ingreditur
1769 4775 1931 4857 pollutum
1948 4787 2006 4841 555
2021 4779 2238 4859 inquinatum.
2276 4759 2440 4860 81115555-

435 4880 503 4922 non
525 4880 595 4923 5555
617 4858 828 4942 baptizandas
849 4859 1056 4938 oavillantur,
1080 4860 1108 4923 51
1130 4860 1330 4942 baptismum
1348 4863 1411 4928 eir-
1463 4867 1551 4926 tores
1572 4866 1763 4938 naseuntur,
1785 4862 1945 4943 quomodo
1966 4871 1999 4927 55
2020 4861 2132 4929 David
2154 4872 2187 4928 55
2206 4864 2332 4929 Paulus
2349 4865 2440 4931 affir-

436 4945 625 5009 eumeisioni
658 4945 853 5009 eonformari
885 4951 1040 5027 oporteat.
1089 4945 1177 5010 Nam
1209 4947 1237 5011 si
1264 4968 1411 5030 551111151-
1462 4954 1565 5020 51555,
1589 4951 1648 5009 aut
1668 4946 1740 5009 Deo
1762 4947 1885 5029 ingrati
1904 4949 2066 5031 invisique
2083 4957 2228 5027 manent,
2247 4957 2305 5014 555
2321 4951 2441 5015 iustiti-

434 5029 601 5093 tiesimum
632 5037 683 5094 est
719 5031 973 5096 oireumoisionis
1004 5031 1098 5114 signo
1132 5038 1286 5097 testatam
1311 5034 1411 5097 1111555
1463 5040 1580 5099 555551
1601 5040 1813 5096 5555555555
1857 5035 1904 5098 Ε5
1924 5033 2002 5116 quid
2024 5036 2112 5100 ultra
2129 5037 2315 5118 quaerimus
2337 5057 2442 5118 quum

434 5114 569 5180 55511515
591 5115 758 5181 15155115151
781 5118 1079 5196 sanctificationem,
1104 5138 1146 5181 ex
1168 5139 1206 5183 eo
1223 5139 1328 5200 neque
1351 5117 1411 5182 du·
1463 5116 1770 5201 115151511155151155
1787 5118 1930 5184 affirmet
1947 5120 2075 5205 (Ioann.
2097 5126 2126 5199 3,
2146 5121 2190 5205 3),
2209 5121 2309 5186 nullis
2326 5129 2439 5204 patere

434 5200 526 5267 bium
548 5209 599 5267 555
619 5203 699 5284 quin
721 5203 867 5267 maribus
894 5203 1016 5284 pariter
1044 5226 1081 5269 ae
1109 5204 1239 5269 feminis
1267 5204 1411 5269 55555111-
1462 5205 1498 5267 15
1518 5203 1622 5267 vitam
1643 5203 1817 5269 5551555551
1844 5208 2030 5289 ingressum
2050 5208 2115 5272 5151
2137 5207 2283 5272 renatis?
2329 5209 2440 5290 Atque

435 5286 549 5352 eandis
571 5286 685 5352 datum
705 5288 818 5352 fuerit.
864 5286 945 5352 Sola
966 5295 1077 5354 autern
1096 5289 1319 5354 maseulorum
1339 5310 1411 5354 eor·
1462 5295 1501 5354 55
1523 5288 1751 5372 obloquutores
1777 5291 1839 5357 1155
1867 5314 1970 5377 genus
1998 5302 2233 5376 eempeseeret,
2262 5293 2440 5358 dooumen-

433 5392 516 5456 pora
540 5374 611 5456 ipso
638 5371 925 5456 imprimebantur,
949 5394 1031 5457 quae
1057 5396 1117 5457 per
1138 5381 1292 5439 naturam
1319 5382 1411 5456 pote-
1462 5383 1534 5440 tum
1561 5377 1712 5458 praebuit
1732 5377 1768 5441 in
1793 5378 1919 5444 loanne
1943 5380 2108 5462 Baptista,
2136 5399 2234 5462 quern
2260 5380 2296 5443 in
2322 5380 2441 5445 matris

435 5467 525 5537 rant;
548 5461 595 5524 sie
621 5465 733 5523 tamen
756 5466 794 5524 55
819 5459 960 5524 15511555
985 5481 1045 5542 per
1073 5479 1129 5524 555
1156 5460 1410 5527 oireumeisionis
1462 5469 1556 5526 utero
1576 5462 1802 5543 sanetifieavit,
1821 5465 1900 5547 quid
1918 5464 1954 5529 in
1970 5465 2105 5547 reliquis
2121 5472 2240 5549 posset.
2283 5465 2353 5530 Neo
2374 5485 2442 5548 (155

435 5543 673 5624 quodammodo
700 5546 801 5609 551155
827 5564 864 5608 ae
892 5550 1043 5610 5515551555
1067 5550 1172 5610 eareat.
1221 5546 1339 5629 Itaque
1362 5554 1411 5611 ta-
1463 5546 1517 5613 hie
1538 5547 1658 5612 ludunt
1686 5551 1955 5632 tergiversatione
1982 5550 2159 5633 quidquam
2186 5552 2376 5634 proficiunt:
2405 5551 2442 5616 id

435 5624 521 5692 libus
547 5649 661 5694 eorum
688 5631 822 5713 ineptiis
849 5629 964 5711 proeul
994 5629 1169 5715 ablegatis,
1191 5631 1228 5694 in
1257 5631 1424 5717 baptismi,
1463 5633 1565 5699 semel
1586 5632 1749 5699 duntaxat
1769 5637 1907 5716 faetum3
1930 5637 2017 5701 unde
2038 5657 2106 5702 non
2127 5638 2240 5703 5555151
2261 5658 2443 5720 oonsequa-
