5600 6809
445 622 454 657 t

407 769 471 828 519

406 974 509 1036 quum
540 950 581 1014 ab
613 971 651 1015 eo
685 951 850 1033 argueris3
889 970 987 1032 quem
1020 949 1108 1012 enim
1141 947 1250 1030 diligit
1277 945 1380 1028 Deus,

406 1037 555 1118 corripit,
583 1044 616 1100 et
645 1057 721 1100 eum
735 1036 760 1119 ¹)
787 1036 880 1100 velut
908 1043 1001 1117 pater
1028 1034 1135 1097 filium
1162 1033 1379 1114 amplectitur.

404 1122 470 1188 Ubi
491 1122 631 1186 ferulam
651 1122 755 1203 patris
777 1122 992 1204 agnoscimus,
1016 1139 1059 1182 an
1076 1127 1229 1183 nostrum
1247 1139 1313 1182 non
1331 1127 1382 1184 est

404 1207 592 1271 obedientes
619 1207 730 1289 potius
760 1206 943 1288 docilesque
970 1204 1055 1269 filios
1082 1204 1252 1282 exhibere,
1281 1224 1381 1286 quam

404 1293 610 1357 contumacia
638 1292 825 1374 desperatos
851 1291 1000 1354 homines
1024 1291 1163 1369 imitari,
1194 1290 1251 1371 qui
1278 1291 1380 1354 male-

402 1380 486 1444 ficiis
508 1377 752 1442 induruerunt?
795 1376 912 1441 Perdit
938 1397 998 1439 nos
1021 1376 1112 1442 Deus
1140 1376 1205 1441 nisi
1227 1396 1246 1438 a
1268 1398 1302 1440 se
1324 1377 1380 1440 de-

403 1464 513 1546 lapsos
532 1465 736 1545 correptione
753 1470 892 1528 revocat.
923 1462 1076 1527 Utrecte
1088 1462 1144 1527 ille
1164 1463 1249 1526 dicat
1262 1462 1378 1545 (Hebr.

406 1553 461 1627 12,
481 1550 531 1633 8),
561 1570 621 1614 nos
643 1550 772 1631 spurios
794 1571 878 1624 esso,
903 1568 971 1610 non
993 1548 1092 1633 filios,
1116 1550 1144 1613 si
1166 1555 1261 1613 extra
1283 1547 1380 1613 disci-

403 1635 531 1718 plinam
554 1656 677 1698 sumus,
713 1633 959 1698 Perversissimi
981 1655 1060 1716 ergo
1082 1656 1198 1698 sumus
1220 1634 1248 1699 si
1270 1634 1380 1716 ipsum

402 1721 489 1785 ferre
511 1742 586 1784 non⁴
598 1740 770 1800 possumus
793 1718 871 1782 dum
892 1739 987 1782 suam
1004 1718 1098 1783 nobis
1115 1719 1380 1786 benevolentiam

403 1813 438 1870 et
470 1826 569 1887 quam
602 1803 701 1868 habet
733 1803 773 1868 de
801 1805 907 1869 salute
939 1811 1053 1868 nostra
1085 1826 1198 1869 curam
1226 1804 1377 1870 declarat.

402 1889 477 1955 Hoc
499 1891 586 1953 inter
604 1888 790 1954 incredulos
808 1898 842 1953 ct
858 1888 971 1954 fideles
988 1891 1146 1956 interesse
1165 1892 1259 1955 docet
1276 1893 1379 1973 serip-

402 1983 488 2054 tura,
512 1974 599 2057 quod
620 1975 679 2053 illi,
698 1976 790 2039 velut
806 1976 1007 2040 inveteratae
1029 1984 1241 2059 recoctaeque
1263 1978 1379 2058 nequi·

402 2061 467 2125 tiae
489 2061 667 2141 mancipia,
690 2061 830 2144 flagellis
857 2061 1035 2125 deteriores
1057 2062 1154 2126 modo
1177 2082 1214 2124 ac
1236 2062 1379 2127 obstina-

402 2146 503 2210 tiores
521 2149 621 2225 fiunt;
645 2146 688 2224 hi,
707 2168 766 2210 ceu
778 2147 838 2209 filii
850 2146 1055 2228 ingenuitate
1074 2147 1223 2228 praediti,
1243 2148 1284 2212 ad
1301 2169 1379 2230 pce-

398 2231 573 2295 nitentiam
595 2232 780 2313 proficiunt.
825 2231 1026 2314 Eligendum
1050 2253 1140 2296 nunc
1162 2242 1236 2297 utro
1258 2235 1295 2296 in
1316 2256 1379 2296 nu-

397 2337 489 2381 mero
522 2338 592 2380 esse
623 2317 728 2382 malis.
774 2314 842 2381 Sed
875 2317 1031 2399 quoniam
1064 2318 1103 2382 de
1137 2319 1198 2382 hac
1232 2341 1268 2382 re
1301 2318 1379 2384 alibi

398 2399 525 2466 dictum
551 2409 615 2479 est,
643 2410 818 2466 contentus
844 2401 990 2468 breviter
1016 2404 1180 2486 attigisse,
1208 2406 1308 2469 finem
1330 2405 1378 2468 fa-

398 2505 482 2551 cram

484 2538 514 2635 l.
559 2573 664 2636 Porro
687 2573 865 2654 singularis
888 2574 945 2636 illa
967 2581 1017 2638 est
1034 2576 1220 2652 consolatio,
1243 2575 1300 2639 ubi
1318 2597 1378 2657 pro

398 2656 528 2720 iustitia
549 2658 839 2738 persequutionem
867 2660 1021 2741 patimur.
1068 2659 1268 2725 Succurrere
1290 2662 1379 2725 enim

397 2748 472 2806 tum
493 2741 589 2805 debet
610 2750 732 2823 quanto
754 2764 815 2807 nos
843 2743 967 2808 honore
989 2744 1144 2828 dignetur
1165 2745 1267 2824 Deus,
1291 2746 1379 2828 quod

397 2827 447 2891 ita
472 2847 533 2890 nos
562 2826 721 2908 peculiari
741 2828 878 2893 militiae
900 2850 978 2894 suae
1004 2839 1083 2894 nota
1103 2832 1251 2914 insignit.
1296 2833 1378 2896 Per·

398 2912 628 2994 sequutionem
648 2912 718 2995 pati
741 2934 800 2994 pro
822 2915 951 2978 iustitia
973 2915 1054 2994 dico,
1077 2937 1146 2980 non
1168 2926 1299 2981 tantum
1322 2917 1379 3000 qui

397 3018 458 3080 pro
481 2997 643 3080 evangelii
666 2996 863 3078 defensione,
887 3001 944 3065 sed
966 3002 1023 3083 qui
1041 3023 1102 3084 pro
1120 3002 1266 3085 quolibet
1282 3004 1377 3068 iusti-

364 3106 366 3110 ·
396 3083 463 3156 tiae
495 3083 676 3164 patrocinio
708 3083 869 3149 laborant.
915 3084 996 3171 Sive
1029 3108 1107 3171 ergo
1139 3088 1176 3150 in
1204 3089 1379 3154 asserenda

317 3208 320 3217 ·
397 3167 556 3233 adversus
590 3176 723 3233 satanae
755 3169 927 3236 mendacia
953 3170 1018 3236 Dei
1050 3173 1205 3253 veritate,
1240 3175 1310 3240 sive
1341 3175 1379 3240 in

397 3253 606 3335 suscipienda
626 3253 789 3318 bonorum
811 3264 910 3338 atquc
931 3257 1159 3323 innocentium
1180 3269 1294 3324 contra
1315 3261 1377 3324 im-

397 3338 576 3422 proborum
598 3340 738 3405 iniurias
761 3341 878 3420 tutela,
908 3362 1040 3407 necesse
1067 3352 1118 3408 est
1144 3345 1314 3411 incurrere
1341 3348 1377 3411 in

397 3424 515 3488 mundi
537 3425 735 3490 offensiones
757 3436 791 3490 et
813 3426 900 3505 odia,
928 3427 1017 3493 unde
1044 3437 1103 3492 ant
1124 3431 1212 3496 vitae
1234 3441 1376 3511 nostrae,

398 3517 458 3573 aut
485 3511 641 3590 fortunis,
676 3518 735 3574 aut
764 3512 883 3576 honori
910 3513 1094 3595 periculum
1120 3514 1305 3596 immineat,
1332 3538 1378 3581 ne

398 3614 500 3678 grave
532 3597 575 3661 sit
606 3595 701 3662 nobis
730 3605 790 3661 aut
816 3597 992 3663 molestum
1025 3607 1161 3666 eatenus
1188 3602 1378 3684 impendere

399 3700 460 3745 nos
482 3679 569 3759 Deo,
603 3691 662 3745 aut
691 3703 733 3747 ne
760 3682 898 3748 miseros
925 3685 961 3747 in
988 3684 1029 3750 iis
1056 3707 1118 3753 nos
1139 3694 1308 3769 putemus,
1340 3689 1378 3753 in

399 3763 519 3846 quibus
540 3766 611 3848 ipse
633 3787 693 3831 suo
712 3789 768 3832 ore
786 3789 847 3834 nos
864 3768 976 3835 beatos
993 3773 1222 3853 pronuntiavit
1240 3774 1376 3871 (Manli.

401 3855 430 3927 5,
452 3850 515 3933 10).
548 3851 731 3933 Paupertas
753 3854 895 3936 quidem,
919 3857 946 3921 si
968 3857 1003 3921 in
1025 3879 1060 3922 se
1081 3858 1153 3940 ipsa
1175 3867 1375 3938 aest1metur,

398 3933 533 3997 miseria
554 3943 619 4016 est;
642 3937 794 4003 similiter
815 3941 985 4020 exsilium,
1010 3950 1233 4025 contemptus,
1257 3966 1376 4024 carcer,

398 4019 594 4102 ignominia3
616 4042 704 4087 mors
726 4024 866 4107 denique
876 4026 948 4109 ipsa
962 4035 1148 4092 extremum
1161 4037 1213 4095 est
1229 4033 1376 4095 omnium

400 4103 633 4169 calamitatum.
679 4109 806 4172 Verum
834 4109 891 4174 ubi
916 4113 1040 4193 aspirat
1060 4114 1154 4180 favor
1175 4115 1239 4181 Dei
1261 4117 1376 4196 nostri,

399 4189 487 4253 nihil
508 4197 559 4254 est
579 4192 719 4256 istorum
741 4194 828 4276 quod
851 4216 919 4259 non
940 4197 976 4260 in
997 4198 1187 4264 felicitatem
1208 4201 1302 4267 nobis
1325 4222 1377 4266 ce-

400 4273 465 4338 dat
509 4273 664 4340 Contenti
687 4299 765 4362 ergo
787 4282 897 4361 potius
919 4283 1022 4348 simus
1040 4283 1166 4351 Christi
1187 4287 1377 4353 testimonio

400 4380 499 4442 quam
520 4361 602 4425 falsa
623 4364 731 4427 carnis
753 4366 987 4432 aestimatione.
1032 4368 1086 4433 Ita
1106 4372 1165 4435 fiet
1186 4380 1225 4437 ut
1246 4383 1376 4456 aposto-

398 4444 507 4510 lorum
530 4448 679 4530 exemplo
698 4450 900 4532 gaudeamus
917 4451 1006 4538 (Act.
1027 4460 1055 4533 5,
1074 4458 1141 4541 41),
1164 4460 1293 4540 quoties
1314 4481 1376 4524 nos

398 4531 566 4613 reputabit
595 4532 713 4616 dignos
738 4537 796 4617 qui
822 4558 883 4619 pro
907 4559 967 4603 suo
988 4542 1120 4607 nomine
1142 4546 1376 4611 contumeliam

398 4617 572 4698 patiamur.
608 4617 698 4699 Quid
720 4621 830 4686 enim?
853 4624 882 4688 si
903 4624 1095 4692 innocentes
1117 4648 1155 4692 ac
1176 4631 1272 4695 nobis
1293 4630 1376 4697 bene

399 4703 521 4767 conscii
546 4704 725 4787 impiorum
752 4709 873 4774 scelere
901 4711 1054 4775 exuimur
1079 4713 1303 4794 facultatibus,
1334 4716 1376 4780 ad

399 4786 545 4870 inopiam
573 4790 706 4871 quidem
734 4793 917 4877 redigimur
938 4795 1024 4878 apud
1046 4797 1211 4880 homines;
1240 4801 1297 4867 sed
1318 4824 1376 4866 ve·

399 4872 492 4957 4441)
525 4875 613 4956 apud
641 4876 753 4942 Deum
783 4880 817 4944 in
843 4882 935 4946 ecelis
966 4881 1099 4948 divitiae
1126 4885 1174 4949 ita
1200 4886 1295 4951 nobis
1322 4908 1375 4951 ac-

400 4967 566 5054 crescunt
595 4961 627 5056 'si
654 4963 827 5043 penatibus
854 4969 977 5032 nostris
1005 4969 1227 5050 extrudimur,
1256 4992 1295 5035 eo
1324 4973 1375 5037 in-

399 5048 505 5107 terius
537 5045 715 5125 rec1pimur
740 5049 776 5111 in
802 5051 869 5116 Dei
894 5053 1053 5118 familiam
1060 5079 1069 5135 ;
1102 5057 1130 5121 si
1155 5077 1315 5121 vexamur
1342 5065 1376 5121 et

1051 757 1317 826 INSTITUPIO
1339 760 1445 824 REL.
1469 759 1650 825 cflnlsr.
1677 764 1768 824 1559.

2347 768 2410 828 520

1433 946 1504 1009 1444
1527 966 1641 1010 sumus
1663 945 1699 1009 in
1721 967 1822 1030 regno
1844 946 1922 1026 Dei;
1951 949 1979 1013 si
2004 948 2224 1025 trucidamur,
2246 951 2293 1013 ita
2314 951 2409 1018 nobis

1432 1031 1602 1113 ingressus
1623 1034 1738 1112 patefit
1759 1031 1800 1094 ad
1821 1031 1950 1096 beatam
1971 1035 2082 1099 vitam.
2116 1034 2246 1098 Pudeat
2266 1058 2325 1101 nos
2346 1038 2408 1101 mi-

1433 1116 1523 1180 noris
1552 1116 1738 1195 aestimare,
1768 1115 1888 1199 quibus
1915 1127 2046 1183 tantmn
2073 1121 2216 1202 pretium
2242 1122 2407 1190 Dominus

1433 1202 1558 1349 statuilt,
1578 1221 1676 1283 quam
1694 1201 1885 1269 umbratiles
1897 1218 1930 1268 et
1946 1204 2101 1270 evanidas
2118 1207 2207 1271 vitae
2223 1210 2407 1289 praesentis

1432 1287 1525 1351 illece
1547 1306 1609 1350 ras.

1519 1377 1548 1436 8.
1582 1370 1695 1452 Quum
1716 1392 1793 1457 ergo
1815 1374 1868 1438 his
1890 1383 1924 1438 et
1945 1374 2105 1440 similibus
2128 1378 2261 1442 monitis
2279 1377 2408 1443 abunde

1433 1457 1556 1521 soletur
1577 1458 1740 1539 scriptura
1761 1480 1842 1541 quas
1859 1480 1919 1541 pro
1936 1461 2081 1524 iustitiae
2101 1461 2288 1528 defensione
2309 1466 2408 1529 susti-

1433 1563 1548 1607 nemus
1569 1542 1624 1607 vel
1639 1543 1838 1626 ignominias
1854 1546 1908 1609 vel
1927 1547 2142 1627 calamitates,
2166 1549 2265 1613 nimis
2286 1551 2408 1632 ingrati

1433 1649 1548 1692 sumus
1570 1629 1635 1693 nisi
1655 1627 1794 1693 libenter
1816 1637 1914 1712 atque
1937 1632 2086 1696 hilariter
2107 1654 2162 1698 eas
2184 1655 2321 1699 emanu
2339 1635 2408 1700 Do-

1430 1713 1512 1777 mini
1535 1714 1739 1796 susoipimus.
1783 1716 1985 1781 Praesertim
2012 1739 2116 1799 quum
2136 1721 2180 1783 sit
2201 1720 2282 1784 haec
2304 1723 2409 1786 crucis

1432 1800 1555 1879 species
1576 1800 1723 1863 fidelium
1744 1802 1887 1864 maxime
1909 1804 2050 1884 propria,
2073 1825 2138 1886 qua
2159 1805 2233 1869 vult
2255 1805 2409 1872 christus

1431 1884 1467 1945 in
1488 1885 1583 1948 nobis
1605 1885 1790 1967 glorificari,
1817 1888 2093 1968 quemadmodum
2115 1899 2149 1953 ct
2169 1891 2292 1955 Petrus
2314 1892 2409 1958 docet

1432 1968 1465 2053 (l
1485 1970 1624 2047 Petr.4,
1648 1970 1710 2055 11).
1755 1972 1838 2052 Qnio
1860 1994 1930 2037 vero
1952 1975 2097 2056 ingenuis
2118 1977 2244 2040 naturis
2266 1978 2409 2041 ocabiiis
2534 1984 2538 1991 '

1431 2059 1476 2118 est
1496 2055 1713 2119 contemeliam
1734 2056 1830 2137 qnam
1847 2063 1966 2122 centron
1988 2064 2099 2124 incites
2113 2063 2199 2141 poti,
2220 2064 2407 2127 nominatim

1432 2140 1574 2204 odonna
1592 2140 1716 2205 Penius
1736 2163 1798 2206 non
1819 2145 1907 2208 modo
1922 2147 2175 2224 persequutiones
2194 2167 2250 2210 nos
2270 2168 2405 2227 monere,

1431 2225 1485 2288 sed
1516 2227 1610 2289 etiam
1633 2226 1768 2307 probro,
1802 2230 1878 2307 qnia
1905 2250 2071 2311 speremus
2107 2232 2143 2296 in
2170 2232 2276 2297 Deum
2301 2234 2406 2297 vinnm

1431 2309 1463 2393 (l
1485 2311 1568 2374 Tim.
1588 2318 1617 2389 4,
1640 2311 1702 2392 10).
1737 2312 1826 2377 Sient
1847 2315 1924 2379 olibi
1941 2336 1998 2379 saio
2015 2317 2153 2396 exemplo
2170 2317 2329 2383 ominare
2350 2339 2407 2383 rios

1431 2395 1513 2459 iubet
1533 2417 1594 2478 per
1621 2397 1792 2478 infamiam
1819 2405 1847 2463 et
1873 2401 1983 2465 54444
2007 2402 2131 2482 famam
2151 2402 2189 2551 32
2211 2401 2285 2468 Cor.
2313 2408 2341 2482 6,
2363 2405 2407 2487 8).

1430 2481 1544 2563 Neque
1576 2503 1654 2546 vero
1686 2505 1725 2548 ea
1754 2485 1931 2567 requiritur
1958 2508 1978 2550 4
2007 2487 2099 2551 nobis
2126 2487 2159 2551 h·
2176 2489 2290 2569 aritas,
2325 2511 2408 2571 quae

1431 2587 1561 2630 ornnem
1590 2567 1777 2634 acerbitatis
1807 2570 1988 2654 dolorisque
2011 2592 2146 2637 sensum
2168 2574 2272 2639 tollat.
2317 2575 2408 2640 Alio-

1430 2652 1485 2733 qui
1516 2652 1609 2716 nulla
1634 2654 1669 2717 in
1698 2676 1793 2721 cruce
1820 2665 1906 2721 esset
1932 2666 2119 2722 sanctorum
2141 2660 2315 2741 patientia,
2344 2662 2408 2726 nisi

1430 2745 1464 2800 et
1486 2735 1596 2802 dolore
1619 2745 1849 2821 torquerentur
1878 2751 1911 2806 et
1938 2751 2140 2826 angerentur
2167 2746 2323 2811 molestia.
2370 2744 2408 2811 Si

1430 2822 1523 2886 nulla
1550 2831 1636 2888 esset
1657 2826 1692 2888 in
1714 2835 1859 2909 egestate
1881 2829 2054 2910 asperitas,
2083 2829 2195 2895 nullus
2222 2832 2257 2894 in
2285 2832 2407 2896 morbis

1431 2909 1607 2987 cruciatus,
1640 2910 1732 2976 nulla
1764 2912 1799 2975 in
1831 2914 2013 2996 ignominia
2043 2916 2193 2997 punctio,
2227 2916 2338 2980 nullus
2369 2918 2405 2978 in

1430 3002 1535 3058 morte
1557 2993 1684 3073 horror,
1708 2998 1800 3062 cuius
1820 2999 1906 3063 foret
1923 2999 1977 3065 vel
1998 2999 2197 3064 fortitudinis
2220 3000 2273 3064 vel
2294 2998 2403 3064 mode-

1430 3080 1575 3159 rationis,
1598 3102 1638 3145 ea
1659 3103 1777 3164 susque
1798 3083 1902 3166 deque
1919 3084 2062 3149 habere?
2095 3084 2142 3148 At
2160 3106 2262 3167 quum
2284 3107 2405 3149 unum·

1429 3165 1578 3247 quodque
1603 3167 1750 3250 ipsorum
1771 3169 1920 3252 ingenita
1948 3168 2010 3234 sibi
2038 3169 2255 3234 amaritudine
2277 3177 2405 3235 nostros

1430 3250 1576 3315 omnium
1599 3253 1724 3317 animos
1745 3255 1941 3319 naturaliter
1961 3253 2124 3333 mordeat,
2152 3255 2189 3319 in
2216 3276 2254 3320 eo
2275 3277 2309 3321 se
2331 3277 2406 3337 pro-

1429 3337 1493 3400 fert
1520 3336 1626 3400 fidelis
1647 3337 1790 3404 hominis
1812 3337 1981 3417 fortitudo,
2011 3340 2040 3404 si
2067 3340 2227 3405 eiusmodi
2250 3343 2407 3406 amaritu-

1430 3421 1517 3486 dinis
1538 3442 1638 3488 scnsu
1660 3430 1812 3503 tentatus,
1835 3433 2000 3508 utcunque
2022 3425 2169 3509 graviter
2185 3427 2319 3507 laboret,
2342 3425 2407 3492 for-

1430 3508 1508 3572 titer
1534 3522 1645 3574 tamen
1673 3508 1859 3592 obsistendo
1887 3510 2059 3576 eluctatur.
2103 3512 2146 3576 In
2169 3533 2208 3576 eo
2230 3535 2265 3578 se
2287 3514 2408 3578 exserit

1430 3593 1603 3673 patientia,
1632 3595 1660 3658 si
1687 3597 1806 3660 acriter
1823 3596 2052 3662 exstimulatus
2073 3598 2192 3663 timore
2213 3606 2324 3662 tamen
2343 3599 2408 3663 Dei

1430 3678 1649 3758 refraenatur,
1678 3701 1721 3744 ne
1748 3681 1784 3744 in
1812 3681 1957 3764 aliquam
1984 3683 2213 3766 intemperiem
2241 3694 2406 3767 erumpat;

1430 3765 1466 3827 in
1487 3783 1525 3827 co
1547 3765 1654 3830 elucet
1671 3765 1838 3844 alacritas,
1861 3768 1889 3831 si
1911 3768 2049 3834 tristitia
2069 3777 2103 3834 et
2124 3790 2272 3835 moerore
2291 3770 2407 3834 vulne-

1430 3855 1521 3913 ratus
1542 3849 1579 3912 in
1600 3849 1762 3931 spirituali
1783 3851 1848 3916 Dei
1870 3854 2090 3921 consolatione
2112 3857 2296 3938 acquiescit

1517 3939 1545 3997 9.
1578 3935 1679 4001 Hunc
1701 3937 1898 4017 conflictum,
1922 3961 2022 4021 quem
2043 3940 2201 4007 adversus
2223 3941 2407 4004 naturalem

1431 4019 1552 4084 doloris
1574 4041 1707 4085 sensum
1730 4022 1898 4088 sustinent
1917 4024 2045 4104 fideles,
2071 4025 2149 4089 dum
2170 4027 2347 4108 patientiae
2369 4045 2405 4088 aa

1429 4105 1648 4171 moderationi
1670 4107 1816 4189 student,
1835 4110 2004 4193 eleganter
2021 4110 2194 4193 descripsit
2208 4110 2335 4175 Paulus
2353 4109 2404 4171 his

1430 4190 1539 4257 verbis
1560 4191 1594 4276 (2
1614 4191 1688 4258 (lor.
1708 4200 1739 4274 4,
1758 4194 1808 4279 8):
1831 4197 1868 4259 in
1889 4195 2041 4261 omnibus
2063 4197 2258 4279 premimur,
2281 4204 2316 4256 at
2336 4214 2404 4256 non

1430 4278 1521 4341 anxii
1551 4277 1734 4360 reddimur;
1767 4281 1967 4361 laboramus,
2008 4289 2044 4344 at
2081 4302 2148 4345 non
2180 4279 2404 4355 destituimur;

1429 4364 1717 4446 persequutionem
1737 4367 1900 4449 patimur,
1927 4374 1963 4430 at
1989 4366 2026 4429 in
2055 4385 2095 4429 ea
2118 4385 2184 4429 444
2207 4364 2389 4427 deserimur
2396 4387 2403 4440 ;

1429 4449 1609 4529 deiicimur,
1633 4458 1668 4514 at
1687 4471 1756 4515 non
1773 4453 1927 4535 perimus.
1960 4451 2063 4516 Vides
2085 4458 2123 4514 ut
2138 4450 2302 4531 patienter
2320 4450 2405 4512 ferre

1429 4554 1561 4606 crucem
1579 4555 1648 4598 non
1665 4536 1709 4600 sit
1726 4557 1861 4618 prorsus
1879 4535 2107 4617 obstupescere
2124 4542 2159 4598 et
2175 4534 2265 4599 omni
2283 4534 2406 4598 doloris

1429 4641 1530 4686 sensu
1557 4621 1696 4703 privari,
1725 4619 2001 4702 quemadmodum
2025 4617 2130 4685 Stoici
2156 4620 2407 4701 magnanimum

1428 4706 1596 4770 bominem
1612 4706 1713 4769 stulte
1734 4705 1814 4769 olim
1830 4703 2083 4786 descripserunt,
2101 4706 2158 4788 qui
2175 4713 2277 4769 exuta
2288 4707 2406 4770 huma·

1428 4791 1541 4868 nitate,
1564 4791 1661 4855 rebus
1681 4788 1828 4855 adversis
1844 4789 1982 4872 perinde
2000 4810 2037 4855 ae
2054 4791 2230 4874 prosperis,
2253 4790 2404 4856 tristibus

1427 4873 1563 4959 perinde
1585 4895 1622 4940 ae
1644 4875 1739 4939 laetis
1761 4876 1960 4954 afficeretur;
1987 4876 2055 4939 imo
2080 4879 2137 4959 qui
2159 4877 2265 4941 instar
2286 4875 2405 4958 lapidis

1427 4961 1520 5024 nulla
1541 4980 1577 5023 re
1599 4961 1792 5024 afficeretur.
1837 4961 1884 5025 Et
1905 4960 1984 5044 quid
2006 4963 2071 5027 ista
2091 4961 2223 5027 sublimi
2245 4963 2406 5045 sapientia

1427 5044 1657 5129 profecerunt?
1680 5065 1800 5128 nempe
1821 5045 2036 5112 simulacrum
2053 5048 2232 5129 patientiae
2250 5047 2405 5131 depinxe-

400 5128 651 5207 contemnimur,
661 5132 689 5214 ⁸)
708 5153 746 5195 eo
764 5137 924 5204 firmiores
941 5141 1069 5223 agimus
1086 5141 1122 5204 in
1135 5141 1269 5206 Christo
1287 5142 1374 5207 radi.
1418 5138 1515 5210 mint,
1537 5130 1625 5213 quod
1646 5151 1753 5212 neque
1770 5141 1940 5215 repertum
1961 5144 2012 5198 est
2029 5155 2177 5218 unquam
2195 5135 2283 5197 inter
2300 5134 2405 5197 homi-

400 5232 467 5292 ces;
495 5213 524 5278 si
544 5214 674 5297 probris
701 5237 738 5281 ac
759 5220 937 5302 ignominia
957 5233 1125 5306 notamur,
1156 5247 1194 5290 eo
1216 5227 1374 5310 ampliore

402 5353 604 5363 —-—-—...-.

418 5500 423 5511 Ι
465 5432 499 5512 ιι)
521 5434 561 5502 ef.
586 5434 614 5488 r.
631 5434 656 5490 r.
670 5436 789 5505 plna
857 5434 1233 5518 sescentesimum
1250 5466 1373 5508 amaa·

458 5503 563 5557 arcus
576 5505 661 5559 libris.
691 5506 740 5561 Ea
757 5506 798 5562 ed.
815 5525 841 5563 4.
853 5510 921 5564 1553
937 5514 970 5566 in
981 5519 1142 5572 recentiores
1160 5519 1333 5584 (44441559
1350 5526 1376 5576 ct

396 5565 427 5702 11²·
445 5568 626 5692 1lll40qtenma't
642 5575 798 5631 44444444
813 5595 878 5632 vere
894 5580 967 5648 (eum
984 5586 1116 5655 accentu),
1185 5587 1216 5657 3)
1237 5586 1278 5655 Os.
1301 5589 1375 5646 al.

1426 5237 1494 5296 nes,
1517 5237 1624 5298 neque
1646 5224 1776 5283 exstare
1797 5226 1914 5301 potest.
1949 5216 2041 5301 Quin
2062 5221 2181 5303 potius,
2204 5219 2284 5283 dum
2305 5219 2404 5281 nimis

1427 5310 1577 5368 exactam
1594 5321 1631 5366 ac
1648 5303 1829 5385 praecisam
1840 5305 2034 5386 patientiam
2049 5306 2171 5371 habere
2188 5303 2314 5382 volunt,
2333 5305 2403 5368 eius

1426 5388 1496 5453 vim
1517 5389 1722 5453 sustulerunt
1743 5411 1761 5454 e
1783 5390 1853 5454 vita
1874 5391 2028 5454 humana.
2062 5392 2159 5455 Nunc
2177 5409 2307 5473 quoque
2325 5400 2404 5454 sunt

1426 5473 1515 5539 inter
1536 5473 1742 5540 Christianos
1764 5476 1844 5541 novi
1861 5473 1974 5554 Stoici,
1996 5474 2116 5559 quibus
2137 5495 2206 5539 non
2226 5475 2324 5538 modo
2346 5495 2402 5557 ge·

1425 5580 1517 5625 mere
1538 5580 1576 5625 ac
1596 5563 1685 5640 flere,
1703 5560 1762 5625 sed
1783 5560 1909 5626 tristari
1930 5581 2056 5708 quoque
2078 5569 2113 5626 et
2133 5560 2310 5626 sollicitum
2332 5579 2402 5623 esse

1427 5646 1584 5713 vitiosum
1605 5654 1663 5712 est.
1696 5646 1808 5728 Atque
1830 5646 1912 5710 haec
1931 5647 1987 5728 qui
2010 5666 2063 5710 em
2084 5645 2251 5730 paradoxa
2271 5645 2339 5708 fere
2361 5642 2403 5707 ab
