5600 6809
367 785 455 860 697,
514 778 605 844 Lm.
627 778 691 843 III.
735 779 799 844 DE
819 775 955 845 MODO
975 775 1325 843 PEROIPIENDAE
1347 774 1537 844 sumsit
1558 776 1776 844 emamus.
1820 773 1920 841 OAP.
1941 775 2057 840 m
2079 774 2214 840 xxm.
2302 780 2365 842 698

364 968 427 1033 sibi
442 969 576 1049 proprio
596 968 869 1049 metuendumne,
892 966 946 1030 sed
961 985 1059 1045 penes
1078 963 1185 1029 Deum
1205 965 1339 1029 resedeat
1390 965 1502 1043 movit,
1524 986 1605 1030 num
1627 966 1758 1047 iniquus
1775 966 1818 1029 sit
1827 964 1928 1040 Deus,
1940 962 2023 1027 illud
2041 964 2127 1045 quod
2147 964 2365 1029 tortissimum

365 1053 439 1117 baec
457 1054 572 1134 pluria,
591 1053 773 1117 illuminari
794 1051 834 1115 ab
854 1071 887 1115 eo
902 1051 1004 1133 pratis
1021 1069 1096 1130 quos
1114 1055 1185 1114 ante
1201 1050 1338 1132 eleperat
1391 1058 1425 1113 et
1437 1051 1679 1132 apertissimum
1694 1049 1963 1116 firissetiustitiae
1981 1050 2051 1113 eius
2065 1050 2281 1131 patrocinium
2298 1072 2366 1114 non

368 1139 459 1203 Recte
481 1139 564 1202 enirn
585 1136 822 1221 Bemmrdus:¹)
850 1137 960 1214 ambi,
982 1137 1097 1216 inquit,
1121 1155 1261 1200 seorsum
1283 1155 1339 1199 ate·
1390 1145 1537 1218 usurpat,
1550 1135 1660 1201 Deum
1672 1136 1859 1219 rependisse
1870 1136 1961 1199 Ilsau
1972 1134 2151 1199 secundum
2162 1155 2255 1200 suam
2270 1136 2365 1199 mali-

366 1226 470 1301 diunt,
499 1225 613 1303 quibes
639 1229 668 1287 et
694 1223 845 1303 loquitur:
871 1223 964 1286 nolite
989 1221 1096 1285 timere
1116 1221 1235 1300 pusille
1253 1241 1338 1303 prex,
1390 1221 1488 1300 tiam;
1516 1222 1574 1287 sed
1601 1222 1730 1287 diversa
1751 1222 1911 1287 solutione
1934 1227 2105 1285 contentus
2127 1228 2191 1298 est,
2221 1220 2307 1303 quod
2329 1222 2365 1285 in

365 1311 442 1392 puio
463 1308 549 1372 vobis
568 1310 676 1373 datum
697 1313 742 1372 est
762 1329 850 1373 nosse
870 1307 1051 1388 mysterium
1071 1307 1159 1388 repni
1180 1305 1338 1371 coelormn.
1390 1306 1479 1371 huno
1505 1309 1606 1371 finem
1631 1309 1816 1372 excitentur
1842 1307 1988 1389 reprobi,
2022 1313 2059 1371 ut
2084 1306 2149 1370 Dei
2175 1306 2281 1388 gloria
2307 1328 2365 1388 per

369 1396 432 1476 Qui
451 1399 523 1458 svnt
543 1393 601 1457 bi?
626 1396 733 1475 utique
752 1412 835 1474 quos
856 1394 1028 1474 praescivit
1047 1397 1076 1455 et
1091 1391 1340 1470 praedestinavit
1389 1391 1463 1456 illos
1480 1393 1673 1457 illustretur.
1702 1394 1846 1458 Domum
1863 1390 2025 1456 subnectit
2042 1391 2228 1470 clausulam,
2244 1390 2364 1472 Deum,

365 1481 534 1561 conformes
553 1479 625 1560 beri
641 1481 775 1562 imapini
790 1457 854 1559 dlii?
870 1479 930 1542 sui.
964 1477 1118 1559 Mapnum
1135 1482 1339 1557 secretumque
1390 1479 1484 1542 emus
1505 1479 1585 1554 vult,
1608 1480 1766 1555 misereri,
1789 1486 1823 1542 et
1844 1498 1941 1561 quem
1962 1478 2044 1555 vult,
2067 1475 2228 1541 indurare.
2262 1477 2366 1543 Vides

364 1565 499 1629 innotuit
524 1565 703 1643 eonsilium
728 1566 813 1628 novit
832 1563 989 1628 Dominus
1018 1563 1074 1642 qui
1101 1562 1153 1626 sui
1179 1563 1257 1641 siut,·
1284 1563 1339 1627 sed
1390 1572 1427 1626 ut
1446 1564 1480 1626 in
1499 1565 1604 1628 solum
1620 1564 1683 1629 Dei
1701 1565 1874 1629 arbitrium
1892 1575 2068 1646 utrumque
2085 1563 2252 1628 conferat?
2275 1565 2366 1648 Ergo

366 1652 448 1733 quod
473 1656 579 1714 notum
605 1655 672 1715 erat
700 1648 781 1728 Deo,
815 1649 1051 1730 manifestatum
1083 1652 1128 1712 est
1155 1647 1337 1725 bominibus,
1391 1649 1419 1712 si
1437 1668 1505 1711 non
1523 1671 1695 1732 possumus
1716 1651 1878 1714 rationem
1896 1650 2071 1731 assignare,
2095 1671 2153 1714 eur
2171 1671 2246 1715 suos
2267 1652 2366 1715 mise·

365 1757 420 1801 nec
446 1737 527 1801 alios
552 1756 628 1800 sane
654 1735 801 1817 dipnatur
826 1735 905 1798 tardi
920 1734 1167 1815 participatione
1187 1735 1337 1812 mysterii,
1391 1734 1531 1800 ricordia
1553 1734 1715 1818 dignetur,
1737 1736 1801 1800 nisi
1821 1735 1974 1817 quoniam
1997 1735 2043 1798 ita
2059 1735 2107 1799 illi
2124 1736 2238 1817 placet,
2262 1756 2367 1816 neque

366 1822 601 1901 nisieosipsos
621 1821 784 1901 questore
804 1819 1063 1900 suospraescivit
1083 1819 1340 1898 etpraedestino-
1391 1820 1492 1884 etiam
1517 1821 1554 1883 in
1581 1821 1652 1884 aliis
1684 1820 1896 1904 reprobandis
1923 1820 2013 1883 aliud
2045 1820 2236 1885 habebimus
2269 1842 2367 1902 quam

366 1909 418 1972 vit.
453 1905 554 1970 Paulo
565 1911 638 1986 post
654 1905 821 1970 concludit:
841 1905 1055 1969 misercordia
1072 1902 1136 1967 Dei
1157 1903 1196 1967 ab
1218 1909 1341 1968 aeterm
1391 1905 1461 1970 eius
1483 1906 1694 1971 voluntatem.
1740 1905 1852 1986 Quum
1875 1907 1962 1970 enirn
1985 1906 2105 1971 dicitur
2128 1906 2219 1970 Deus
2240 1906 2293 1970 vel
2315 1906 2367 1967 in-

366 2012 465 2073 usque
492 1993 535 2057 ad
563 1996 718 2055 aeternvm
744 2011 838 2071 super
864 1992 1003 2054 timentes
1029 2008 1113 2052 eun:
1144 1988 1183 2051 ab
1210 1996 1339 2067 armna,
1392 1991 1519 2070 durare,
1542 1992 1595 2056 vel
1617 1990 1840 2057 misericordia
1860 1993 2011 2075 prosequi
2033 2013 2130 2074 qnam
2151 1992 2305 2068 voluerit,
2328 2011 2367 2054 eo

366 2078 402 2142 ab
417 2077 746 2158 praedamnationem
768 2078 803 2140 in
824 2081 994 2154 aeternum,
1017 2074 1052 2139 ob
1073 2074 1341 2154 beatificationem·
1392 2075 1609 2141 admonentur
1641 2079 1791 2142 homines
1822 2077 1907 2140 nihil
1940 2096 2056 2142 causae
2089 2097 2244 2158 quaerere
2273 2086 2368 2141 extra

366 2165 468 2228 ebera
491 2163 702 2243 principium,
736 2162 835 2226 altera
860 2162 953 2242 baem
980 2162 1126 2233 nesciens
1174 2160 1236 2225 Sed
1263 2161 1340 2241 quid
1392 2164 1461 2227 eius
1478 2163 1690 2228 voluntatem.

367 2247 570 2313 Bernardum
592 2249 688 2312 citare
707 2253 810 2312 testem
831 2268 909 2327 opvs
925 2251 977 2324 est,
999 2247 1123 2327 quaudo
1141 2266 1179 2310 ee
1196 2247 1341 2328 mapirtri

367 2355 418 2398 ore
445 2334 611 2411 audimus,
639 2354 701 2398 non
726 2333 808 2398 alios
832 2333 937 2397 videm
957 2333 1022 2396 nisi
1043 2333 1099 2413 qui
1119 2337 1193 2395 sunt
1212 2353 1251 2396 ee
1273 2330 1340 2396 Deo

368 2420 498 2502 (Ioann.
523 2423 551 2495 6,
574 2419 656 2502 46).2
702 2419 821 2500 Quibus
841 2418 942 2483 verbis
962 2419 1134 2500 sipnipieab
1161 2438 1212 2482 eos
1238 2437 1341 2482 munes
1401 2409 1406 2416 ¹
1701 2452 1852 2519 CAPUT
1876 2452 2002 2517 ΠΗ]
2030 2451 2055 2535 1)

367 2506 423 2584 qui
445 2524 484 2566 ec
505 2503 573 2568 Deo
593 2524 655 2568 non
676 2510 749 2568 suut
775 2504 919 2586 reperiti,
948 2504 991 2568 ad
1017 2504 1210 2585 splendorem
1237 2503 1342 2568 vabus
2003 2501 2010 2515 ‘

368 2591 437 2653 eius
453 2588 666 2669 obstupescere.
697 2590 746 2654 Ac
764 2589 900 2654 electioni
916 2589 1041 2668 pardem
1058 2595 1128 2670 apte
1145 2590 1342 2687 coniunpitur
1439 2595 1660 2677 Refuwffio
1691 2594 1996 2676 calumniarum
2034 2593 2187 2702 quibus
2218 2594 2322 2676 haee

366 2675 459 2754 ben,
481 2674 570 2771 nmda
590 2675 757 2773 secundm
775 2676 911 2773 pradum
931 2679 1038 2738 meat.
1065 2676 1182 2772 'Quen
1203 2675 1342 2738 ordinem
1495 2716 1523 2797 d
1572 2715 1626 2795 t·
1763 2744 1805 2794 m
1912 2713 1971 2794 ini
2141 2743 2193 2794 av
2219 2724 2265 2796 ta

368 2760 451 2823 clare
476 2766 653 2839 evpmmunt
679 2760 757 2826 alibi
787 2759 906 2824 Obristi
931 2759 1022 2823 verba
1048 2758 1139 2843 (rbrd.
1164 2759 1236 2844 39):
1268 2759 1343 2824 baec
1524 2743 1572 2797 ⁰⁰
1593 2744 1685 2797 rma
1716 2744 1761 2795 ⁸⁰
1806 2743 1892 2848 Pffl‘⁸
1972 2743 2054 2823 que
2085 2744 2141 2824 gl·
2194 2743 2219 2796 a

369 2851 414 2910 est
432 2845 575 2908 voluntas
589 2847 711 2927 patris,
733 2851 769 2909 ut
787 2866 848 2909 non
864 2845 998 2924 padam
1019 2846 1100 2926 quod
1120 2845 1212 2910 dedit
1248 2845 1343 2910 'Haec
1683 2846 1687 2852 ’
1834 2835 1926 2914 fult.

367 2932 450 2996 enim
476 2930 620 2994 volumus
648 2933 716 2995 eius
743 2937 788 2996 est
813 2936 846 2995 ut
872 2930 1016 3011 qunque
1042 2932 1138 2996 credit
1166 2933 1201 2994 in
1227 2929 1341 3009 tilium,

366 3037 427 3080 non
454 3021 571 3097 pereat.
618 3015 655 3079 Si
687 3036 791 3080 ornms
822 3016 909 3081 vellet
939 3015 1055 3094 salvos,
1089 3018 1242 3082 custodem
1274 3016 1342 3082 illis
1482 3023 1508 3082 l.
1553 3018 1646 3082 Haec
1667 3037 1746 3081 vero
1770 3014 1850 3079 dum
1872 3014 1964 3078 audit
1983 3015 2166 3079 humanum
2186 3016 2368 3099 ingenium,

361 3100 545 3184 praeficeret
563 3101 681 3181 filium,
709 3108 738 3166 et
759 3123 861 3166 omnes
882 3101 1006 3166 ineius
1026 3121 1137 3183 corpus
1157 3122 1246 3167 sacro
1265 3102 1343 3183 fidei
1393 3104 1556 3169 contineri
1576 3104 1691 3185 nequit
1710 3103 1780 3166 eius
1806 3100 1974 3182 protervia
1995 3102 2087 3182 quin,
2116 3100 2271 3165 velutad
2293 3122 2370 3166 aan-

366 3186 489 3250 vinculo
509 3188 664 3251 insereret.
711 3186 804 3252 Nunc
833 3192 948 3252 constat
972 3186 1065 3266 fidem
1091 3187 1252 3270 sinpulare
1276 3208 1342 3252 esse
1392 3192 1495 3254 ticum
1522 3189 1664 3267 elassiai,
1692 3189 1782 3253 varic
1804 3194 1838 3251 et
1859 3206 1958 3268 supra
1978 3186 2113 3250 modum
2137 3187 2368 3251 tumultuetur.

362 3273 489 3351 potami
507 3275 626 3336 amoris
637 3274 766 3356 plenus,
781 3273 861 3354 filiis
877 3291 953 3353 quos
969 3273 1127 3354 adoptavit
1143 3273 1341 3338 reconditum.
1393 3276 1444 3339 Ac
1464 3274 1556 3339 millii
1576 3274 1710 3356 puidern,
1732 3294 1769 3337 ac
1789 3273 1820 3337 si
1840 3271 1996 3337 iuvidiam
2017 3293 2038 3336 a
2056 3271 2124 3335 Deo
2145 3272 2290 3351 repellere
2309 3272 2370 3337 vel·

369 3356 443 3421 ideo
465 3355 611 3421 Gbristus
639 3358 717 3422 alibi
745 3358 873 3442 (Ioann
902 3362 953 3435 10,
977 3359 1012 3441 4)
1041 3359 1131 3436 dut,
1159 3379 1229 3423 oves
1254 3359 1342 3441 sequi
1393 3362 1462 3439 lent,
1481 3360 1651 3425 electionem
1667 3362 1714 3424 ita
1729 3360 1876 3440 fatentur,
1895 3363 1930 3421 ut
1946 3363 2052 3439 nepent
2067 3376 2251 3438 memmium
2268 3378 2370 3441 repro-

362 3447 530 3539 pastorern,
553 3445 631 3541 qvia
647 3451 796 3509 normunt
811 3464 911 3509 vocem
927 3446 1010 3522 eius;
1030 3445 1168 3543 alienum
1189 3465 1260 3509 vero
1281 3465 1342 3509 nou
1393 3447 1477 3545 bari..
1525 3445 1587 3544 Sed
1618 3447 1727 3510 inscite
1758 3445 1855 3543 primis
1881 3448 1908 3507 et
1933 3443 2113 3540 pueriliter:
2145 3444 2269 3524 quando
2282 3445 2370 3542 ‘ipsa

367 3704 440 3763 sunt
461 3698 527 3763 illis
547 3701 664 3764 aures?
708 3701 806 3765 Nemo
828 3703 910 3765 enin
930 3721 963 3765 se
985 3722 1069 3766 ovem
1088 3702 1181 3783 facit,
1204 3703 1258 3766 sed
1276 3703 1341 3784 for·
1393 3705 1538 3785 adipisci,
1560 3705 1608 3769 vel
1628 3724 1689 3768 sua
1710 3702 1871 3768 industria
1892 3701 2060 3780 acquirere,
2083 3701 2164 3779 qued
2184 3699 2251 3765 sola
2267 3701 2370 3764 electio

367 3790 471 3848 matur
497 3785 615 3849 coelesti
638 3788 752 3869 pratia
803 3784 890 3852 Unde
916 3791 943 3849 et
968 3787 1099 3852 salutem
1120 3793 1257 3853 nostram
1277 3787 1342 3853 Do
1386 3792 1504 3874 paucis
1525 3789 1652 3870 confert,
1677 3789 1864 3869 plusquam
1885 3785 2003 3849 insulse
2023 3786 2149 3850 dicetm.
2196 3785 2278 3866 Quos
2299 3805 2370 3868 erpo

367 3871 474 3934 mirrus
497 3870 588 3949 (ibid.
613 3871 669 3956 29)
691 3877 839 3953 perpetuo
860 3878 975 3938 certam
996 3879 1025 3938 et
1044 3878 1142 3937 tutam
1160 3874 1228 3955 fore
1249 3876 1341 3952 docet,
1392 3878 1484 3943 Deus
1505 3877 1672 3956 praeterit,
1706 3871 1863 3954 reprobat,·
1896 3892 1992 3951 neque
2018 3871 2086 3935 alia
2113 3871 2152 3936 de
2179 3891 2276 3935 causa
2304 3872 2371 3935 nisi

368 3957 445 4035 qvia
477 3956 683 4037 insuperabili
715 3957 779 4021 Dei
805 3958 947 4038 potentia
979 3959 1158 4023 custoditur.
1204 3959 1342 4025 Proinde
1392 3962 1474 4043 quod
1489 3961 1529 4025 ab
1546 3960 1742 4037 beneditme,
1765 3977 1859 4040 quam
1874 3957 1954 4037 filiis
1970 3958 2040 4021 suis
2051 3957 2274 4038 praedestinat,
2297 3958 2371 4022 illos

367 4041 518 4106 concludit
548 4041 638 4126 (ibid
664 4041 735 4125 26),
768 4043 944 4109 inmedubs
976 4063 1037 4108 non
1070 4065 1134 4111 esse
1168 4066 1207 4109 ee
1234 4046 1342 4110 ovibus
1393 4048 1460 4111 vult
1480 4047 1646 4110 excludere.
1691 4045 1757 4110 Nec
1778 4065 1848 4109 vero
1869 4041 2040 4108 tolerabilis
2061 4047 2106 4107 est
2121 4041 2280 4106 bominum
2295 4063 2371 4125 pra

367 4128 437 4191 suis
444 4152 454 4204 ;
484 4148 591 4209 nempe
623 4130 699 4209 quia
726 4149 787 4193 non
813 4135 887 4193 sum
912 4148 950 4191 ee
977 4148 1083 4193 eorum
1112 4151 1239 4195 nmnero
1266 4151 1342 4212 quos
1394 4135 1502 4210 terrio,
1521 4133 1551 4195 si
1565 4132 1629 4195 Dei
1646 4131 1735 4195 verbo
1749 4130 1894 4211 fromari
1910 4148 1943 4193 se
1959 4149 2021 4192 non
2038 4128 2176 4206 sustinet,
2194 4127 2248 4190 ubi
2266 4130 2372 4210 apitur

368 4211 458 4276 Dens
486 4213 548 4277 sibi
571 4235 632 4296 per
655 4213 795 4279 lesaiam
816 4215 976 4295 pollicitus
1002 4220 1047 4279 est
1071 4215 1139 4297 fore
1163 4217 1341 4298 discipulos.
1393 4218 1432 4283 de
1453 4216 1756 4299 incomprebensibili
1782 4218 1851 4281 eius
1883 4214 2025 4293 consilia,
2056 4213 2137 4295 quod
2169 4213 2274 4295 aneoli
2305 4214 2387 4294 ipsi·

370 4296 484 4362 Porro·
497 4300 574 4379 quia
601 4301 785 4364 testimoniis
813 4321 892 4381 puae
918 4301 1014 4365 citavi
1034 4302 1222 4382 caprinntur
1231 4323 1342 4391 perse·
1395 4305 1535 4369 adorant.
1579 4303 1680 4383 Alani
1713 4322 1794 4366 nunc
1824 4301 2019 4376 audivimus,
2050 4299 2293 4393 indurationem·
2308 4317 2371 4360 non

368 4386 527 4463 verula,
548 4385 748 4464 inflenbilem
769 4385 923 4450 electionis
943 4387 1150 4451 constantiam
1170 4388 1267 4451 simul
1286 4393 1343 4454 tes-
1394 4391 1502 4453 minus
1528 4389 1563 4452 iu
1594 4409 1692 4452 manu
1719 4387 1782 4452 Dei
1808 4392 1836 4451 et
1867 4385 1999 4450 arbitrio
2026 4405 2091 4448 esse
2122 4403 2217 4463 quum
2247 4384 2370 4446 miseri

369 4473 485 4534 lentur.
1394 4476 1542 4540 cordiam.
1579 4474 1645 4538 Nee
1663 4493 1734 4537 vero
1753 4472 1885 4550 Paulus,
1907 4471 2017 4536 borum
2038 4489 2114 4551 quos
2133 4469 2205 4532 diri
2225 4467 2370 4548 evemplo,

285 4642 288 4651 .
395 4639 401 4649 ο
458 4561 506 4618 ll.
539 4555 637 4620 Nune
658 4556 698 4621 de
715 4556 872 4655 reprobis,
895 4578 975 4639 quos
989 4558 1095 4656 ‘simul
1117 4559 1185 4622 illio
1206 4560 1343 4623 coniun-
1394 4562 1490 4625 uncie
1516 4559 1635 4624 laborat
1659 4564 1695 4622 ut
1720 4558 1874 4623 mendacii
1896 4556 2074 4637 patrocinio
2101 4552 2205 4616 Deum
2234 4559 2371 4618 excuset:

370 4641 700 4805 ilulpllllulsdf
722 4642 1343 4813 tlltbfflllltlltllt
1393 4646 1690 4816 stultiut,
1712 4643 1982 4814 ltflbltb
1996 4660 2071 4788 lb
2088 4637 2371 4801 bbnfit‘bil‘}

370 4808 463 4872 nullo
491 4808 598 4873 adhue
625 4814 746 4877 scelere
773 4815 979 4897 inquinatus,
1007 4815 1082 4880 odio
1109 4816 1258 4880 habetur.
1304 4816 1343 4882 Si
1395 4841 1416 4883 a
1433 4816 1501 4882 Deo
1520 4816 1692 4899 reprobari,
1713 4815 1859 4896 quomodo
1880 4833 1913 4876 se
1934 4809 2093 4890 expedient
2114 4807 2153 4872 ab
2175 4809 2234 4873 illa
2252 4808 2371 4874 Obristi

370 4895 411 4959 ad
439 4914 539 4975 opera
565 4899 786 4964 convertimus
814 4902 940 4981 oeulos,
973 4902 1129 4966 iniuriam
1159 4903 1342 4987 irrogamus
1394 4905 1547 4969 sententia
1576 4900 1712 4986 (Matth.
1743 4906 1796 4974 15,
1825 4897 1895 4980 13):
1926 4895 2027 4960 onmis
2058 4895 2151 4958 arbor
2183 4915 2279 4975 quam
2308 4916 2371 4960 non

370 4979 526 5063 apostolo,
550 4981 643 5076 quasi
660 4981 694 5045 id
712 4984 821 5064 ipsum
838 4986 925 5067 quod
946 4987 1039 5053 nobis
1062 4990 1271 5071 perspicuum
1293 4997 1344 5054 est
1389 4990 1549 5072 plantavit
1563 4993 1658 5069 paler
1677 5007 1778 5062 mens,
1800 4980 2031 5048 eradieabitur?
2065 4978 2180 5062 Aperte
2201 4982 2295 5046 ecitio
2316 4981 2371 5046 ad·

370 5087 438 5131 non
455 5065 584 5129 vident.
618 5066 722 5130 Porro
744 5088 812 5131 non
833 5071 954 5136 vidisse
976 5075 1191 5153 convincitur,
1214 5074 1343 5158 quando
1394 5076 1460 5140 dici
1490 5080 1519 5141 et
1549 5074 1691 5139 devoveri
1721 5071 1855 5136 audium
1886 5086 2080 5148 quosmnpue
2110 5067 2250 5132 coelestis
2277 5072 2370 5149 pater

370 5152 432 5215 hoo
465 5150 661 5214 nominatim
693 5160 809 5234 urget,
843 5175 946 5235 quum
980 5158 1144 5224 nihildum
1177 5160 1254 5225 boni
1286 5168 1345 5225 aut
1394 5162 1629 5245 dipnatusnon
1656 5163 1701 5222 est
1731 5155 1824 5237 quom
1851 5172 1961 5218 samos
1993 5151 2180 5217 arbores'in
2209 5172 2286 5235 apro
2313 5172 2370 5216 suo

369 5237 449 5300 mali
471 5237 714 5320 designassent,
738 5236 879 5301 alterum
901 5241 1055 5318 electum,
1079 5244 1220 5308 alterum
1241 5247 1343 5310 raiae·
1389 5247 1547 5328 manue.
1599 5244 1636 5306 Si
1664 5243 1718 5305 troc
1746 5239 1971 5320 reprobationis
2002 5239 2126 5322 εἰρηκει
2153 5258 2220 5303 esse
2247 5242 2368 5319 repant,

369 5329 456 5386 tum:
481 5331 519 5388 ut
536 5321 653 5404 probet
670 5323 800 5389 divinae
818 5324 1128 5406 praedestinationis
1149 5331 1343 5394 fundamen·
1395 5332 1477 5396 nibil
1497 5337 1542 5396 est
1558 5336 1621 5393 tam
1643 5327 1798 5408 liquidum
1815 5324 1898 5407 quod
1914 5325 1982 5390 illis
1998 5330 2100 5406 pucat-
2104 5323 2246 5404 probari.
2281 5321 2369 5403 Quod

370 5416 444 5471 tum
465 5410 501 5472 in
523 5408 676 5491 operibus
697 5431 765 5474 non
786 5430 866 5474 esse.
900 5408 1030 5473 Deinde
1051 5410 1109 5474 ubi
1130 5411 1344 5479 obieetionem
1395 5419 1426 5480 si
1447 5417 1616 5494 obstrepere
1637 5433 1698 5476 non
1719 5412 1879 5490 desinunt,
1900 5416 2036 5476 contenta
2057 5411 2100 5474 sit
2118 5408 2194 5489 fidei
2220 5408 2369 5472 sobrietas

376 5651 379 5657 Ι
440 5681 470 5750 1)
488 5684 532 5735 Ad
551 5683 681 5736 Thomam
700 5685 885 5752 praepositum
904 5648 1042 5748 Benerlaa,
1063 5684 1140 5752 epist.
1160 5681 1218 5735 107.
1466 5686 1495 5750 l)
1517 5683 1586 5737 Olim
1607 5683 1672 5752 Cap.
1692 5683 1776 5737 ΧΠ.
1793 5685 1817 5751 §r
1834 5683 1944 5738 13-22.
