5600 6809
2051 559 2068 603 h

740 756 909 824 hlB.1'V.
952 756 1015 820 DE
1037 753 1274 822 uxuuanls
1294 753 1461 821 MEDIIS
1482 755 1549 821 AD
1571 755 1802 826 SALUTEM.
1845 759 1945 826 OAP.
1964 760 2062 828 XIX,

400 765 480 826 1077
2316 768 2398 830 1078

397 971 467 1016 sam
480 948 690 1014 aetrubatam
701 948 897 1029 relinquunt.
921 944 1047 1008 Dicunt
1059 965 1145 1026 ergo,
1160 943 1184 1028 ¹)
1194 944 1248 1008 vel
1257 945 1370 1025 poeni·
1422 944 1594 1026 impedire,
1617 947 1792 1028 quominus
1821 948 2058 1015 absolutionem
2086 950 2263 1016 sacerdotis
2290 972 2399 1018 sacra-

397 1035 535 1101 tentiam
557 1036 753 1099 exteriorem
775 1054 845 1097 esse
867 1038 1118 1108 sacramentum,
1141 1046 1175 1094 et
1196 1029 1225 1094 61
1246 1031 1293 1094 116
1311 1036 1368 1107 661,
1423 1037 1571 1094 666166
1597 1040 1794 1113 nuncupent.
1838 1032 2050 1116 Respondete
2083 1037 2171 1100 enim
2192 1058 2252 1119 per
2274 1057 2309 1100 os
2328 1038 2398 1102 Au-

397 1122 577 1186 existimari
604 1119 722 1185 debere
749 1120 880 1201 signum
907 1137 978 1181 6666
1005 1115 1168 1180 interioris
1200 1115 1369 1196 poeniten·
1423 1117 1547 1199 gustini
1560 1117 1585 1199 ¹)
1612 1117 1734 1195 licebat,
1762 1119 2053 1185 sanctificationem
2081 1143 2152 1186 esse
2180 1123 2250 1187 sine
2278 1124 2398 1188 visibili

397 1208 471 1283 tiae,
495 1207 529 1270 id
552 1216 600 1271 661
622 1204 829 1277 contritionis
850 1201 966 1278 cordis,
989 1222 1072 1283 quae
1095 1201 1158 1264 erit
1185 1222 1239 1265 res
1261 1204 1369 1265 sacra·
1424 1209 1643 1280 sacramento,
1668 1210 1702 1266 et
1723 1204 1852 1268 visibile
1880 1214 2121 1270 sacramentum
2153 1209 2223 1273 sine
2250 1209 2399 1274 interiori

396 1293 515 1372 menti,
537 1292 591 1356 vel
621 1299 793 1372 utramque
821 1288 921 1353 simul
942 1308 1012 1352 6666
1034 1292 1286 1364 sacramentum,
1310 1308 1369 1352 nee
1423 1289 1685 1353 sanctificatione.
1730 1289 1868 1374 Item,²)
1897 1300 2101 1357 sacramenta
2122 1293 2257 1358 ineolis
2286 1294 2399 1360 electis

398 1378 470 1456 duo,
494 1377 676 1442 sedunum
699 1375 904 1457 completum.
940 1373 1068 1436 Verum
1086 1373 1281 1436 exteriorem
1299 1394 1370 1436 esse
1423 1374 1550 1437 efficere
1579 1373 1665 1455 quod
1693 1375 1845 1457 figurant.
1895 1376 2034 1462 Item,⁸)
2060 1377 2196 1443 induere
2227 1379 2398 1445 Christum

397 1472 639 1529 sacramentum
672 1463 846 1539 duntaxat;
873 1459 1077 1549 interiorem,
1107 1479 1178 1521 rem
1206 1466 1240 1521 et
1262 1479 1369 1522 sacra·
1424 1458 1503 1523 alios
1525 1480 1627 1540 usque
1645 1459 1687 1523 ad
1704 1462 1901 1525 sacramenti
1922 1465 2173 1545 perceptionem,
2193 1465 2272 1530 alios
2294 1487 2398 1548 usque

396 1557 555 1613 mentum.
589 1548 828 1613 Remissionem
845 1552 955 1609 autem
971 1550 1187 1625 peecatorum,
1207 1565 1278 1608 rem
1295 1552 1369 1606 tan-
1423 1543 1464 1607 61
1490 1545 1788 1610 sanctificationem.
1833 1547 1935 1626 Illud,
1963 1549 2063 1614 bonos
2092 1550 2250 1616 6166166
2274 1552 2400 1633 pariter

397 1641 477 1714 tum,
501 1643 535 1698 et
563 1656 629 1699 non
652 1638 901 1698 sacramentum.
946 1627 1013 1709 Qui
1035 1628 1231 1693 sacramenti
1254 1629 1369 1693 defini·
1422 1629 1542 1709 faeere;
1570 1631 1674 1708 istud,
1703 1632 1803 1697 bonos
1830 1633 1922 1711 66166.
1976 1632 2066 1699 Sane
2098 1635 2293 1701 hallucinati
2320 1645 2399 1701 sunt

397 1721 521 1785 tionem
549 1742 649 1802 supra
669 1719 799 1784 anobis
824 1718 965 1800 positam
991 1715 1149 1778 memoria
1177 1722 1304 1793 tenent,
1328 1713 1370 1779 ad
1423 1714 1497 1796 plus
1525 1738 1623 1797 quarn
1651 1717 1836 1799 pueriliter,
1859 1727 1893 1782 61
1914 1720 2000 1785 caeci
2017 1722 2053 1784 in
2074 1720 2141 1785 6616
2170 1722 2318 1797 fuerunt,
2342 1722 2399 1805 qui

397 1826 470 1870 eam
499 1807 633 1889 exigant
650 1805 684 1869 id
706 1802 793 1888 quod
820 1802 934 1867 dicum
962 1820 1032 1865 esse
1056 1808 1313 1877 sacramentum,
1337 1808 1371 1864 et
1423 1822 1523 1881 quum
1555 1801 1660 1865 multa
1692 1802 1883 1868 difficultate
1922 1813 2126 1885 aestuarent,
2159 1827 2231 1871 rem
2264 1808 2398 1890 planam

397 1891 567 1955 invenient
584 1913 651 1955 non
668 1911 739 1955 esse
757 1888 994 1954 caeremoniam
1007 1894 1178 1950 externam
1195 1887 1369 1952 aDomino
1423 1886 1503 1950 adeo
1527 1895 1560 1950 et
1581 1887 1686 1952 cuivis
1707 1889 1836 1953 obviarn
1859 1910 1927 1953 non
1944 1901 2191 1973 perspexerunt.

397 1977 582 2041 institutam
611 1977 652 2040 ad
678 1976 755 2040 fidei
782 1982 913 2040 nostrae
941 1973 1228 2036 confirmationem.
1273 1970 1369 2052 Quod
1422 2025 1424 2028 ,
1512 1978 1559 2036 17.
1604 1973 1655 2037 Ν6
1681 1981 1792 2038 16666
1820 1976 1945 2040 animos
1972 1976 2106 2055 tollant,
2141 1999 2334 2060 quacunque
2361 1980 2397 2042 in

397 2063 425 2126 si
443 2070 627 2139 causentur,
651 2062 873 2126 definitionem
895 2080 1003 2123 meam
1019 2058 1127 2140 legem
1144 2079 1211 2122 non
1229 2079 1299 2122 esse
1317 2057 1370 2122 eui
1421 2064 1515 2140 parte
1537 2068 1779 2136 sacramentum
1800 2062 1983 2142 posuerint,
2001 2083 2091 2152 nego
2113 2063 2185 2127 iure
2202 2063 2317 2128 haberi
2337 2085 2398 2146 pro

395 2168 511 2230 parere
533 2170 664 2214 necesse
687 2146 835 2222 habeant,
856 2144 992 2210 audiant
1014 2144 1068 2207 Au
1116 2144 1247 2221 stinum,
1272 2164 1369 2226 quem
1422 2152 1633 2208 sacramento.
1685 2146 1853 2224 Primum,
1891 2147 1978 2229 quod
2005 2147 2097 2212 nulla
2130 2150 2195 2213 Dei
2225 2150 2397 2233 promissio

396 2242 698 2298 sacrosanctumse
727 2233 847 2297 habere
874 2233 1013 2313 fingunt.
1092 2237 1293 2308 aeramenta,
1316 2229 1368 2293 in-
1422 2229 1597 2312 singularis
1615 2229 1657 2293 ad
1673 2229 1760 2295 hanc
1779 2252 1850 2295 rem
1868 2240 1984 2311 exstet,
2004 2234 2100 2298 unica
2122 2237 2317 2300 sacramenti
2334 2235 2398 2319 hy-

396 2319 476 2402 quit,
485 2321 515 2403 ²)
537 2326 669 2403 propter
694 2318 856 2397 carnales,
879 2315 1021 2382 visibilia
1040 2315 1194 2380 instituta
1214 2323 1308 2394 sunt,
1331 2322 1369 2378 ut
1421 2316 1568 2398 postasis.
1612 2316 1754 2394 Deinde,
1778 2317 1865 2399 quod
1886 2339 2098 2401 quaecunque
2120 2320 2173 2385 hic
2194 2320 2399 2385 caeremonia

397 2405 437 2468 ab
459 2407 499 2470 iis
520 2426 603 2487 quae
625 2405 726 2475 oeulis
744 2414 923 2468 cernuntur
945 2400 987 2466 ad
1009 2421 1048 2465 ea
1069 2422 1152 2483 quae
1179 2401 1282 2465 intelli
1353 2437 1368 2449 -
1420 2401 1619 2483 proferatur,
1635 2423 1776 2471 ,merum
1803 2404 1846 2467 sit
1873 2403 2044 2468 hominum
2076 2406 2266 2471 inventum:
2296 2428 2398 2488 quum

396 2497 467 2569 tur,
496 2499 772 2555 sacramentorum
805 2489 960 2572 gradibus
986 2487 1235 2551 transferantur.
1279 2423 1369 2566 51111
1421 2487 1642 2550 caeremonias
1662 2496 1942 2553 sacramentorum
1960 2511 2026 2553 non
2047 2491 2113 2554 nisi
2134 2511 2155 2554 a
2173 2493 2245 2555 Deo
2267 2492 2398 2557 institui

396 2575 462 2639 tale
484 2585 542 2640 aut
566 2578 631 2659 ipsi
652 2575 779 2653 vident,
802 2582 861 2639 aut
888 2574 961 2638 61116
988 2580 1112 2654 queunt
1140 2571 1312 2637 ostendere
1333 2572 1370 2634 in
1421 2591 1515 2653 posse
1537 2573 1604 2635 iam
1626 2571 1796 2637 definitum
1818 2574 1869 2638 611.
1915 2575 2126 2640 Mendacium
2147 2598 2225 2660 ergo
2243 2585 2277 2641 61
2293 2577 2397 2660 impo-

397 2681 434 2723 66
463 2661 549 2743 quod
577 2668 817 2726 sacramentum
843 2660 1060 2742 poenitentiae
1092 2657 1230 2723 voeant‘l
1275 2657 1370 2722 Idem
1422 2664 1514 2721 stura
1545 2657 1608 2720 fnit
1641 2656 1727 2739 quod
1752 2658 1793 2722 de
1820 2669 2024 2726 sacramento
2056 2663 2275 2744 poenitentiae
2307 2683 2398 2728 com-

397 2746 493 2812 alibi:
508 2746 538 2831 Β)
560 2755 800 2812 sacramentum
827 2745 900 2810 1166
923 2744 1042 2808 dicitur
1063 2745 1139 2826 quia
1160 2744 1195 2807 in
1217 2764 1255 2807 eo
1280 2741 1368 2807 aliud
1421 2742 1526 2806 menti
1560 2750 1646 2808 6661
1696 2745 1904 2808 Ementitum
1933 2746 1994 2811 hoe
2022 2757 2266 2812 sacramentum
2300 2769 2397 2813 orna-

396 2831 534 2909 videtur,
555 2832 642 2897 aliud
659 2830 869 2915 intelligitur3
888 2830 975 2913 quod
992 2829 1131 2907 videtur,
1150 2829 1292 2912 speciem
1309 2828 1369 2894 ha·
1421 2837 1501 2892 runt
1522 2848 1587 2911 quo
1609 2826 1743 2894 decebat
1769 2830 1888 2912 elogio:
1900 2836 1929 2914 ⁴)
1958 2832 2136 2897 secundam
2159 2854 2229 2897 6666
2251 2834 2398 2898 tabulam

395 2917 452 2981 bet
483 2919 683 3001 corporalem
690 2942 698 2997 ;
727 2916 815 3001 quod
848 2915 1056 2999 intelligitur,
1089 2916 1234 2980 fructum
1268 2915 1370 2980 habet
1420 2922 1495 2996 6661
1521 2914 1747 2998 naufragium3
1774 2916 1850 2997 quia
1879 2916 2004 2998 siquis
2033 2926 2158 2982 vestem
2191 2919 2397 2983 innocentiae

396 3004 607 3086 spiritualem.
657 3005 770 3086 Neque
799 3004 866 3068 ullo
897 3000 995 3066 modo
1023 3009 1226 3066 sacramento
1257 3001 1369 3083 poeni·
1421 3000 1456 3063 in
1488 3000 1650 3082 baptismo
1677 3009 1867 3083 perceptam
1905 3002 2069 3084 peccando
2108 3003 2305 3086 corruperit,
2339 3025 2398 3085 per

396 3092 533 3168 tentiae,
566 3091 661 3173 quale
692 3091 823 3173 fingunt
853 3089 931 3171 ipsi,
965 3087 1165 3152 conveniunt
1197 3086 1292 3165 haec,
1311 3086 1368 3152 ubi
1419 3086 1657 3167 poenitentiam
1679 3107 1830 3169 reparare
1851 3094 1967 3169 661661.
2007 3085 2076 3152 Sed
2098 3088 2222 3152 dietum
2243 3096 2293 3152 est
2314 3089 2397 3153 Hie·

396 3176 488 3240 nulla
516 3178 639 3258 speeies
665 3183 715 3240 est
737 3174 912 3258 corporalis
939 3193 1022 3256 quae
1053 3172 1257 3255 spiritualem
1281 3173 1368 3236 frue-
1420 3172 1559 3254 ronyrni.
1598 3170 1844 3255 ‘Cuiuscunque
1872 3173 1929 3251 sit,
1958 3175 2038 3256 quin
2059 3174 2156 3256 plane
2179 3174 2316 3254 impium
2343 3175 2397 3249 sit,

396 3268 468 3324 tum
489 3269 720 3344 repraesentet
1166 3300 1169 3311 ·
1421 3257 1570 3322 exemeri
1591 3257 1714 3339 nequit,
1737 3259 1767 3322 sa'
1787 3280 1826 3323 66
1848 3279 2067 3335 eorumecnsu
2089 3261 2263 3339 seponitur.
2293 3258 2398 3340 Quasi

485 3351 532 3409 16.
578 3347 627 3412 Ae
653 3347 707 3431 (ut
726 3347 807 3411 istas
840 3345 964 3411 belluas
990 3345 1027 3407 in
1053 3364 1114 3408 sua
1141 3363 1241 3421 arena
1268 3344 1368 3408 eonfi-
1420 3364 1499 3408 vero
1521 3365 1580 3426 per
1605 3351 1774 3425 peecatum
1803 3344 1950 3409 deleatur
1977 3343 2173 3427 baptismus,
2197 3353 2230 3408 et
2250 3367 2318 3409 non
2338 3367 2396 3428 po·

396 3431 496 3514 eiam)
523 3433 550 3497 si
571 3431 677 3495 ullum
699 3431 752 3498 hic
774 3439 1015 3496 sacramentum
1043 3434 1229 3510 quaeratur,
1258 3449 1369 3493 nonne

395 3516 493 3599 longe
515 3518 691 3601 speciosius
707 3519 822 3583 iactari
843 3523 981 3600 p'oterat,
1004 3514 1241 3581 absolutionem
1263 3535 1369 3580 sacer-

396 3601 479 3667 dotis
501 3611 742 3669 sacramentum
764 3624 844 3681 esse,
867 3624 965 3684 quam
985 3601 1221 3685 poenitentiam
1242 3600 1296 3665 vel
1317 3602 1369 3664 in·

396 3689 549 3753 teriorem
566 3690 619 3754 vel
640 3688 856 3754 exteriorem?
901 3690 1097 3771 Promptum
1118 3687 1208 3751 enim
1230 3693 1301 3751 erat
1322 3685 1369 3750 di·

396 3794 479 3853 cere,
500 3776 737 3839 caeremoniam
758 3796 829 3840 6666
851 3774 892 3838 61
914 3772 1170 3840 confirmandam
1189 3771 1289 3836 fidem
1311 3792 1370 3836 no·

397 3867 500 3923 stram
529 3859 569 3925 de
596 3870 803 3943 peccatorum
836 3860 1044 3939 remissione,
1078 3858 1262 3940 habereque
1294 3879 1369 3940 pro-

397 3946 585 4010 missionem
618 3947 774 4025 clavium,
803 3955 841 4010 ut
867 3953 999 4011 vocant:
1036 3945 1253 4028 quodeunque
1287 3943 1370 4027 liga-

397 4031 511 4096 veritis
534 4038 591 4096 aut
612 4033 774 4097 solveritis
803 4053 902 4114 super
929 4038 1067 4110 terram,
1091 4031 1153 4094 erit
1170 4029 1313 4095 solutum
1337 4036 1370 4093 et

397 4115 535 4200 ligatum
557 4118 593 4181 in
615 4117 721 4182 coelis.
766 4115 834 4182 Sed
857 4116 1027 4182 obiecisset
1048 4115 1223 4198 quispiam:
1246 4115 1369 4197 pleros-

398 4222 461 4283 que
488 4203 565 4267 solvi
594 4225 613 4268 a
638 4200 873 4280 sacerdotibus,
905 4203 1023 4284 quibus
1051 4200 1135 4277 nihil
1162 4199 1223 4265 talc
1246 4199 1371 4265 accedit

1421 3430 1487 3494 tius
1508 3430 1545 3493 in
1566 3429 1773 3494 memoriam·
1787 3430 1991 3497 revocandus
2013 3431 2056 3494 611
2083 3432 2243 3513 peccatori
2270 3431 2397 3513 quoties

1422 3513 1462 3579 de
1484 3515 1609 3597 peccati
1633 3516 1825 3580 remissione
1858 3517 1993 3599 cogitat,
2016 3525 2055 3580 ut
2075 3517 2142 3582 illic
2172 3538 2243 3581 sese
2264 3516 2398 3600 colligat

1422 3602 1633 3684 animumque
1654 3602 1790 3683 recipiat
1812 3608 1845 3665 et
1865 3601 1964 3666 fidem
1987 3603 2166 3680 confirmet,
2189 3612 2403 3686 peccatorum¹

1421 3687 1647 3752 remissionem
1665 3709 1699 3752 se
1717 3688 1971 3770 impetraturum
1991 3709 2074 3769 quae
2097 3689 2159 3753 sibi
2179 3688 2215 3751 in
2235 3689 2398 3770 baptismo

1421 3773 1590 3870 promissa⁴
1604 3773 1655 3870 611.
1703 3773 1790 3870 Quod
1810 3778 1914 3871 catera
1935 3774 2014 3838 dure
2026 3779 2063 3872 'et
2084 3775 2257 3872 improprie
2283 3773 2398 3838 Hiero-

1421 3858 2398 4029 1111161111111161611111

1422 4030 1477 4093 isti
1491 4029 1673 4109 interpretes
1683 4030 1727 4095 ac
1737 4050 1830 4094 attam
1847 4030 2188 4113 tepescentem.
2214 4030 2397 4112 Aptissima

1422 4114 1533 4196 itaque
1555 4113 1692 4194 dixeris,
1715 4116 1742 4179 si
1766 4116 1965 4198 baptismum
1987 4116 2155 4182 vocaveris
2176 4117 2397 4198 poenitentiae

1423 4209 1679 4280 sacramentum,
1720 4222 1822 4283 quum
1859 4201 1895 4266 in
1921 4201 2185 4282 meliorationem
2215 4201 2338 4282 cratiae
2370 4205 2399 4264 ct

398 4288 456 4351 tali
485 4289 701 4367 absolutione3
735 4309 835 4371 quum
862 4309 905 4352 ex
932 4309 1046 4351 eorum
1078 4286 1228 4368 dogmate
1261 4306 1369 4350 saera·
1420 4287 1555 4368 fiduciae
1575 4287 1718 4370 61611766
1747 4287 1787 4352 iis
1809 4286 1906 4352 datus
1924 4289 1967 4351 611
1989 4289 2045 4370 qui
2065 4284 2301 4370 poenitentiam
2328 4307 2398 4349 me-

397 4381 509 4438 menta
534 4374 743 4458 novaelegis
775 4374 903 4439 efficere
935 4372 1076 4438 debcant
1101 4371 1189 4454 quod
1216 4373 1369 4455 figurant

397 4458 596 4524 Ridiculum.
641 4461 690 4526 Ut
716 4461 753 4524 in
775 4460 975 4526 eucharistia
1001 4458 1165 4542 duplicem
1193 4458 1370 4523 manduea-

399 4542 520 4607 tionem
547 4554 711 4624 statuunt,
746 4545 1029 4623 sacramentalem,
1051 4565 1133 4627 quae
1155 4544 1247 4608 benis
1269 4565 1371 4626 aeque

399 4648 436 4691 ae
456 4628 551 4693 malis
573 4632 753 4697 eommunis
771 4639 834 4711 est;
858 4631 1075 4714 spiritualem,
1101 4649 1183 4712 quae
1210 4629 1370 4694 bonorum

369 4794 372 4799 Ι
398 4719 529 4775 166166
551 4723 601 4778 661
628 4720 772 4801 propria:
802 4737 860 4782 eur
881 4738 948 4782 non
970 4725 1003 4781 et
1024 4715 1263 4782 absolutionem
1288 4715 1370 4779 bifa-

398 4798 483 4861 riam
510 4801 632 4881 percipi
660 4803 844 4885 fingerent?
894 4804 963 4869 Nee
991 4811 1104 4867 tamen
1133 4802 1293 4867 hactenus
1319 4803 1370 4865 in·

398 4883 546 4966 telligere
572 4885 675 4966 potui,
699 4887 776 4968 quid
802 4888 863 4955 sibi
889 4890 1013 4956 vellent
1034 4909 1110 4954 cum
1137 4887 1193 4951 illo
1210 4909 1269 4954 suo
1292 4887 1371 4971 dog-

398 4977 501 5047 mate;
525 4969 611 5052 quod
644 4991 743 5051 quam
776 4973 871 5057 longe
893 4997 912 5038 a
933 4977 998 5040 Dei
1032 4976 1171 5041 veritate
1204 4973 1369 5052 dissideat,

400 5053 567 5120 docuimus
590 5077 692 5138 quum
719 5054 753 5118 id
775 5067 1007 5140 argumentum
1032 5061 1116 5124 serio
1143 5067 1369 5125 tractaremus.

399 5141 543 5204 Tantum
565 5142 620 5206 hic
640 5139 811 5206 ostendere
838 5142 925 5220 volo,
953 5142 1042 5207 hune
1068 5145 1259 5225 scrupulum
1286 5145 1371 5210 nihil

469 5533 498 5597 1)
517 5536 590 5587 Libr.
610 5533 634 5587 4.
654 5535 775 5588 Sentent.
796 5534 918 5589 116122.
938 5552 959 5588 e.
978 5535 1002 5588 2.
1075 5534 1106 5602 2)
1129 5535 1203 5588 Libr.
1222 5532 1247 5587 3.
1267 5541 1370 5603 quaest.

400 5602 463 5654 Vct.
483 5604 554 5656 Test.
573 5605 651 5670 (Lev.
670 5616 773 5672 quaest.
792 5605 847 5674 84).
962 5604 992 5671 3)
1010 5605 1043 5658 In
1061 5621 1184 5658 sermone
1203 5604 1319 5673 quodam
1338 5606 1371 5657 16

398 5671 525 5741 baptism.
543 5674 637 5728 infant.

1424 4371 1579 4437 ditantur.
1610 4370 1770 4452 Quodne
1792 4381 2012 4438 commentum
2030 4394 2101 4437 6666
2123 4379 2271 4434 nostrum
2292 4378 2397 4451 putes,

1423 4458 1766 4541 praeterquamquod
1793 4459 1974 4541 scripturae
2006 4458 2114 4523 verbis
2146 4456 2310 4521 conforme
2337 4463 2397 4536 est,

1424 4551 1559 4626 apparet
1580 4545 1615 4608 in
1637 4545 1742 4610 veteri
1759 4544 1895 4609 ecclesia
1916 4544 2017 4608 fuisse
2039 4541 2271 4624 pervulgatum
2291 4542 2399 4607 instar

1423 4630 1596 4695 certissimi
1614 4631 1795 4695 axiomatis.
1828 4630 1916 4693 Nam
1936 4629 1973 4691 in
1993 4627 2102 4691 libello
2124 4625 2164 4690 de
2185 4625 2250 4691 fide
2272 4627 2315 4692 ad
2333 4629 2399 4693 Pe-

1423 4723 1523 4794 trum,
1546 4718 1602 4799 qui
1623 4717 1810 4801 Augustino
1831 4713 2035 4791 inscribitur,
2058 4719 2301 4777 sacramentum
2321 4713 2397 4779 fidei

1424 4809 1458 4866 et
1479 4803 1699 4885 poenitentiae
1726 4796 1893 4881 11611666)
1936 4798 1983 4861 Et
2004 4796 2082 4880 quid
2104 4797 2146 4862 ad
2168 4799 2294 4863 ineerta
2320 4819 2398 4864 eon-

1423 4888 1590 4971 fugimus?
1635 4886 1739 4969 Quasi
1760 4904 1838 4949 vero
1860 4884 2005 4966 apertius
2035 4882 2202 4965 quidpiam
2229 4884 2398 4968 requiren-

1425 4973 1504 5038 dum
1527 4976 1583 5054 611,
1612 4993 1709 5055 quam
1730 4966 1817 5050 quod
1838 4970 1954 5034 recitat
1978 4968 2194 5052 evangelista:
2240 4971 2399 5037 Ioannem

1424 5060 1627 5143 praedicasse
1649 5056 1849 5138 baptismum
1870 5055 2092 5138 poenitentiae
2113 5056 2150 5119 in
2172 5056 2398 5123 remissionem
2465 5085 2470 5092 ·

1423 5157 1629 5229 peecatorum
1652 5141 1769 5226 (Marc.
1793 5144 1819 5218 1,
1842 5144 1878 5220 4;
1900 5140 1981 5206 Luc.
2001 5146 2030 5221 3,
2051 5140 2094 5225 3).

1425 5350 1628 5362 ---.---

1494 5466 1523 5530 1)
1541 5468 1615 5518 Libr.
1634 5464 1658 5518 5.
1678 5467 1711 5519 de
1729 5467 1809 5536 Bapt.
1828 5446 1925 5520 eontra
1942 5465 2077 5520 Donatist.
2096 5484 2118 5520 e.
2137 5465 2178 5519 24.
2271 5465 2301 5532 2)
2321 5466 2396 5519 Libr.

1425 5536 1449 5587 3.
1469 5545 1571 5602 quaest.
1592 5535 1654 5587 Vct.
1673 5537 1745 5597 'lest
1764 5537 1781 5589 l.
1801 5554 1822 5589 e.
1898 5533 1929 5596 3)
1946 5535 1986 5587 De
2004 5538 2078 5605 bapt.
2098 5537 2279 5605 parvulorum.
2366 5533 2398 5602 4)

1426 5605 1501 5656 Libr.
1519 5602 1544 5656 4:
1564 5605 1685 5657 Sentent.
1704 5602 1766 5658 dist.
1787 5603 1829 5657 14.
1848 5621 1870 5657 e.
1890 5605 1914 5657 1.
1938 5604 1979 5656 De
1996 5606 2097 5674 poenit.
2116 5606 2178 5656 dist.
2198 5604 2220 5656 1.
2238 5622 2261 5656 c.
2278 5604 2302 5656 2.
2367 5603 2399 5672 5)

1427 5672 1493 5742 Cap.
1511 5672 1553 5727 30.
1572 5674 1679 5727 (litatur
1697 5674 1797 5728 decret.
1818 5672 1859 5727 15.
1879 5684 1984 5742 quaest.
2004 5673 2084 5729 Lea
2103 5673 2278 5727 Firmissime.

1615 5746 1618 5756 ¹
1874 5744 1878 5750 '
2179 5754 2193 5784 ιιι

2139 5755 2174 5810 68
