5600 6809
401 767 462 829 221
762 761 852 827 LIB.
875 759 920 824 11.
966 761 1030 825 DE
1053 757 1342 825 COGNI'PIONE
1363 759 1448 824 DEI
1470 756 1818 825 REDEMPTORIS.
1863 758 1964 825 CAP.
1987 759 2051 824 ΠΙ.
2352 763 2415 826 222

402 950 472 1018 Deo
501 950 628 1031 paudus
655 954 713 1028 eet,
739 949 842 1029 iuquit
869 946 899 1031 (l
921 948 1035 1012 Ioann.
1060 952 1095 1026 3,
1116 948 1165 1032 9),
1199 968 1261 1012 acu
1282 953 1383 1027 potest
1435 948 1550 1026 solent,
1572 956 1745 1031 postquam
1761 948 1886 1029 primae
1904 949 2030 1031 gratiae
2047 948 2155 1014 locum
2173 948 2331 1030 dedimus,
2350 952 2416 1016 iam

396 1056 545 1120 peccare:
578 1037 654 1117 quia
679 1055 781 1100 cauea
807 1033 873 1098 Dei
899 1034 935 1097 iu
960 1035 1029 1113 ipso
1055 1038 1166 1099 maaet.
1214 1034 1301 1098 Nam
1322 1055 1383 1098 me·
1435 1041 1572 1099 conatus
1599 1043 1727 1097 nostros
1755 1033 1965 1114 subsequenti
1993 1036 2118 1116 gnitiae
2146 1037 2328 1119 cooperari,
2363 1057 2415 1101 re-

402 1124 492 1189 dium
513 1143 612 1204 11111,
624 1120 779 1202 sophistae
798 1120 1015 1202 imupiuautur
1036 1124 1164 1197 motum,
1186 1120 1238 1184 cui
1259 1119 1382 1200 obsequi
1435 1118 1592 1202 spondeo:
1622 1120 1650 1183 si
1679 1119 1865 1201 intelligant
1891 1141 1966 1197 nos,
1996 1141 2038 1184 ex
2066 1141 2129 1202 quo
2158 1122 2258 1187 semel
2280 1121 2416 1188 Domini

317 1236 320 1242 ·
402 1210 450 1274 vel
470 1230 559 1290 quem
580 1207 725 1289 repellere
745 1205 876 1270 liberum
893 1206 943 1283 sit,
963 1211 1065 1286 aperte
1087 1206 1210 1270 excludi
1231 1205 1380 1284 uidemus
1435 1207 1557 1271 virtute
1578 1207 1614 1269 11
1636 1205 1779 1269 iustitiae
1801 1205 1992 1287 obsequium
2014 1205 2149 1270 edomiti
2171 1229 2299 1287 sumus,
2327 1209 2415 1273 ultro

402 1295 458 1360 ubi
479 1295 632 1360 asseritur
652 1292 765 1374 efficat
787 1290 831 1355 ad
845 1292 1109 1371 perseverandum
1130 1293 1310 1355 1111111111.
1435 1313 1585 1376 pergere,
1619 1299 1653 1354 et
1684 1311 1862 1372 propensos
1895 1313 1966 1355 esse
1994 1291 2035 1355 ad
2064 1293 2262 1373 sequendam
2290 1296 2416 1377 gratiae

490 1386 539 1445 11.
583 1380 636 1444 Ι)1
657 1378 901 1460 perseverantia
922 1377 1024 1440 nihilo
1045 1378 1151 1459 magis
1174 1376 1309 1441 dubium
1330 1378 1381 1440 fu-
1435 1380 1607 1456 actionem,
1630 1376 1713 1440 nihil
1735 1376 1886 1441 reclamo.
1913 1378 1977 1441 Est
1997 1378 2086 1441 enim
2108 1379 2335 1459 certissimum,
2358 1380 2417 1446 ubi

402 1474 516 1533 turum
538 1473 624 1543 erat,
655 1465 735 1547 quin
768 1462 919 1528 habenda
952 1468 1037 1527 esset
1066 1484 1124 1544 pro
1153 1464 1296 1546 gratuito
1317 1461 1382 1527 Dei
1435 1465 1542 1546 gratia
1552 1462 1617 1526 Dei
1640 1471 1765 1544 regnat,
1788 1462 1888 1526 talem
1911 1484 1981 1528 esse
2004 1463 2204 1545 obsequendi
2219 1468 2415 1547 promptitu-

404 1553 502 1632 dono,
525 1552 591 1617 nisi
611 1551 803 1616 invaluisset
823 1549 983 1631 pessimus
1005 1571 1104 1626 error,
1130 1570 1188 1630 pro
1211 1548 1381 1613 hominum
1435 1549 1555 1613 dinem.
1583 1547 1680 1613 Unde
1693 1547 1728 1612 id
1746 1556 1859 1612 tamen
1877 1549 1942 1612 nisi
1959 1548 2046 1631 quod
2066 1550 2200 1632 spiritus
2213 1551 2279 1615 Dei
2296 1549 2416 1634 ubique

402 1640 520 1705 merito
546 1639 632 1703 hanc
655 1636 853 1718 dispensari,
881 1645 979 1717 prout
1005 1656 1039 1699 se
1066 1636 1288 1717 unusquisque
1314 1656 1381 1698 non
1436 1635 1497 1698 sibi
1519 1635 1740 1712 consentiens,
1769 1655 1868 1716 quam
1889 1635 2050 1717 principio
2072 1636 2242 1718 generavit
2264 1635 2416 1701 obedien·

402 1727 569 1809 ingratum
606 1721 732 1805 primae
770 1721 896 1804 gratiae
934 1721 1129 1802 praebuerit.
1186 1719 1254 1785 Sed
1283 1722 1380 1799 enim,
1435 1721 1500 1784 tiae
1523 1720 1741 1798 affectionem,
1770 1719 1811 1783 ad
1836 1720 2067 1802 perseverandi
2088 1723 2306 1787 constantiam
2327 1722 2417 1788 fovet

403 1812 557 1894 quoniam
587 1808 665 1873 inde
697 1815 794 1872 natus
827 1813 878 1871 111
909 1805 994 1888 quod
1025 1807 1185 1888 putabant
1215 1807 1251 1869 in
1280 1828 1381 1870 manu
1436 1814 1469 1870 et
1501 1804 1693 1870 confirmat?
1738 1807 1786 1869 At
1816 1806 1842 1868 si
1878 1806 2044 1871 hominem
2077 1829 2097 1871 a
2125 1827 2160 1871 se
2187 1809 2258 1891 ipso
2286 1830 2416 1874 1111111

404 1905 518 1962 nostra
543 1915 613 1960 esse
635 1914 789 1975 respuere
813 1892 865 1957 vel
887 1892 1032 1973 accipere
1054 1891 1196 1957 oblatam
1217 1892 1283 1956 Dei
1305 1914 1380 1975 gra·
1435 1892 1551 1956 volunt
1579 1890 1666 1954 undo
1694 1892 1819 1973 1111111
1841 1892 1906 1956 1)11
1933 1893 2123 1970 collaboret,
2152 1894 2415 1976 pestilentissime

404 1984 499 2061 tiam,
541 1982 603 2046 hac
641 1980 792 2043 oinione
833 1977 981 2060 explosa,
1021 1977 1077 2042 ille
1110 1999 1236 2060 quoque
1267 1985 1382 2059 sponte
1436 1977 1688 2041 hallucinantur.

403 2091 463 2135 sua
485 2067 614 2133 corruit.
655 2000 854 2146 &uunquam
876 2063 929 2128 hic
951 2063 1100 2128 bifariam
1117 2072 1253 2127 erratur.
1294 2064 1381 2127 Nam
1524 2067 1570 2126 12.
1600 2062 1703 2142 Atque
1719 2062 1779 2126 liuc
1798 2062 1881 2143 falso
1898 2083 1959 2144 per
1980 2065 2139 2128 iristitiam
2160 2069 2318 2145 torquetur
2334 2066 2415 2131 iilud

402 2161 630 2237 praeterquam
663 2149 749 2232 quod
781 2156 927 2214 nostram
954 2169 1033 2231 erga
1066 2150 1207 2230 primam
1241 2149 1381 2230 gratiam
1434 2147 1569 2230 apostoli
1593 2147 1624 2232 (l
1647 2147 1720 2212 (lor.
1745 2151 1792 2226 15,
1816 2149 1883 2232 10):
1925 2149 1999 2232 plus
2020 2150 2171 2215 omnibus
2192 2151 2232 2216 iis
2253 2151 2414 2231 laboravi;

403 2237 638 2324 gratitudinem
666 2235 914 2319 legitimumque
942 2256 1040 2298 usum
1068 2235 1302 2316 posterioribus
1330 2257 1380 2298 11·
1428 2255 1502 2299 non
1528 2255 1604 2316 ego,
1639 2232 1696 2297 sed
1722 2235 1829 2316 gratia
1856 2235 1920 2298 Dei
1946 2257 2084 2300 mecum.
2130 2233 2186 2301 Sic
2215 2238 2303 2301 enim
2330 2238 2414 2303 acci-

402 2325 568 2389 munerari
601 2322 733 2398 docent,
768 2319 895 2385 addunt
927 2321 1040 2398 etiam,
1079 2341 1146 2384 non
1179 2321 1246 2384 iarn
1278 2320 1379 2384 solam
1434 2321 1542 2400 piunt:
1567 2321 1643 2401 quia
1664 2319 1762 2401 paulo
1785 2322 1998 2402 arrogantius·
2015 2320 2139 2386 dictum
2161 2322 2265 2387 videri
2286 2330 2416 2406 poterat

402 2411 543 2495 gratiam
570 2409 605 2473 in
633 2407 728 2472 nobis
754 2406 894 2487 operari,
933 2404 990 2471 sed
1023 2427 1093 2470 esse
1127 2413 1256 2470 tantum
1287 2407 1380 2470 nobis
1434 2404 1521 2486 quod
1554 2427 1588 2469 se
1615 2405 1795 2486 praeferret
1821 2407 1986 2484 omnibus,
2020 2406 2054 2470 id
2081 2407 2212 2489 quidem
2242 2410 2413 2492 corrigere,

333 2516 336 2521 ’
402 2495 661 2578 cooperatricem.
689 2492 765 2567 ¹De
791 2492 900 2574 priore
927 2492 972 2557 sic
1000 2491 1187 2556 habendum
1218 2499 1279 2557 est:
1310 2493 1380 2556 Do·
1433 2490 1565 2554 laudem
1598 2489 1639 2554 ad
1667 2490 1731 2554 Dei
1765 2494 1905 2574 gratiam
1938 2492 2122 2570 referendo;
2157 2493 2216 2558 sed
2241 2495 2288 2557 ita
2316 2502 2352 2558 ut
2379 2516 2414 2559 se

399 2582 543 2658 minum,
582 2578 661 2643 dum
698 2577 734 2641 11
772 2576 840 2641 dies
878 2576 1141 2659 locupletabat
1174 2579 1268 2642 novis
1301 2599 1380 2641 suae
1434 2577 1558 2658 gratiae
1585 2576 1809 2657 cooperarium
1832 2587 1933 2642 vocet.
1978 2577 2033 2642 Ad
2054 2578 2141 2644 hanc
2167 2580 2327 2645 festucam
2350 2582 2414 2644 mi·

398 2668 528 2750 gratiae
548 2664 676 2728 dotibus
699 2662 844 2728 cumulat
863 2682 974 2728 servos
992 2684 1075 2740 suos,
1097 2665 1173 2745 quia
1195 2684 1276 2745 opus
1294 2662 1380 2745 quod
1433 2683 1508 2725 rum
1530 2669 1594 2738 est,
1623 2669 1671 2725 tot
1698 2684 1765 2725 non
1787 2664 1892 2728 malos
1913 2663 2033 2747 alioqui
2058 2664 2207 2729 homines
2228 2666 2412 2748 impegisse.

398 2753 436 2817 11
465 2751 530 2815 illis
559 2750 665 2833 coepit
693 2755 824 2832 gratum
852 2755 1083 2830 acceptumque
1112 2748 1227 2827 habet,
1255 2751 1290 2813 in
1314 2749 1380 2814 illis
1433 2748 1508 2812 Non
1536 2748 1623 2811 enim
1652 2749 1791 2831 gratiam
1813 2749 1949 2813 Domini
1976 2772 2087 2816 secum
2116 2751 2280 2818 laborasse
2302 2752 2415 2816 scribit

398 2837 559 2914 invenire,
583 2832 669 2917 quod
686 2833 862 2899 maioribus
881 2835 995 2918 gratiis
1011 2840 1234 2916 prosequatur.
1269 2836 1380 2916 Atque
1433 2832 1612 2915 apostolus,
1641 2841 1680 2896 ut
1706 2855 1741 2898 se
1768 2842 1951 2899 consortem
1972 2835 2093 2901 laboris
2114 2837 2227 2914 faeiat:
2255 2838 2334 2919 quin
2355 2858 2413 2919 po-

399 2923 466 2988 huc
498 2921 666 3003 pertinent
699 2919 878 2985 sententiae
917 2919 1006 2983 illae:
1052 2919 1187 2984 habenti
1232 2918 1379 3000 dabitur,
1432 2919 1498 2983 tius
1526 2925 1629 2983 totam
1650 2918 1771 2983 laboris
1801 2920 1932 2984 laudem
1960 2922 2018 2985 uni
2046 2922 2172 3005 gratiae
2198 2923 2412 3001 transscribit,

400 3009 493 3073 item:
517 3027 609 3090 euge,
632 3027 726 3072 serve
748 3004 840 3084 bone,
864 3006 940 3088 quia
961 3006 997 3068 in
1017 3006 1129 3086 paucis
1150 3006 1241 3070 fuisti
1262 3005 1377 3083 fidelis,
1432 3005 1496 3068 ista
1516 3005 1731 3070 correctione:
1761 3026 1829 3070 non
1849 3027 1924 3089 ego,
1953 3006 2013 3084 ait,
2039 3009 2161 3072 sumis
2183 3009 2239 3089 qui
2257 3007 2412 3087 laboravi,

400 3090 1128 3261 uitmassaritias
1144 3095 1308 3256 bit:
1324 3095 1379 3241 ²3:

401 3272 461 3329 aut
486 3262 690 3329 remunerari
718 3261 845 3328 dicatur
873 3263 1107 3344 posterioribus
1135 3264 1250 3346 gratiis
1272 3263 1379 3347 legiti-

400 3372 475 3415 mus
495 3371 573 3415 usus
595 3349 720 3432 primae
738 3349 872 3432 gratiae,
896 3369 934 3412 ac
953 3348 981 3412 11
1002 3347 1101 3411 homo
1123 3369 1184 3414 sua
1204 3350 1307 3432 ipsius
1328 3349 1379 3412 in-

401 3435 526 3501 dustria
546 3433 698 3500 redderet
718 3435 860 3518 gratiam
881 3434 946 3498 Dei
968 3434 1146 3513 efficacem;
1176 3442 1234 3499 aut
1259 3436 1304 3500 sic
1327 3455 1378 3499 re-

399 3522 584 3588 muneratio
606 3526 778 3587 censeatur
798 3530 836 3583 ut
858 3519 987 3584 desinat
1009 3519 1126 3584 haberi
1147 3522 1293 3603 gratuita
1313 3520 1379 3585 Dei

460 3608 514 3673 tia.
569 3609 691 3672 Fateor
729 3627 806 3691 ergo
839 3605 1092 3688 exspectandam
1124 3628 1195 3671 esse
1227 3607 1378 3672 fidelibus

467 3715 484 3759 c
505 3693 572 3758 Dei
591 3692 859 3771 benedictionem,
880 3713 943 3775 quo
965 3691 1082 3756 melius
1104 3693 1157 3755 usi
1178 3693 1302 3757 1111111
1323 3715 1378 3758 11-

397 3780 579 3862 perioribus
603 3779 731 3862 gratiis,
757 3785 796 3843 ut
817 3798 854 3843 eo
877 3776 1054 3842 maioribus
1075 3778 1213 3860 posthac
1236 3778 1377 3863 adauge-

399 3872 513 3946 antur;
536 3864 593 3930 sed
614 3863 709 3929 illum
729 3884 857 3948 quoque
878 3885 976 3928 usum
998 3865 1177 3928 aDomino
1200 3887 1270 3930 esse
1292 3864 1373 3943 dico,

1433 3089 1490 3170 sed
1522 3090 1630 3173 gratia
1656 3091 1721 3154 Dei
1754 3112 1837 3174 quac
1863 3091 1947 3155 111111
1974 3091 2096 3156 aderat.
2141 3093 2274 3157 Fefollit
2303 3101 2413 3158 autem

1433 3196 1487 3240 eos
1514 3175 1713 3258 loquutionis
1740 3177 1951 3261 ambiguitas,
1985 3176 2043 3242 sed
2071 3179 2177 3262 magis
2201 3188 2413 3260 praepostera

1432 3262 1555 3340 versio,
1585 3264 1621 3325 in
1642 3284 1706 3345 qua
1727 3263 1778 3328 vis
1800 3264 1909 3346 graeci
1935 3263 2065 3328 articuli
2086 3265 2318 3347 praetermissa
2339 3265 2410 3328 1111

1431 3347 1519 3412 Nam
1549 3349 1578 3412 si
1604 3348 1646 3412 ad
1673 3349 1812 3413 verbum
1833 3347 1965 3427 reddas,
1992 3370 2061 3414 non
2088 3349 2166 3414 dicit
2188 3349 2328 3433 gratiam
2350 3349 2413 3415 sibi

1430 3433 1531 3498 fuisse
1553 3435 1820 3516 cooperatricem,
1849 3433 1907 3500 sed
1933 3436 2074 3518 gratiam
2101 3457 2184 3518 quae
2205 3435 2268 3501 sibi
2288 3435 2410 3513 aderat,

1431 3521 1579 3584 omnium
1606 3521 1706 3584 fiiisse
1733 3520 1939 3587 effectricem.
1984 3521 2093 3604 Atque
2121 3520 2155 3586 id
2176 3542 2242 3585 non
2264 3522 2409 3600 obscure,

1430 3605 1508 3670 licet
1529 3604 1683 3686 breviter,
1706 3605 1800 3671 docet
1819 3607 2036 3690 Augustinus,
2059 3628 2160 3689 quum
2181 3609 2229 3671 ita
2249 3606 2408 3689 loquitur:

1429 3691 1595 3773 praecedit
1620 3692 1773 3757 voluntas
1805 3693 1891 3757 bona
1921 3692 2064 3758 hominis
2091 3693 2197 3758 multa
2223 3693 2289 3757 Dei
2316 3693 2410 3772 dona,

1430 3777 1489 3840 sed
1517 3798 1583 3841 non
1605 3779 1729 3858 omnia3
1762 3799 1845 3860 quae
1867 3785 1979 3843 autem
1999 3778 2166 3860 praecedit
2187 3780 2272 3861 ipsa,
2306 3779 2342 3842 in
2364 3779 2412 3844 eis

1430 3872 1463 3926 et
1488 3862 1562 3945 ipsa
1587 3871 1645 3928 est.
1691 3861 1849 3945 Sequitur
1877 3863 1997 3929 deinde
2024 3865 2124 3930 ratio:
2153 3865 2231 3948 quia
2253 3865 2412 3947 scriptum

398 3963 434 4016 et
453 3951 539 4017 hanc
559 3951 856 4016 remunerationem
884 3971 903 4014 a
925 3950 1068 4033 gratuita
1089 3950 1159 4016 eius
1181 3951 1377 4015 beuevolen·
1429 3949 1473 4013 sit
1484 3948 1586 4031 (Psal.
1601 3953 1650 4027 59,
1665 3953 1720 4028 113
1740 3953 1790 4027 23,
1805 3948 1855 4033 6);
1873 3951 2096 4016 misericordia
2112 3951 2184 4016 eius
2201 3951 2375 4036 praevenit
2386 3949 2412 4036 ¹)

398 4037 447 4103 tia
474 4037 655 4120 provenire.
700 4035 750 4101 Ac
778 4037 906 4101 sinistre
933 4056 994 4099 uon
1021 4037 1126 4099 uticus
1152 4058 1249 4117 quum
1274 4037 1378 4119 luseu-
1429 4056 1495 4113 me;
1519 4042 1561 4113 et,
1584 4034 1806 4100 misericordia
1827 4035 1897 4100 eius
1919 4036 2135 4120 subsequetur
2153 4057 2221 4102 me:
2244 4037 2413 4102 nolentem

398 4123 474 4188 etur
505 4125 613 4188 111111
637 4121 729 4188 uitam
756 4123 983 4209 distiucticaeui
1014 4127 1185 4202 usurpant,
1220 4124 1377 4202 operantis
1429 4121 1608 4202 praevenit,
1631 4127 1670 4185 ut
1691 4121 1780 4200 velit,
1803 4122 1968 4186 volentem
1986 4123 2204 4206 subsequitur,
2227 4145 2269 4187 ne
2288 4124 2413 4188 frustra

394 4211 520 4294 mattae
553 4209 804 4290 1111111111.
849 4206 920 4271 Hac
945 4207 1067 4288 quidem
1094 4228 1173 4271 usus
1200 4214 1244 4272 est
1267 4208 1378 4291 Aupu-
1418 4205 1517 4271 uelit.
1565 4204 1627 4270 Cui
1654 4208 1801 4271 consentit
1827 4206 2073 4294 Beruarctus,²)
2106 4211 2266 4275 ecclesiam
2296 4210 2340 4271 ita
2370 4209 2412 4271 to·

397 4296 516 4375 atinae,
543 4295 597 4360 sed
617 4295 774 4359 commoda
795 4293 971 4374 defiuitione
991 4292 1122 4371 lenient,
1150 4292 1255 4356 Deum
1276 4314 1377 4374 coepe
1429 4296 1568 4371 quartem
1590 4293 1754 4357 induceres:
1780 4293 1867 4358 trabe
1895 4295 2119 4376 quodammodo
2146 4296 2278 4359 iccium
2308 4291 2411 4370 1111-

397 4382 499 4447 raado
515 4379 665 4463 perficere
686 4380 767 4462 quod
787 4378 943 4459 operando
959 4378 1086 4457 incipi&
1108 4379 1292 4442 secundem
1313 4401 1378 4444 esse
1430 4379 1497 4442 eius
1514 4378 1744 4458 colambriam,-
1761 4379 1849 4444 tratre
1866 4385 2030 4462 torpentem
2048 4386 2083 4444 ut
2100 4381 2216 4445 reddas
2231 4381 2410 4441 currentem.

395 4467 553 4551 91111111,
581 4466 635 4531 sut
655 4465 765 4531 sortiri
785 4485 895 4529 lumea
911 4483 974 4543 pro
996 4463 1116 4527 diuerso
1138 4464 1227 4528 uodo
1248 4467 1376 4545 effictus.
1519 4467 1566 4528 13.
1612 4463 1797 4529 Audiamus
1830 4487 1919 4532 nunc
1945 4466 2170 4550 Augustinum
2200 4463 2267 4524 suis
2299 4460 2409 4524 verbis

405 4550 495 4618 Unde
515 4553 662 4634 sequitu,
684 4572 834 4615 11111111
849 4549 975 4631 partiri
996 4550 1075 4612 iuter
1094 4548 1199 4613 Deum
1219 4554 1247 4612 et
1263 4571 1319 4615 uos
1341 4570 1378 4614 uc
1428 4548 1625 4631 loquentem,
1646 4573 1688 4616 ue
1709 4552 1827 4616 aetatis
1848 4560 1978 4617 nostrae
1990 4549 2169 4632 Pelagiaui,
2190 4547 2251 4611 hoc
2273 4553 2323 4609 est
2340 4566 2410 4610 sor-

398 4638 431 4704 si
449 4658 489 4702 cx
503 4639 636 4720 proprio
652 4638 816 4718 utriusque
837 4642 919 4700 motu
937 4639 1013 4698 esset
1029 4640 1138 4698 111111
1155 4636 1376 4714 ccruurreutia,
1430 4634 1537 4700 bonici
1563 4637 1745 4720 sophistae,
1773 4645 1875 4701 totam
1904 4643 2101 4703 1111111111
2122 4632 2215 4697 nobis
2238 4630 2410 4697 adversam

397 4724 455 4791 sed
474 4724 594 4807 uuae
610 4723 898 4805 multiplicationem
914 4725 1029 4785 uetare.
1060 4721 1126 4800 Quo
1141 4722 1277 4802 pertinet
1298 4724 1378 4802 qued
1429 4740 1489 4801 pro
1518 4743 1576 4786 suo
1604 4743 1696 4786 more
1719 4723 1942 4789 criminentur.
1987 4721 2028 4784 In
2053 4737 2116 4800 quo
2139 4716 2261 4781 scilicet
2282 4724 2410 4800 patrem
2448 4787 2475 4802 Ἰ

396 4809 480 4876 atui
499 4810 584 4889 dicit,
597 4809 621 4893 ¹)
643 4809 742 4874 muita
759 4809 824 4873 Dei
845 4810 929 4874 doum
943 4808 1132 4887 praecedere
1152 4806 1262 4871 bortum
1283 4808 1378 4872 111111-
1430 4827 1527 4870 suum
1547 4808 1720 4892 Pelagium
1748 4810 1934 4884 imitantur,
1963 4828 1983 4868 a
2009 4825 2072 4885 quo
2100 4803 2136 4866 in
2165 4801 2302 4867 eandem
2330 4803 2409 4868 olim

395 4896 453 4960 nic
473 4894 665 4975 uoluntatem,
686 4897 766 4960 iuter
788 4917 867 4976 quae
887 4900 979 4958 estet
1000 4895 1079 4974 ipsa
1121 4892 1207 4958 ttude
1228 4896 1376 4974 sequitur,
1431 4912 1563 4956 arenam
1593 4896 1661 4976 ipso
1683 4895 1892 4977 Augustinus
1920 4895 2102 4973 protractus
2130 4896 2188 4953 111.
2238 4889 2340 4954 Libro
2368 4888 2408 4953 de

395 4980 484 5045 nuit
508 4980 663 5062 reliquum
688 4981 789 5062 facee
821 4981 902 5062 quod
923 4981 995 5061 ipsa
1023 4978 1086 5043 sibi
1107 4985 1236 5062 abrepat.
1281 4978 1377 5059 Quod
1430 4981 1632 5060 correptione
1661 4987 1694 5044 et
1722 4981 1829 5062 gratia
1851 4977 1892 5041 ad
1913 4973 2166 5060 1111111111111)
2188 4975 2293 5041 fusius
2315 4997 2408 5041 exse·

396 5075 433 5134 11
453 5066 580 5132 Paulus
601 5068 796 5131 nominatim
819 5067 980 5148 expressit
1003 5065 1159 5148 (Phil2,
1182 5065 1245 5150 13).
1291 5067 1378 5130 Nam
1430 5065 1554 5144 quitur,
1582 5065 1669 5148 quod
1689 5065 1848 5140 breviter,
1878 5063 1947 5125 eius
1969 5069 2078 5123 tamen
2099 5061 2224 5139 verbis,
2252 5063 2406 5126 referam:

395 5173 503 5238 quum
536 5151 685 5230 dixisset,
718 5153 829 5216 Deum
856 5174 926 5217 esse
954 5151 1009 5232 qui
1037 5152 1135 5214 officit
1162 5152 1197 5214 in
1226 5150 1317 5216 nobis
1345 5160 1378 5215 et
1430 5151 1571 5231 gratiam
1597 5150 1791 5233 persistendi
1817 5149 1853 5210 in
1880 5146 1965 5210 bono
1991 5144 2085 5211 Adae
2112 5148 2211 5212 fuisse
2240 5147 2349 5212 datam
2379 5146 2407 5208 11

393 5237 486 5306 velle
513 5246 547 5303 et
572 5240 741 5322 perficere,
770 5238 923 5301 continuo
945 5236 1104 5311 subdidit,
1131 5245 1307 5318 utrumque
1329 5239 1377 5302 la·
1429 5235 1543 5313 vellet;
1566 5238 1658 5300 nobis
1681 5235 1751 5298 dari
1774 5239 1810 5297 11
1826 5231 1973 5310 velimus,
1997 5252 2035 5296 ae
2052 5232 2221 5298 voluntate
2238 5231 2407 5312 concupis·

393 5347 473 5393 cere
495 5345 555 5408 pro
572 5325 657 5391 bona
673 5323 851 5400 voluntate,
874 5322 936 5385 hac
954 5320 1094 5384 dictione
1112 5324 1288 5404 gratmtam
1308 5345 1378 5389 esse
1431 5322 1572 5384 centiam
1595 5341 1793 5401 superemus
1838 5316 2003 5383 Habuisse
2026 5339 2102 5402 ergo
2124 5319 2218 5382 illum
2239 5337 2351 5398 posse,
2378 5315 2407 5378 si

391 5410 637 5494 benignitatem
669 5408 826 5474 indicans.
871 5405 926 5470 Ad
959 5405 993 5468 id
1023 5413 1133 5469 autem
1160 5408 1245 5488 quod
1272 5408 1378 5473 dicere
1431 5406 1544 5482 vellet:
1567 5404 1713 5469 sednon
1735 5402 1829 5481 velle,
1852 5411 1891 5467 ut
1912 5412 2034 5486 posset;
2062 5405 2154 5469 nobis
2177 5412 2209 5467 et
2231 5401 2314 5466 velle
2336 5398 2408 5463 dari

467 5684 499 5753 1)
516 5683 625 5737 Euchir.
644 5683 679 5736 ad
696 5685 776 5736 Laur.
795 5699 817 5735 1.
836 5679 877 5734 32.
1501 5676 1529 5740 1)
1550 5673 1603 5727 Sic.
1673 5673 1703 5741 2)
1722 5675 1807 5731 Serm.
1826 5676 1850 5731 2.
1870 5679 1897 5730 11
1915 5678 1991 5731 Oant.
2061 5677 2091 5744 3)
2110 5676 2173 5743 Cap.
2193 5672 2233 5726 12.
