5600 6809
358 708 363 719 “
393 741 454 804 su
1043 728 1309 797 msuruuo
1331 730 1438 796 uun.
1460 726 1642 795 enarer.
1667 732 1759 792 1559.
2336 729 2397 789 eu

394 924 578 990 obedientiae
606 942 683 986 suae
715 940 812 985 cursu
838 920 892 984 boc
920 919 1008 984 nobis
1029 918 1236 1000 praestitisse.
1284 916 1372 998 Quod
1424 922 1459 982 ut
1477 918 1597 998 faciam
1618 917 1804 981 uoluntatem
1824 921 1912 981 tuam
1931 916 2038 994 Durs5
2063 915 2138 993 aolc,
2167 915 2264 980 etlec
2284 920 2340 979 tua
2362 915 2398 979 iu

397 1009 496 1076 Pauli
541 1007 713 1072 testimonio
753 1004 913 1088 probatur.
972 1004 1237 1086 Quemadmodum
1274 1004 1372 1068 unius
1424 1004 1524 1067 medab
1551 1003 1654 1068 cordis
1680 1003 1756 1080 mei;
1789 1007 1859 1067 tanc
1884 1002 1971 1080 diui,
2005 1021 2067 1066 ecce
2095 1001 2190 1065 omia.
2235 998 2398 1066 Caeterum

393 1095 638 1177 tronspressione
649 1096 824 1174 putatores
840 1091 1021 1155 multisunt
1032 1090 1198 1168 constituti,
1216 1090 1261 1153 sic
1273 1089 1372 1152 unius
1424 1089 1501 1169 quia
1523 1109 1584 1153 nan
1600 1088 1666 1152 nisi
1686 1088 1722 1152 in
1742 1089 1897 1169 sacrificia
1915 1093 1943 1151 et
1961 1087 2122 1165 ablutione,
2139 1086 2252 1168 quibtus
2268 1087 2398 1168 enpian·

396 1180 567 1247 obediendia
591 1180 669 1243 iusti
692 1177 912 1243 constituimur
940 1176 1050 1259 (Rom.
1071 1180 1100 1254 5,
1122 1174 1186 1260 19).
1231 1174 1275 1239 Et
1295 1195 1372 1239 sane
1423 1178 1475 1238 tur
1490 1179 1627 1255 peccata,
1649 1173 1779 1253 quietem
1797 1175 1956 1255 reperiunt
1972 1173 2112 1255 trepidae
2129 1173 2337 1251 conscientiae,
2358 1172 2397 1236 il·

396 1266 474 1333 alibi
501 1285 630 1330 causam
657 1265 765 1328 auriae
793 1283 872 1343 quae
901 1282 957 1327 uos
984 1262 1094 1326 eximit
1119 1282 1141 1324 a
1161 1260 1373 1326 maledictione
1423 1260 1474 1325 lac
1494 1261 1603 1324 merito
1620 1259 1800 1341 diripiam,
1822 1261 1902 1324 etin
1922 1263 2017 1325 morte
2040 1257 2159 1325 Cluisti
2179 1258 2329 1323 statuitur
2345 1278 2399 1322 no-

395 1352 480 1435 lepis,
503 1351 636 1416 exundat
657 1349 700 1414 ad
720 1353 814 1413 utam
839 1346 957 1413 Christi
976 1349 1088 1411 mtam:
1104 1347 1159 1411 nbi
1175 1348 1257 1411 acuit
1271 1346 1373 1426 ploni·
1424 1346 1472 1410 bis
1493 1346 1574 1410 uitae
1595 1345 1736 1409 materia.
1774 1345 1875 1409 Porro
1896 1345 1973 1425 puio
1989 1364 2046 1409 nos
2062 1345 2236 1411 mdedictio
2254 1364 2293 1408 eu
2310 1349 2400 1408 reatu

395 1437 469 1502 tudo
486 1437 641 1518 temporis,
663 1436 751 1498 misit
771 1433 863 1498 Deras
878 1433 983 1515 filium
999 1454 1093 1498 saum
1107 1429 1227 1514 sadrcm
1247 1452 1285 1496 en
1306 1452 1372 1496 mu
1423 1431 1566 1495 umnebat
1587 1432 1630 1496 ad
1651 1431 1771 1496 coeleste
1792 1432 1857 1497 Dei
1882 1429 2035 1508 tibunal,
2052 1431 2161 1511 primo
2181 1431 2245 1495 bno
2266 1430 2402 1511 refertur

395 1523 478 1601 liere,
501 1523 667 1587 subudum
689 1521 756 1603 lepi,
776 1524 812 1583 ut
829 1540 879 1584 eos
900 1521 957 1601 qui
977 1520 1035 1584 sub
1056 1520 1118 1602 lepe
1138 1524 1227 1583 ararit
1243 1519 1372 1583 redime-
1423 1518 1586 1582 danuntio
1612 1536 1716 1582 uuam
1740 1518 1886 1597 praeside
1914 1515 2055 1582 Iudaeae
2083 1516 2193 1580 Pontia
2224 1515 2339 1593 Pilato,
2366 1520 2402 1579 ut
2433 1576 2441 1590 ,

396 1615 442 1674 ret
479 1608 553 1673 Gal.
573 1613 603 1685 4,
622 1605 666 1688 4).
713 1605 767 1669 lta
788 1606 823 1669 in
842 1606 911 1686 ipsa
928 1626 1047 1685 quoque
1063 1605 1214 1686 baptismo
1237 1605 1373 1669 asseruit
1422 1603 1575 1683 sciamus,
1601 1623 1748 1684 punam,
1780 1603 1833 1669 cui
1864 1622 1990 1667 eramus
2018 1601 2169 1681 obstricti,
2196 1601 2297 1683 fuisse
2318 1602 2401 1666 iusto

396 1608 523 1776 impleri
549 1693 687 1756 iustitiae
709 1696 835 1772 partem
861 1692 943 1773 quad
970 1691 1140 1756 obedienter
1154 1692 1264 1772 patris
1283 1709 1372 1755 man
1422 1688 1582 1767 inflictam.
1627 1687 1790 1754 Horribile
1811 1689 1876 1754 Dei
1903 1688 2057 1752 indicium
2085 1688 2218 1771 effnpere
2238 1708 2300 1752 nan
2316 1692 2401 1767 pote·

398 1781 507 1846 datum
521 1776 977 1861 peraperet(Matth.3,15).
1022 1777 1167 1858 Denique
1188 1797 1227 1840 eu
1249 1796 1307 1858 quo
1325 1777 1373 1840 in-
1424 1794 1552 1852 ramus,·
1578 1774 1707 1839 atinde
1728 1795 1785 1839 nos
1806 1776 1937 1855 eripuit
1959 1772 2118 1852 Christis,
2147 1794 2253 1839 coram
2279 1773 2403 1837 bomine

397 1865 466 1929 duit
482 1883 651 1945 personam
672 1863 763 1941 serui,
786 1863 883 1943 coepit
899 1863 942 1926 ad
957 1883 1014 1927 nas
1029 1863 1224 1928 redinnndas
1235 1862 1373 1945 pretium
1424 1861 1557 1940 mortali,
1587 1861 1649 1924 imo
1671 1861 1766 1924 etiam
1791 1861 1912 1926 scelesto
1931 1864 1959 1924 et
1976 1859 2113 1942 profano
2135 1861 2285 1925 damnari
2306 1859 2402 1924 sturm

397 1950 590 2015 liberationis
606 1950 729 2014 soluere.
777 1947 943 2028 Scriptura
966 1952 1077 2027 tamen,
1107 1969 1167 2029 quo
1189 1950 1303 2013 certius
1324 1947 1374 2011 de·
1424 1947 1501 2010 unit.
1548 1946 1656 2026 Neque
1677 1947 1760 2028 utun
1781 1948 1883 2011 salum
1911 1946 1954 2010 ad
1977 1947 2179 2012 astruendam
2196 1945 2345 2010 historiae
2364 1944 2403 2024 fi·

395 2035 489 2116 fieriu
514 2036 640 2100 madum
667 2035 795 2112 solutis,
823 2034 877 2098 boc
903 2035 996 2098 morti
1025 2032 1146 2099 Cluisti
1169 2035 1264 2115 quasi
1279 2053 1373 2113 pecu·
1425 2031 1494 2096 dern
1525 2033 1714 2113 exprimitur
1744 2052 1855 2098 mmen
1883 2032 2049 2114 praefecti,
2087 2034 2142 2097 sed
2173 2036 2209 2096 ut
2240 2032 2403 2097 discamus

397 2121 479 2186 liare
500 2141 536 2185 ac
546 2121 717 2202 proprium
735 2119 890 2184 adscribit.
936 2117 1129 2184 Pronuntiat
1145 2120 1213 2201 ipse
1230 2120 1373 2184 animam
1424 2117 1505 2198 oaod
1522 2118 1604 2183 docet
1625 2117 1752 2183 Iesaias
1773 2118 1839 2203 (53,
1860 2117 1904 2202 5),
1921 2118 2153 2200 castipationem
2163 2119 2258 2198 pacis
2275 2121 2403 2181 nostrae

396 2208 526 2272 sedare
548 2205 840 2286 inredemptionem
861 2224 922 2287 pra
947 2205 1058 2270 multis
1079 2204 1214 2289 (Matth.
1234 2209 1285 2284 20,
1304 2203 1370 2288 28).
1421 2203 1522 2284 fuisse
1543 2224 1636 2285 snper
1661 2224 1743 2282 eum,
1775 2204 1903 2284 eiusque
1931 2201 2027 2269 liuore
2058 2223 2115 2268 nos
2140 2203 2240 2285 fuisse
2262 2207 2401 2268 sanatos.

399 2292 524 2358 Paulus
555 2293 638 2356 docet
668 2296 822 2354 mortuum
853 2311 918 2355 esse
944 2296 1074 2373 propter
1106 2297 1233 2371 peccata
1264 2296 1372 2355 nostra
1425 2290 1533 2371 Nepae
1554 2291 1637 2354 euim
1657 2289 1807 2355 tobemae
1827 2290 2040 2354 damnationis
2057 2294 2182 2354 nostroe
2202 2308 2298 2353 causa
2320 2290 2403 2354 satis

396 2379 507 2463 (Rom.
527 2382 556 2455 4,
577 2375 642 2460 25).
690 2375 851 2440 Clamabat
869 2375 1005 2441 Ioannes
1021 2375 1180 2460 Baptista,
1203 2378 1309 2457 ipsum
1324 2398 1373 2440 ue-
1423 2383 1496 2440 erat
1530 2376 1710 2458 quamlibet
1736 2376 1825 2441 obire
1852 2383 2007 2454 mortem3
2047 2374 2118 2454 sed,
2153 2395 2216 2457 quo
2249 2374 2402 2458 redemp-

397 2465 482 2528 nisse
512 2464 553 2527 ad
580 2462 748 2527 tollendum
770 2467 897 2543 peccata
923 2463 1049 2541 mundi,
1077 2463 1153 2543 puio
1180 2483 1281 2546 opnns
1306 2463 1371 2528 Dei
1424 2462 1504 2526 tioni
1525 2469 1655 2527 nostrae
1682 2462 1887 2543 satisfaceret,
1916 2482 2022 2544 genus
2052 2461 2168 2526 mortis
2190 2459 2402 2544 deligendum

396 2555 474 2614 esset
495 2547 622 2632 (Ioanu.
646 2552 672 2625 1,
692 2547 758 2632 29).
802 2547 894 2612 Alibi
916 2548 1039 2613 Paulus
1057 2547 1167 2632 (Rom.
1187 2553 1216 2626 3,
1236 2548 1293 2630 24)
1316 2568 1371 2612 nos
1423 2548 1493 2626 fuit,
1525 2547 1561 2611 in
1593 2568 1656 2630 quo
1689 2554 1722 2611 et
1744 2547 1986 2612 damnationem
2020 2544 2061 2610 ad
2089 2569 2124 2612 se
2153 2545 2344 2626 traducens,
2368 2554 2402 2611 et

396 2634 565 2714 iustificari
585 2634 687 2716 pratis
708 2633 815 2711 tradit,
832 2654 893 2714 per
913 2634 1149 2715 redemptionum
1170 2654 1249 2714 quae
1271 2634 1372 2698 estin
1422 2633 1589 2716 piaculum
1610 2634 1646 2696 in
1668 2655 1703 2698 se
1724 2633 1894 2715 recipiens,
1917 2638 2054 2715 utaque
2076 2654 2135 2698 nos
2152 2632 2316 2697 liberaret.
2363 2630 2401 2698 Si

400 2719 532 2798 Christo,
554 2720 631 2799 quia
645 2720 828 2799 propositus
854 2725 899 2783 est
920 2719 1131 2784 reconciliator
1156 2722 1192 2784 in
1217 2740 1274 2784 suo
1299 2740 1371 2785 san·
1423 2739 1444 2782 a
1463 2718 1646 2784 latronibus
1669 2719 1836 2802 iugulatus
1863 2718 1993 2797 fuisset,
2016 2719 2069 2785 vel
2090 2718 2306 2782 tumultuarie
2328 2739 2401 2783 aaa

395 2807 499 2889 paine.
543 2803 637 2882 Item,
659 2824 716 2868 nos
742 2804 925 2885 iustificatos
951 2825 1016 2870 esse
1036 2807 1073 2869 in
1093 2826 1131 2871 so
1197 2807 1247 2870 ine
1267 2806 1373 2885 ipsius
1423 2825 1479 2869 sus
1501 2826 1560 2886 per
1578 2804 1771 2869 seditionem
1793 2804 1901 2888 vulgi,
1929 2805 1965 2867 iu
1988 2804 2146 2870 eiusmodi
2172 2810 2279 2868 morte
2307 2803 2401 2869 nulla

397 2890 651 2956 etreconciliatos
662 2909 724 2970 pcr
740 2895 868 2954 morum
885 2888 995 2973 (Rom.
1017 2894 1045 2968 5,
1059 2890 1103 2975 9).
1170 2912 1299 2956 ursum:
1316 2893 1372 2972 qui
1423 2890 1656 2956 satisfaetionis
1689 2891 1813 2973 species
1846 2890 2033 2955 exstitisset
2078 2891 2205 2954 Verum
2236 2890 2292 2954 ubi
2321 2910 2400 2955 reus

392 2981 554 3059 puratum
574 2995 637 3041 non
664 2981 800 3053 maeret,
822 2996 884 3056 pro
905 2975 993 3040 nobis
1017 2976 1121 3057 sactus
1142 2983 1187 3042 est
1201 2982 1372 3059 peccatum,
1423 2975 1465 3040 ad
1487 2976 1632 3041 tribunal
1654 2977 1794 3053 sistitur,
1822 2976 2018 3042 testimoniis
2045 2976 2196 3058 arguitur
2222 2983 2256 3039 et
2275 2975 2399 3058 premi·

396 3067 432 3126 ut
452 3081 588 3126 essemus
607 3061 732 3124 iustitio
759 3061 825 3125 Dei
851 3062 887 3125 in
913 3062 968 3128 illo
990 3061 1025 3146 (2
1044 3061 1118 3128 Cor.
1140 3067 1168 3142 5,
1187 3057 1252 3147 21).
1297 3062 1372 3128 Non
1422 3069 1486 3138 tur,
1509 3063 1612 3145 ipsius
1630 3061 1747 3127 iudicis
1766 3081 1822 3126 ore
1838 3063 1937 3127 morti
1958 3061 2126 3140 addicitur,
2149 3061 2201 3126 his
2223 3060 2399 3126 documen-

397 3148 504 3212 omnia
524 3166 715 3227 persequar,
743 3147 821 3227 quia
847 3147 1019 3213 iuunensus
1045 3154 1124 3214 esset
1143 3148 1317 3232 catalopus,
1344 3154 1372 3213 et
1422 3147 1466 3212 tis
1478 3146 1694 3232 intelligimus
1710 3149 1819 3230 ipsum
1836 3167 2008 3230 personam
2020 3148 2118 3212 sontis
2134 3152 2162 3212 et
2177 3146 2309 3227 mdefici
2325 3166 2398 3210 sus-

396 3232 495 3297 multa
516 3232 625 3297 danda
653 3252 710 3295 sua
739 3232 847 3297 ordine
875 3233 1002 3298 odanda
1023 3240 1119 3300 erunt
1167 3233 1372 3316 Quamobrem
1423 3234 1536 3299 tinere.
1581 3234 1692 3317 Atque
1722 3234 1776 3299 hia
1804 3233 1869 3298 duo
1889 3233 2027 3298 notanda
2053 3240 2133 3299 sunt
2153 3252 2235 3314 quae
2261 3240 2295 3297 et
2321 3252 2400 3315 pra-

356 3366 359 3372 -
396 3318 433 3384 in
448 3317 581 3400 spmbolo
596 3317 672 3398 fidei
689 3317 769 3397 quad
786 3319 990 3398 apostolicum
1005 3325 1120 3400 cocant
1135 3322 1247 3403 optimo
1264 3321 1372 3385 ordine
1421 3320 1596 3402 phetarum
1619 3319 1783 3385 vaticiniis
1809 3316 1976 3401 praedicta
1999 3327 2104 3398 erant,
2133 3326 2166 3384 et
2182 3318 2337 3383 eximiam
2360 3319 2399 3383 fi-

395 3405 503 3470 statim
524 3402 727 3468 aparatibus
750 3402 870 3468 Cbristi
893 3403 931 3484 pr
957 3408 1112 3471 transitus
1134 3408 1177 3471 ad
1197 3411 1323 3471 martem
1343 3411 1372 3470 et
1422 3403 1476 3470 dei
1493 3404 1746 3483 consolationem
1763 3413 1797 3469 et
1813 3405 2094 3470 confirmationem
2110 3406 2252 3487 affuunt.
2285 3402 2398 3484 Quum

395 3491 661 3567 resurrectionem,
690 3488 745 3552 ubi
770 3489 927 3570 perfectae
946 3493 1062 3557 salutis
1082 3512 1206 3557 uunma
1224 3492 1369 3557 consistit.
1421 3491 1513 3557 enim
1534 3489 1708 3556 Christum
1735 3490 1888 3578 andimus
1910 3512 1930 3554 a
1958 3488 2075 3556 iudicis
2092 3490 2172 3556 solio
2195 3489 2238 3556 ad
2260 3498 2399 3555 mortem

397 3576 505 3657 Neque
524 3581 627 3639 tomen
650 3575 825 3639 recluditur
849 3576 973 3658 reliqua
991 3599 1074 3658 pars
1099 3579 1286 3644 dedieuioe
1306 3598 1370 3659 qua
1422 3575 1609 3655 dimissum,
1638 3577 1726 3641 inter
1752 3577 1898 3641 latrones
1920 3597 2217 3664 essesuspensum,
2240 3577 2401 3641 habemus

395 3661 560 3743 Mundus
585 3665 629 3724 est
656 3660 690 3723 in
717 3661 797 3724 aito:
829 3661 922 3726 siurti
950 3661 1076 3728 Paulus
1103 3663 1205 3749 (Phil.
1225 3667 1254 3742 2,
1274 3666 1308 3748 7)
1331 3664 1370 3729 ab
1421 3662 1696 3745 eomplementum
1717 3662 1788 3727 eius
1809 3662 2000 3745 prophetiae
2022 3683 2105 3745 quae
2133 3662 2174 3727 ab
2197 3661 2401 3744 evangelista

397 3748 488 3811 initio
509 3746 553 3809 ad
571 3744 664 3824 {inem
683 3766 781 3827 usque
800 3751 896 3812 totam
915 3748 1150 3830 consprebendit,
1171 3751 1253 3831 quad
1272 3770 1306 3815 se
1322 3750 1370 3830 ip
1421 3749 1556 3826 citatur,
1595 3749 1683 3813 inter
1720 3748 1850 3830 iniquos
1889 3756 2060 3831 reputatus
2089 3757 2141 3814 est
2173 3748 2251 3832 (Ies.
2272 3751 2322 3826 53,
2345 3751 2398 3826 11,

395 3852 467 3898 sum
487 3832 691 3910 exinanierit,
720 3832 826 3913 forma
847 3835 930 3898 serui
951 3838 1086 3915 accepta,
1119 3841 1147 3899 et
1161 3836 1252 3916 patri
1270 3835 1370 3916 fuerit
1419 3832 1673 3918 Mare.15,28).
1708 3833 1777 3898 Cur
1798 3833 1908 3899 istud?
1932 3855 2050 3916 nempe
2066 3841 2105 3899 ut
2121 3834 2308 3917 portatoris,
2332 3853 2398 3897 non

395 3917 539 3983 obediens
559 3937 657 3998 usque
677 3917 721 3982 ad
741 3923 877 3998 marten,
898 3939 1005 4001 nempe
1025 3926 1152 3986 mortem
1173 3921 1284 3985 uncis.
1322 3920 1368 3985 Et
1419 3920 1497 3985 insti
1519 3927 1577 3983 ant
1596 3918 1754 3998 insontis,
1782 3921 1871 3986 vises
1892 3920 2010 3985 obiret:
2044 3920 2122 4002 quia
2148 3940 2216 3986 non
2242 3920 2398 3984 innocen-

393 4023 470 4068 sane
491 4003 619 4082 inipso
644 4023 763 4084 quoque
781 4005 926 4086 primum
948 4007 1085 4088 pradum
1110 4012 1237 4088 ocupa
1257 4008 1367 4072 aolnn-
1418 4005 1497 4083 tiae,
1526 4004 1584 4070 sed
1604 4006 1728 4087 peooati
1750 4027 1850 4071 causa
1870 4013 2012 4071 mortem
2036 4004 2218 4090 oppetebat
2264 4003 2395 4080 Contra,

394 4088 660 4187 tariasubiectio:
682 4090 759 4170 puio
782 4089 826 4153 ad
846 4091 1004 4155 iustitiam
1024 4091 1107 4157 nibil
1124 4093 1296 4192 prasumat
1316 4113 1367 4158 sa·
1418 4092 1474 4157 ubi
1491 4089 1647 4191 audimus
1666 4091 1781 4156 eodem
1794 4113 1865 4191 ‘quo
1883 4091 2057 4156 damnatus
2069 4092 2132 4156 sirit
2143 4113 2199 4156 ors
2211 4089 2396 4187 absolutum

393 4173 554 4326 tttl.
569 4179 768 4325 'tillim
779 4174 1368 4345 tttaut‘fftttmt‘tut
1418 4176 2397 4348 tumst&tittltttttttttttttutdt

392 4366 481 4412 nemo
512 4345 591 4410 tollit
622 4366 691 4411 eam
723 4367 745 4408 a
777 4366 825 4411 me
856 4348 926 4429 ipso
958 4346 1243 4434 (Ioann.10,18).
1420 4347 1507 4432 quod
1534 4355 1585 4414 est
1611 4347 1699 4432 apud
1725 4348 1866 4414 alterum
1897 4350 2106 4434 prophetam:
2138 4367 2221 4430 quae
2248 4366 2313 4409 non
2342 4365 2397 4409 ra·

392 4452 486 4497 sensu
509 4430 635 4496 lesaias
646 4431 722 4581 253,
743 4431 777 4517 7)
799 4432 876 4497 dicit
894 4433 1083 4514 obmutuisse
1099 4436 1204 4501 instar
1225 4438 1301 4519 apni
1322 4456 1368 4502 co-
1419 4445 1536 4518 puerat
1564 4434 1743 4500 exsolvisse
1766 4434 1868 4519 (Psal.
1889 4440 1946 4514 69,
1967 4433 2011 4520 5).
2055 4435 2164 4516 Atque
2191 4432 2239 4496 ita
2265 4437 2299 4494 et
2319 4452 2397 4513 pee-

393 4538 466 4582 ram
486 4521 612 4582 tonsore.
674 4517 692 4581 't
707 4516 840 4583 bistaria
857 4521 1032 4603 eoanpelioa
1048 4521 1144 4602 refert
1159 4522 1280 4586 obuiam
1290 4542 1368 4604 pro-
1420 4521 1538 4586 oatoris
1561 4520 1774 4602 sceleratique
1800 4541 1974 4603 personam
1993 4521 2030 4584 in
2051 4519 2183 4584 Christo
2204 4537 2398 4599 repraesen-

394 4603 491 4667 diisse
516 4603 684 4682 militibus,
710 4608 739 4668 et
765 4622 870 4669 coram
898 4605 1019 4684 Pilato,
1046 4609 1163 4673 omissa
1185 4608 1367 4689 defensione,
1419 4614 1524 4671 tetam
1535 4607 1733 4685 intuebimur,
1755 4606 1966 4673 etreluseute
1977 4604 2173 4683 munientia,
2194 4603 2400 4684 conspiuium

393 4689 510 4754 stetisse
543 4690 586 4753 ad
621 4689 816 4754 subeundum
852 4691 1014 4756 iudicimn.
1071 4693 1145 4758 Non
1176 4694 1212 4759 id
1243 4693 1369 4775 quidun
1419 4692 1516 4757 simul
1540 4693 1607 4773 bet,
1636 4692 1742 4756 alieno
1765 4693 1875 4775 potius
1899 4711 1998 4774 quam
2023 4690 2154 4774 proprio
2176 4690 2299 4755 seelere
2322 4710 2399 4771 gra·

394 4775 509 4855 absque
524 4776 705 4855 notamine,
726 4776 803 4857 quia
823 4775 1065 4857 dinbrmitates
1084 4779 1217 4845 nostras
1230 4799 1368 4860 ansepe-
1419 4787 1542 4845 vatum.
1586 4776 1710 4843 Passus
1733 4799 1811 4862 ergo
1833 4785 1884 4844 est
1904 4777 1964 4842 sub
1984 4776 2104 4842 Pontio
2122 4775 2246 4853 Pilato,
2270 4774 2400 4859 solenni

299 4938 310 4954 .
393 4866 452 4936 rat,
475 4864 502 4924 et
522 4859 577 4924 boc
597 4860 684 4924 moda
699 4862 834 4943 probari
850 4865 987 4943 oportuit
1002 4865 1085 4946 quod
1096 4865 1189 4947 patri
1206 4886 1262 4931 suo
1273 4886 1368 4947 prae·
1418 4861 1579 4948 praesidis
1600 4864 1763 4927 sententia
1789 4864 1825 4928 in
1847 4862 2057 4929 scelestarum
2077 4882 2255 4927 numerum
2276 4861 2324 4923 ita
2346 4881 2399 4924 re-

393 4944 495 5009 stabat
521 4944 707 5026 obsequium.
751 4947 795 5011 Et
826 4946 881 5013 boc
907 4969 969 5013 nan
996 4950 1122 5032 arilpare
1154 4950 1218 5032 fuit
1249 4953 1368 5016 amoris
1418 4950 1520 5027 latns;
1549 4969 1656 5031 neque
1683 4950 1729 5015 sie
1757 4957 1870 5014 tamen
1898 4947 1979 5032 quin
2007 4947 2113 5013 iustus
2142 4948 2184 5013 ab
2205 4948 2276 5030 ipso
2298 4945 2400 5011 simul

394 5050 467 5112 erpa
488 5050 544 5094 nos
571 5031 824 5113 incomparabilis
846 5035 1014 5116 specimen,
1046 5037 1159 5101 luctari
1175 5055 1246 5100 urm
1266 5036 1367 5101 barri
1418 5035 1656 5118 pronuntietur,
1680 5034 1759 5099 dum
1781 5036 1923 5100 affirmat
1943 5033 2071 5099 nullam
2088 5056 2124 5100 se
2144 5034 2179 5098 in
2198 5055 2236 5098 eo
2248 5033 2399 5097 invenire
2469 5086 2472 5093 .

393 5116 452 5180 bili
470 5114 652 5196 formidine,
681 5123 709 5183 et
736 5119 817 5185 inter
842 5121 930 5187 diros
955 5120 1026 5186 illas
1051 5123 1208 5187 undatim
1236 5122 1368 5187 abiicere
1418 5119 1702 5207 oausam(10ann.
1735 5125 1791 5199 18,
1819 5118 1883 5205 38).
1929 5118 2018 5186 Haec
2042 5125 2152 5186 nostra
2177 5119 2329 5185 absolutio
2353 5122 2400 5182 aa

393 5202 446 5266 sui
467 5221 586 5280 curam,
611 5207 646 5266 ut
671 5204 759 5269 nabis
785 5205 960 5271 consideret.
1005 5205 1100 5272 Illud
1121 5207 1245 5287 quiden
1266 5213 1366 5272 tenen-
1418 5207 1501 5289 quod
1522 5206 1557 5270 in
1577 5212 1670 5286 caput
1689 5206 1755 5287 filii
1774 5206 1840 5272 Dei
1859 5206 2036 5272 translatus
2056 5211 2100 5272 est
2120 5211 2241 5284 reatus,
2265 5204 2321 5286 qui
2342 5223 2400 5269 nos

392 5288 468 5353 dum
500 5292 553 5367 est,
584 5308 646 5353 non
671 5291 814 5372 potuisse
838 5292 899 5356 rite
921 5291 989 5357 Deo
1017 5293 1108 5358 aliter
1134 5292 1238 5371 litari,
1270 5313 1367 5374 quom
1417 5291 1534 5357 nutu
1558 5313 1691 5373 paenae
1706 5293 1858 5359 amatae
1909 5293 1997 5358 Nam
2024 5293 2099 5358 baec
2125 5290 2330 5372 compensatio
2362 5290 2400 5353 in

392 5373 468 5440 dum
482 5375 616 5458 proprio
636 5395 669 5441 se
690 5376 800 5458 affectu
816 5376 966 5443 abduans
985 5375 1129 5444 Cbristus
1149 5379 1241 5445 illius
1261 5399 1295 5444 se
1311 5400 1365 5444 ar·
1413 5378 1534 5460 primis
1555 5379 1685 5444 tenenda
1706 5384 1764 5459 est,
1790 5399 1830 5444 ne
1857 5381 2049 5461 trepidemus
2069 5381 2160 5459 atque
2180 5376 2275 5439 annii
2295 5375 2400 5441 umus

393 5459 484 5525 bitrio
505 5460 646 5549 seducit,
674 5465 826 5542 totumque
855 5463 989 5528 addixit.
1036 5464 1137 5544 Qunam
1159 5465 1288 5529 adrem
1310 5487 1366 5546 ap-
1417 5469 1480 5530 tata
1501 5464 1582 5543 nita,
1610 5485 1647 5530 ac
1674 5464 1705 5529 si
1733 5463 1821 5529 nabis
1840 5465 1972 5531 instaret
1992 5466 2077 5530 iusta
2098 5461 2163 5526 Dei
2183 5461 2271 5540 ultio,
2301 5480 2400 5542 mnam

386 5547 488 5626 posite
506 5548 714 5615 testimonium
733 5547 814 5612 illud
832 5547 959 5613 Psalmi
979 5551 1054 5614 citat
1075 5550 1230 5631 apostolus
1246 5550 1364 5635 (Hebr.
1417 5552 1454 5616 in
1472 5571 1506 5616 se
1525 5550 1688 5616 transtulit
1709 5549 1774 5615 Dei
1791 5550 1888 5630 pilius.

396 5635 445 5706 10,
466 5635 499 5710 5,
521 5632 609 5696 Psal.
629 5637 680 5710 40,
701 5632 751 5715 9).·
773 5633 810 5696 in
826 5633 904 5698 libro
923 5635 1000 5718 lepis
1020 5636 1171 5716 scriptum
1191 5641 1234 5701 est
1256 5637 1295 5702 de
1317 5658 1366 5703 me
1505 5640 1534 5701 6.
1574 5636 1703 5721 lamet
1724 5637 1795 5718 ipsa
1816 5636 1932 5700 mortis
1953 5633 2075 5716 species
2094 5632 2217 5716 insigni
2238 5632 2398 5716 mysterio
