5600 6809
422 743 487 804 583
774 806 776 815 ,
980 784 987 795 .
1076 731 1341 801 INsulrurlo
1364 734 1470 798 REL.
1493 732 1673 799 CHRIST.
1700 737 1815 797 1559..
2372 739 2436 801 584

430 927 559 1014 quoad
586 926 747 991 iustitiam
774 925 1035 1009 consequendam
1054 945 1121 1007 ,nos
1148 925 1253 1001 iuvet,
1283 921 1340 986 sed
1369 927 1408 985 ut
1460 921 1545 1005 (Cel.
1568 921 1685 1005 1,13),
1716 929 1749 986 et
1777 921 1900 986 similes
1928 922 2126 986 innumerae.
2172 921 2248 986 Non
2269 923 2357 986 enim
2378 930 2437 987 aut

430 1016 501 1099 ipse
533 1014 576 1078 sit
607 1019 721 1077 nostra
752 1012 878 1076 iustitia
910 1011 942 1095 (l
964 1011 1038 1076 Cor.
1066 1015 1093 1088 1,
1121 1013 1186 1094 30).
1240 1007 1407 1072 Nimirum
1459 1007 1697 1089 comparandae
1717 1008 1875 1085 iustitiae,
1899 1015 1956 1071 aut
1978 1006 2093 1071 salutis
2116 1014 2245 1072 tantum
2267 1009 2436 1090 acquiren-

432 1099 519 1183 quod
540 1100 575 1162 in
597 1098 667 1180 ipso
686 1098 779 1162 electi
797 1119 911 1162 sumus
930 1098 969 1161 ab
988 1096 1180 1160 aeternitate
1199 1100 1275 1158 ante
1292 1091 1407 1157 mundi
1460 1093 1521 1169 dae
1537 1093 1727 1158 facultatem
1744 1092 1808 1157 fide
1827 1092 1952 1158 Uhristi
1969 1093 2137 1175 obtingere
2159 1093 2357 1176 significant,
2379 1094 2436 1159 sed

432 1185 712 1261 constitutionem,
743 1183 834 1247 nulle
856 1189 968 1248 nostro
989 1182 1120 1259 merito,
1149 1180 1206 1244 sed
1229 1178 1408 1245 seeundum
1461 1186 1635 1262 utrumque
1670 1178 1763 1243 nobis
1803 1178 1925 1242 donari.
1969 1178 2113 1247 Proinde
2149 1179 2343 1262 simulatque
2380 1202 2438 1263 per

432 1272 536 1337 divim
558 1269 751 1351 beneplaciti
774 1270 991 1352 propositum;
1019 1265 1105 1350 quod
1126 1267 1196 1331 eius
1217 1271 1324 1329 morte
1345 1264 1408 1345 ipsi
1460 1264 1558 1328 fidem
1580 1265 1724 1329 insertus
1746 1287 1781 1330 εε
1803 1263 1951 1341 Christe,
1985 1264 2052 1327 iam
2072 1264 2159 1329 fflius
2180 1264 2244 1329 Dei
2265 1267 2371 1331 factus
2392 1288 2436 1343 es,

433 1357 588 1423 amerus
611 1354 817 1419 damnatione
839 1353 999 1436 redempti
1028 1374 1065 1417 ac
1093 1352 1223 1417 hberati
1252 1373 1271 1414 a
1300 1348 1408 1433 perdi·
1461 1349 1625 1415 coelorum
1643 1351 1768 1429 haeres,
1792 1350 1935 1415 iustitiae
1956 1351 2127 1432 particeps,
2149 1350 2236 1415 vitae
2257 1372 2435 1433 possessor3
2462 1419 2466 1424 ,

432 1445 521 1507 tione
549 1462 675 1519 sumus,
704 1440 789 1522 quod
809 1441 844 1502 in
867 1440 936 1522 ipso
965 1439 1109 1521 adoptati
1131 1458 1245 1502 sumus
1267 1437 1304 1500 in
1325 1435 1409 1499 filios
1462 1458 1500 1500 ae
1522 1435 1600 1520 (quo
1628 1436 1745 1501 melius
1773 1456 1885 1500 eorum
1913 1435 2085 1500 mendacia
2112 1436 2347 1518 coarguantur)
2370 1459 2437 1501 non

433 1536 467 1594 ει
487 1526 645 1591 haeredes
667 1548 687 1590 a
710 1534 804 1610 patre
831 1525 977 1604 eoelesti3
1005 1523 1090 1606 qued
1117 1545 1177 1607 per
1200 1523 1305 1605 ipsius
1333 1543 1409 1587 san·
1462 1521 1598 1604 adeptus
1619 1521 1767 1587 merendi
1788 1522 2079 1604 opportunitatem,
2102 1521 2160 1585 sed
2181 1523 2291 1587 omnia
2312 1521 2437 1588 Christi

432 1607 567 1697 guinem
590 1612 665 1676 huic
687 1632 799 1675 sumus
821 1610 1035 1688 reeoneiliati;
1068 1609 1154 1692 quod
1175 1609 1224 1673 illi
1244 1609 1280 1673 in
1301 1614 1409 1673 eusto-
1460 1609 1588 1686 merita,
1611 1606 1773 1691 siquidem
1795 1607 1854 1672 tibi
1875 1607 2181 1673 communicantur(
2477 1617 2479 1619 ’

433 1698 521 1763 diam
544 1697 612 1761 dati
629 1696 784 1779 pereundi
803 1694 1038 1779 excidendique
1055 1695 1200 1777 periculo
1218 1694 1408 1771 eximimur;
1549 1698 1577 1757 7.
1622 1694 1675 1758 Ita
1708 1694 1896 1759 sorbonieae
1928 1693 2073 1771 scholae,
2109 1713 2260 1757 errorum
2291 1695 2438 1758 omnium

433 1783 519 1868 quod
537 1783 585 1847 illi
605 1784 651 1846 ita
667 1783 790 1860 inserti,
813 1783 879 1846 iam
896 1782 984 1846 vitae
1002 1788 1154 1846 aeternae
1171 1777 1409 1864 quodammodo
1461 1788 1598 1858 matres,
1621 1780 1885 1844 iustificationem
1904 1778 1990 1855 fidei,
2012 1799 2095 1860 quae
2114 1779 2245 1860 pietatis
2267 1790 2317 1846 est
2338 1781 2438 1845 totius

432 1890 547 1935 sumus
569 1869 751 1951 participes,
773 1869 809 1931 in
831 1888 969 1951 regnum
989 1867 1054 1931 Dei
1075 1888 1135 1949 per
1156 1887 1247 1948 spem
1268 1864 1409 1949 ingressi
1461 1886 1603 1944 summa,
1626 1866 1718 1930 nohis
1741 1865 1954 1930 sustulerunt
1988 1863 2153 1928 Fateatur
2173 1864 2305 1947 quidem
2327 1866 2436 1942 verbo,

481 1950 1279 2038 ph.l,4;001.1,14.20;10ann.10,2aetc.).
1324 1950 1410 2015 Nee·
1461 1951 1631 2016 iustificari
1651 1950 1716 2015 fide
1736 1952 1875 2015 formata
1897 1950 2077 2028 hominem,
2106 1949 2164 2014 sed
2191 1948 2226 2013 id
2252 1960 2366 2033 postea
2386 1953 2437 2015 iu·

456 2063 513 2105 um
535 2040 622 2104 finis:
654 2038 738 2122 quod
767 2039 869 2103 talem
896 2040 966 2102 eius
987 2039 1269 2120 participationem
1291 2035 1408 2118 adepti,
1461 2042 1699 2119 terpretantur‚
1726 2038 1881 2120 quoniam
1902 2055 1923 2099 a
1943 2035 2008 2100 fide
2029 2036 2153 2100 habent
2173 2037 2260 2101 bona
2281 2057 2380 2119 opera
2401 2046 2438 2100 ut

433 2135 598 2208 uteunque
624 2126 726 2190 simus
753 2124 860 2189 adhue
885 2124 919 2188 in
948 2124 1043 2189 nobis
1075 2124 1182 2201 stulti,
1215 2124 1284 2205 ipse
1316 2121 1410 2186 nobis
1463 2121 1505 2187 ad
1525 2124 1685 2187 iustitiam
1707 2122 1840 2187 valeant
1847 2146 1855 2201 ;
1883 2127 1922 2186 ut
1942 2142 2046 2204 paene
2067 2143 2126 2204 per
2147 2121 2326 2186 ludibrium
2348 2120 2437 2185 vide

434 2233 544 2279 coram
566 2211 638 2275 Deo
660 2211 820 2293 sapientia
841 2217 904 2289 est3
934 2216 973 2273 ut
993 2217 1179 2292 peccatores
1201 2209 1317 2286 simus,
1340 2208 1410 2289 ipse
1463 2214 1562 2272 antur
1593 2208 1764 2273 nominare
1794 2206 1908 2287 fidem,
1941 2208 2019 2289 qnia
2050 2208 2121 2293 sine
2153 2208 2281 2291 ingenti
2313 2207 2438 2271 invidia

434 2298 527 2363 nobis
545 2297 683 2374 iustitia;
705 2304 743 2359 ut
759 2295 920 2360 immundi
938 2297 1047 2373 simus,
1070 2296 1140 2377 ipse
1157 2294 1250 2358 nobis
1268 2293 1409 2376 puritas,
1462 2294 1551 2359 sileri
1569 2316 1636 2359 nou
1654 2300 1790 2376 poterat,
1809 2315 1911 2377 quum
1928 2293 2025 2359 toties
2042 2313 2063 2356 a
2082 2294 2244 2375 scriptura
2260 2300 2435 2376 repetatin.

432 2391 472 2460 ut
503 2382 628 2447 infirmi
659 2382 776 2460 simus,
809 2389 846 2444 ut
873 2382 1014 2446 inermes
1041 2386 1075 2445 et
1101 2387 1233 2445 satanae
1260 2378 1409 2460 expositi,
1461 2379 1611 2445 Necdum
1637 2380 1736 2447 etiam
1764 2380 1922 2458 contenti,
1949 2379 1986 2443 in
2006 2379 2103 2444 laude
2124 2379 2284 2444 bonorum
2303 2400 2438 2461 operum

433 2476 547 2533 nostra
568 2476 679 2531 tamen
701 2474 751 2532 est
772 2488 855 2549 quae
881 2467 943 2549 ipsi
969 2466 1046 2530 data
1067 2475 1118 2529 est
1145 2465 1298 2533 incoelo
1321 2470 1355 2528 et
1374 2464 1410 2528 in
1462 2466 1533 2530 Deo
1572 2466 1778 2531 suffurantur
1816 2464 1904 2548 quod
1942 2464 1984 2529 ad
2022 2465 2189 2529 hominem
2228 2466 2436 2531 mandarant.

432 2561 522 2619 terra
543 2561 701 2636 potestas,
731 2574 796 2636 qua
816 2572 877 2636 pro
899 2553 993 2617 nobis
1013 2560 1162 2617 satanam
1185 2555 1347 2628 conterat,
1377 2556 1410 2613 ει
1462 2549 1550 2633 Quia
1571 2551 1685 2617 vident
1705 2573 1823 2635 parum
1840 2550 1951 2616 valere
1970 2550 2012 2615 ad
2034 2551 2201 2616 hominem
2223 2550 2437 2616 attollendum

432 2641 612 2704 inferorum
632 2645 742 2721 portas
760 2639 957 2722 confringat;
978 2646 1016 2701 ut
1033 2632 1280 2720 corpus‘mortis
1301 2634 1410 2700 adhue
1461 2635 1547 2702 bona
1575 2657 1689 2720 opera,
1721 2659 1759 2702 ac
1786 2658 1828 2701 ne
1856 2637 1973 2701 merita
2000 2636 2133 2719 quidem
2160 2638 2436 2719 proprievoeari,

432 2724 603 2789 nobiseum
623 2725 900 2802 circumferamus,
923 2725 992 2806 ipse
1013 2729 1125 2788 tamen
1144 2722 1238 2786 nobis
1260 2722 1328 2786 vita
1349 2728 1408 2786 εει
1462 2723 1490 2786 si
1512 2722 1642 2787 divinae
1670 2724 1795 2806 gratiae
1820 2723 1948 2788 fruetus
1974 2729 2185 2801 censeantur,
2212 2744 2255 2787 ex
2282 2724 2316 2787 vi
2343 2723 2438 2788 liberi

432 2810 586 2875 Breviter
608 2809 694 2893 qnod
715 2811 825 2874 omnia
845 2809 935 2873 illius
962 2815 1077 2874 nostra
1105 2815 1197 2886 sunt,
1226 2813 1260 2872 et
1284 2827 1344 2871 nos
1373 2808 1410 2871 in
1461 2807 1588 2873 arbitrii
1617 2829 1655 2873 ea
1681 2809 1832 2888 eliciunt,
1864 2807 1973 2874 oleum
2005 2808 2127 2874 seilicet
2153 2831 2193 2874 ex
2228 2807 2343 2890 lapide.
2387 2809 2437 2872 Ac

432 2894 488 2960 illo
511 2896 620 2960 omnia
641 2895 814 2974 habemus,
837 2896 871 2958 in
890 2895 984 2959 nobis
1006 2895 1097 2959 nihil.
1143 2892 1253 2977 Super
1273 2894 1335 2957 hoe
1356 2893 1408 2956 in·
1460 2894 1673 2977 principalem
1694 2894 1826 2977 quidem
1848 2897 1981 2960 eausam
2007 2895 2043 2958 in
2070 2895 2177 2978 gratia
2198 2915 2268 2959 esse
2290 2915 2356 2958 non
2377 2915 2435 2957 ne·

432 3003 532 3063 quam
552 2980 806 3048 fundamentum
828 2980 993 3045 aedificari
1015 3001 1075 3045 nos
1097 2979 1264 3058 convenit,
1295 2979 1324 3044 si
1351 3000 1408 3045 vo-
1460 2988 1555 3064 gant3
1578 2978 1694 3045 sedeo
1716 2988 1828 3045 tamen
1845 2979 2048 3047 contendunt
2065 3002 2132 3044 nen
2149 2978 2278 3046 excludi
2294 2979 2435 3044 liberum

431 3066 598 3131 lemusin
619 3065 778 3148 templum
799 3066 942 3130 Domino
964 3074 1115 3132 sanetum
1137 3086 1289 3131 crescere.
1461 3067 1649 3145 arbitrium,
1677 3087 1737 3149 per
1763 3064 1848 3149 quod
1869 3066 1913 3132 sit
1934 3086 2031 3131 omne
2058 3066 2220 3131 meritum.
2263 3065 2378 3146 Neque
2400 3063 2435 3128 id

520 3155 549 3215 6.
597 3152 644 3214 At
676 3151 772 3236 longe
805 3152 900 3216 aliter
931 3151 1127 3235 iampridem
1157 3152 1326 3216 institutus
1359 3156 1409 3215 est
1460 3150 1595 3217 tradunt
1615 3153 1809 3236 posteriores
1831 3151 1927 3217 modo
1948 3152 2126 3235 sophistae,
2156 3150 2213 3216 sed
2233 3172 2347 3216 eorum
2366 3151 2435 3235 Py-

431 3236 528 3303 orbis.
578 3237 725 3321 Reperta
763 3245 842 3302 sunt
880 3237 1017 3302 moralia
1054 3237 1163 3302 neseio
1202 3257 1284 3319 quae
1321 3237 1409 3302 bona
1460 3237 1615 3322 thagoras
1647 3236 1870 3316 Lombardus3
1888 3237 1912 3323 ¹)
1947 3258 2045 3321 quem
2076 3237 2105 3302 si
2136 3257 2212 3302 oum
2243 3237 2315 3302 istis
2348 3257 2435 3301 oom-

432 3340 538 3407 opera,
562 3323 679 3405 quihus
701 3323 835 3407 gratiosi
851 3321 923 3386 Deo
944 3320 1124 3387 reddantur
1146 3321 1294 3387 homines
1316 3329 1408 3386 ante-
1460 3344 1569 3406 pares,
1603 3344 1721 3388 sanum
1753 3330 1787 3388 et
1816 3323 1961 3387 sobrium
1987 3344 2058 3389 esse
2085 3323 2182 3389 dieas.
2227 3323 2334 3388 Mimo
2360 3343 2435 3404 pro-

433 3430 533 3492 quam
566 3408 699 3474 Ohristo
733 3409 929 3473 inserantur.
985 3407 1088 3488 Quasi
1119 3429 1198 3474 vero
1229 3408 1409 3472 mentiatur
1460 3409 1545 3474 fecto
1577 3411 1743 3475 caecitatis
1775 3409 1854 3489 fuit,
1886 3431 1987 3492 quum
2014 3408 2241 3491 Augustinum
2272 3410 2369 3472 toties
2401 3409 2436 3472 in

432 3495 595 3577 scriptura
627 3516 729 3577 quum
762 3493 854 3572 dicit,
893 3495 930 3557 in
962 3502 1070 3559 morte
1105 3516 1175 3559 esse
1208 3514 1320 3558 omnes
1352 3493 1408 3576 qui
1461 3515 1517 3559 ore
1549 3495 1700 3575 haberet,
1734 3516 1800 3559 non
1832 3494 1954 3560 vidisse
1988 3502 2112 3577 quanta
2139 3494 2355 3560 sollieitudine
2385 3495 2436 3558 vir

431 3580 539 3646 filium
555 3601 622 3644 non
643 3579 847 3663 possederint
864 3579 896 3664 (l
911 3579 1024 3644 Ioann.
1039 3586 1067 3659 5,
1083 3581 1146 3664 12).
1187 3578 1226 3645 Si
1247 3579 1281 3642 in
1303 3586 1409 3643 morte
1459 3581 1515 3645 ille
1542 3582 1665 3645 caverit
1690 3603 1733 3645 ne
1756 3580 1824 3645 nlla
1847 3601 1890 3645 ex
1915 3581 2008 3647 bonis
2034 3581 2185 3663 operibus
2211 3580 2333 3663 gloriae
2359 3601 2435 3662 par-

333 3729 335 3733 ,
433 3671 525 3743 sunt,
555 3664 716 3747 quomodo
738 3667 826 3730 vitae
847 3665 1020 3730 materiam
1041 3663 1259 3750 generarent?
1304 3662 1409 3744 Quasi
1460 3666 1561 3732 tioula
1587 3667 1622 3731 in
1655 3667 1822 3731 hominem
1852 3665 2062 3733 derivaretur.
2107 3664 2232 3749 Supra,
2266 3687 2368 3748 quum
2397 3665 2436 3729 de

432 3751 517 3815 nihil
538 3750 619 3814 illud
641 3751 763 3829 valeat,
790 3758 963 3834 peccatum
984 3772 1055 3817 esse
1077 3749 1234 3835 quidquid
1255 3751 1292 3814 fit
1314 3758 1410 3815 extra
1459 3752 1562 3818 libero
1584 3751 1718 3816 arbitrie
1745 3751 1921 3835 disputatio
1948 3758 2049 3831 esset,
2076 3753 2287 3817 recitavimus
2314 3751 2437 3834 aliquot

432 3835 532 3900 fidem
559 3836 668 3919 (Rom.
693 3841 740 3915 14,
767 3837 838 3922 23),
871 3837 963 3919 quasi
991 3837 1117 3902 arboris
1143 3837 1249 3902 malae
1281 3836 1410 3920 possint
1459 3839 1496 3903 in
1517 3837 1602 3902 hane
1624 3858 1694 3902 rem
1715 3838 1819 3921 ipsius
1840 3838 2037 3917 testimonia,
2061 3839 2179 3921 quibus
2201 3838 2322 3903 similia
2343 3837 2436 3902 iden-

434 3928 564 3985 exstare
593 3921 668 3985 boni
689 3922 823 3987 fruetus.
870 3922 1002 3988 Christo
1028 3944 1116 4002 vero,
1144 3924 1200 3989 ubi
1223 3942 1317 3987 suam
1341 3922 1409 3987 vir·
1460 3923 1562 3988 tidem
1582 3924 1618 3988 in
1639 3923 1709 3989 eius
1731 3924 1861 4008 seriptis
1882 3931 2071 4004 recurrunt3
2098 3931 2138 3988 ut
2158 3945 2260 4007 quum
2282 3931 2373 3990 vetat
2394 3944 2436 3988 ne

433 4013 539 4071 tutem
567 4013 712 4084 exserat,
743 4007 821 4089 quid
854 4008 1112 4090 pestilentissimi
1138 4009 1302 4091 sophistae
1331 4006 1408 4072 reli·
1459 4009 1577 4074 merita
1604 4016 1718 4074 nestra
1744 4030 1883 4092 usquam
1909 4010 2081 4090 iactamus,
2109 4011 2187 4093 quia
2214 4016 2248 4074 et
2274 4010 2345 4093 ipsa
2371 4009 2435 4073 Dei

433 4090 596 4175 querimt?
641 4091 746 4155 Aiunt
775 4094 933 4158 meruisse
961 4094 1054 4160 nobis
1085 4094 1227 4178 primam
1256 4093 1407 4178 mtium,
1460 4094 1546 4160 dona
1562 4102 1654 4175 aunt3
1676 4102 1711 4160 et
1727 4117 1829 4178 quum
1847 4095 1969 4175 scribit,
1992 4117 2087 4161 omne
2109 4097 2264 4161 meritum
2286 4102 2434 4159 nostrum

432 4177 495 4243 hoo
523 4185 573 4243 est
600 4177 800 4242 occasionem
829 4178 977 4242 merendi
984 4203 992 4259 ;
1025 4201 1096 4245 esse
1123 4181 1196 4245 iam'
1219 4187 1408 4244 nosuarum
1459 4181 1590 4246 nonnisi
1611 4202 1632 4246 a
1653 4182 1759 4266 gratia
1780 4203 1867 4267 esse,
1897 4203 1964 4247 non
1986 4182 2095 4265 parari
2117 4202 2176 4264 per
2197 4190 2345 4245 nostram
2366 4179 2433 4243 suf·

431 4264 585 4347 partium,
604 4263 765 4328 occasioni
783 4263 908 4328 oblatae
926 4284 993 4329 non
1010 4265 1129 4331 deesse.
1175 4265 1407 4349 01¹pr0ieetam
1458 4267 1645 4346 fidentiam,
1673 4267 1732 4334 sed
1751 4289 1811 4352 per
1833 4269 1975 4352 gratiam
1995 4274 2102 4332 totum
2124 4267 2204 4345 fieri,
2232 4273 2290 4329 ete.
2306 4266 2335 4347 ²)
2379 4261 2433 4327 Ad

430 4350 609 4433 impietatis
627 4346 881 4432 impudentiaml
904 4350 977 4432 quis
995 4357 1214 4434 exspectasset
1230 4358 1270 4415 ut
1281 4349 1407 4416 Christi
1458 4353 1638 4438 scripturae
1659 4353 1766 4420 lucem
1787 4356 1978 4431 caecutisoe,
2011 4351 2264 4417 minusmirum
2271 4372 2279 4426 3
2307 4351 2342 4411 in
2369 4368 2433 4429 qua

427 4454 549 4500 nemen
577 4435 728 4519 professi,
761 4434 855 4499 illum
885 4436 933 4500 ita
959 4436 1160 4502 denudatum
1188 4457 1249 4501 sua
1273 4437 1405 4517 virtute,
1458 4460 1524 4503 non
1551 4439 1599 4504 ita
1624 4439 1762 4505 feliciter
1784 4441 1998 4506 exercitatum
2024 4438 2124 4503 fuisse
2151 4440 2294 4518 apparet
2339 4432 2432 4497 Nihil

426 4527 557 4586 tantum
575 4541 643 4586 non
660 4521 848 4603 proculcare
867 4522 1046 4587 auderent?
1090 4523 1164 4589 Hoc
1183 4523 1406 4588 testimonium
1458 4532 1570 4590 tamen
1596 4524 1773 4591 desiderari
1806 4525 1909 4608 possit
1935 4523 2092 4588 adversus
2120 4541 2189 4586 am
2215 4525 2244 4584 et
2270 4520 2339 4583 eius
2367 4520 2432 4584 aa·

427 4606 477 4671 illi
498 4606 621 4689 passim
644 4605 807 4686 redditur,
837 4607 922 4690 quod
944 4609 1112 4673 iustificati
1133 4609 1199 4674 sint
1220 4608 1406 4691 quicunque
1457 4611 1577 4692 ripales
1597 4610 1718 4676 elarius
1742 4612 1806 4676 isto
1832 4609 1970 4694 apostoli
1990 4605 2098 4674 verbo.
2142 4604 2324 4670 interdicta
2345 4606 2434 4669 enim

427 4691 463 4757 in
485 4714 561 4757 eum
583 4692 735 4757 eredunt:
757 4693 813 4758 isti
834 4693 919 4758 nihil
940 4693 1029 4759 aliud
1046 4695 1195 4760 beneficii
1212 4695 1253 4759 ab
1271 4716 1309 4760 eo
1330 4716 1405 4777 pro·
1458 4694 1656 4762 Christianis
1677 4697 1766 4761 omni
1787 4694 1994 4781 gloriatione,
2024 4692 2184 4757 rationem
2211 4713 2271 4758 cur
2298 4690 2433 4773 gloriari

427 4779 542 4843 venire
570 4775 697 4857 decent,
727 4779 790 4844 nisi
819 4786 856 4843 ut
883 4779 1023 4864 singulis
1051 4779 1093 4845 ad
1117 4801 1152 4846 se
1175 4780 1262 4863 ipsos
1287 4780 1406 4846 iustifi·
1457 4782 1550 4847 nefas
1571 4781 1624 4861 sit,
1654 4781 1822 4865 subiungit
1843 4779 1944 4866 (aph.
1964 4782 1994 4858 2,
2016 4777 2084 4860 10):
2109 4778 2186 4862 quia
2214 4777 2280 4842 Dei
2306 4777 2434 4842 factura

427 4861 549 4927 candos
572 4870 685 4946 aperta
705 4866 748 4928 sit
768 4865 831 4930 via
876 4865 1013 4931 Utinam
1034 4887 1112 4932 vero
1135 4872 1308 4950 gustarent
1328 4866 1406 4950 quid
1458 4887 1586 4946 sumus,
1615 4868 1717 4931 creati
1737 4866 1779 4930 ad
1801 4865 1887 4930 bona
1908 4884 2021 4947 opera,
2050 4885 2134 4947 quae
2159 4864 2370 4946 praeparavit
2396 4871 2433 4926 ut

427 4945 492 5013 sibi
513 4947 617 5011 velint
633 4948 716 5012 istae
738 4951 933 5016 sententiae:
957 4951 1060 5017 vitam
1078 4952 1199 5016 habere
1221 4954 1406 5035 quicunque
1457 4952 1493 5016 in
1515 4952 1581 5017 illis
1602 4951 1813 5016 ambulemus.
1859 4948 1972 5031 Quum
1993 4971 2070 5034 ergo
2092 4949 2178 5014 nihil
2199 4971 2219 5015 a
2240 4949 2335 5014 nobis
2357 4948 2432 5014 boni

426 5031 533 5097 filium
565 5032 630 5096 Dei
664 5033 808 5099 habeant
840 5035 872 5121 (1
906 5037 1018 5102 Ioann.
1051 5041 1079 5117 5,
1114 5037 1185 5122 12);
1220 5039 1406 5121 quicunque
1456 5036 1593 5120 prodeat
1613 5037 1676 5100 nisi
1698 5044 1859 5119 quatenus
1880 5037 2064 5120 regenerati
2086 5057 2208 5115 sumus,
2229 5035 2433 5118 regeneratio

426 5116 542 5195 eredit,
571 5117 739 5184 transiisse
767 5141 788 5184 a
814 5123 983 5188 mortain
1010 5125 1114 5190 vitam
1135 5123 1264 5208 (Ioann.
1286 5127 1314 5201 5,
1334 5122 1405 5208 24);
1457 5130 1566 5188 autem
1587 5128 1701 5187 nostra
1721 5129 1804 5202 tota,
1832 5125 1916 5191 eitra
1936 5123 2176 5205 exceptionem,
2199 5122 2265 5186 Dei
2286 5122 2344 5199 sit,
2367 5141 2432 5184 non

426 5203 620 5269 iustificatos
642 5223 713 5268 esse
735 5227 794 5270 nos
821 5207 910 5273 illius
938 5210 1058 5292 gratia,
1085 5217 1123 5274 ut
1150 5207 1307 5274 haeredes
1334 5209 1405 5273 effi·
1456 5214 1507 5274 est
1537 5229 1597 5273 our
1628 5208 1759 5274 unciam
1786 5208 1880 5275 nobis
1906 5210 1941 5273 in
1970 5208 2065 5275 bonis
2078 5208 2110 5294 ⁸)
2135 5208 2289 5293 operibus
2316 5204 2431 5270 vendi-

426 5310 577 5355 eeremur
602 5288 690 5354 vitae
719 5299 870 5358 aeternae
892 5293 1002 5381 (Rom.
1023 5299 1051 5373 3,
1071 5294 1142 5379 24);
1171 5292 1284 5359 fideles
1306 5292 1404 5359 Oini-
1456 5315 1575 5361 cemus
1616 5294 1789 5361 Postremo
1799 5295 1879 5361 dum
1892 5295 2021 5361 assidue
2037 5294 2205 5362 inculcant
2221 5291 2306 5357 bona
2322 5310 2430 5374 opera,

426 5382 516 5440 stum
542 5374 664 5441 habere
690 5375 726 5440 in
754 5399 789 5442 εε
813 5386 1017 5460 manentem,
1045 5402 1104 5465 per
1133 5400 1231 5462 quem
1251 5380 1324 5446 Deo
1346 5379 1404 5445 ad·

426 5459 586 5526 haereant
620 5461 652 5546 (1
677 5460 802 5534 Ioann.,
820 5467 847 5542 3,
873 5463 946 5548 24);
985 5466 1160 5550 participes
1197 5464 1286 5532 vitae
1324 5466 1403 5547 eius,
1455 5469 1660 5480 ’““““““

426 5544 540 5611 sedere
561 5569 636 5612 eum
662 5548 734 5632 ipso
756 5549 792 5611 in
813 5549 1005 5617 coelestibus
1026 5552 1127 5638 (aph.
1147 5554 1176 5631 2,
1196 5550 1245 5638 6);
1272 5551 1404 5617 traduc-
1524 5587 1554 5654 1)
1571 5587 1646 5641 aibr.
1664 5585 1689 5641 2
1708 5596 1776 5641 sena
1795 5587 1857 5641 dist
1876 5584 1918 5640 ῃ.
1971 5586 2002 5651 2)
2018 5587 2052 5639 ln
2070 5585 2141 5638 Pul.
2160 5580 2217 5635 144
2236 5597 2258 5634 ο,
2278 5579 2318 5632 11.
2342 5581 2428 5649 apia.

425 5636 478 5696 tos
506 5651 576 5697 esse
602 5633 639 5696 in
667 5654 807 5717 regnum
833 5633 914 5714 Dei,
950 5643 983 5701 ει
1015 5637 1169 5713 sunam,
1188 5648 1404 5721 εοηεεειιιιιοε
1456 5654 1610 5726 10⁶(1as).
1663 5655 1694 5723 a)
1712 5656 1827 5710 eneam
1846 5647 2300 5723 messopotamiae-1637.

1824 5862 1835 5897 ι
