5600 6809
364 884 366 892 J
398 797 459 859 817
751 789 842 854 Ι11Β.
864 788 925 853 111.
970 786 1034 852 DE
1055 785 1295 854 excurritis
1316 784 1484 854 munus
1507 787 1572 852 AD
1596 783 1828 854 sucrum.
1874 786 1974 855 CAP.
1998 791 2058 855 VI.
2343 798 2406 859 818

396 978 549 1063 Denique
570 999 672 1063 quum
692 977 803 1042 161666
823 975 964 1041 fideliter
986 983 1100 1059 ageret
1120 976 1256 1055 Petrus,
1275 977 1375 1041 fuisse
1428 976 1597 1041 66166166
1616 977 1804 1059 6116616616
1819 997 1932 1043 616666
1947 980 2104 1044 16161666
2115 980 2337 1062 6616616666,
2356 1005 2408 1049 se-·

398 1087 479 1132 ase
509 1071 706 1143 correctum,
740 1070 774 1127 et
799 1061 1048 1144 reprehensioni
1075 1061 1232 1144 66161666.
1283 1062 1376 1127 Haeo
1427 1059 1571 1125 cundum
1593 1082 1670 1126 eum
1691 1061 1838 1127 ordinem
1860 1071 1983 1128 616661
2005 1064 2291 1147 661116616161661
2309 1090 2408 1151 quam

397 1152 508 1218 omnia
528 1151 638 1234 palam
659 1149 792 1227 faciunt,
820 1147 1004 1212 6111161666
1032 1147 1261 1229 aequalitatem
1288 1149 1376 1212 16161
1427 1147 1498 1228 1666
1519 1148 1737 1230 praescripsit
1770 1149 1941 1231 Insignem
1962 1151 2249 1233 itaqueiniuriam
2271 1152 2406 1219 Christo

396 1238 539 1304 Paulum
562 1246 595 1300 61
615 1236 761 1311 Petrum,
785 1240 842 1298 aut
864 1242 952 1297 certe
975 1232 1080 1297 nihilo
1106 1232 1181 1313 plus
1203 1235 1374 1315 potestatis
1428 1232 1561 1311 faciunt,
1581 1254 1682 1315 quum
1703 1254 1742 1298 co
1764 1241 1938 1317 praetextu
1966 1237 2081 1300 volunt
2107 1237 2276 1302 homiuem
2303 1261 2407 1304 unum

397 1324 498 1389 fuisse
519 1323 621 1387 Petro
642 1321 677 1384 in
700 1320 842 1402 reliquos
864 1339 963 1401 quam
989 1318 1052 1401 ipsi
1074 1319 1110 1381 in
1132 1318 1228 1382 111661
1250 1318 1374 1383 habue-
1428 1338 1578 1400 praeesse
1607 1319 1762 1385 ccclesiae
1790 1321 1977 1398 universae,
2012 1324 2089 1404 quia
2118 1323 2198 1388 haec
2224 1324 2330 1406 capite
2352 1346 2407 1390 ca·

396 1410 472 1474 rint.
517 1408 621 1490 Atqui
638 1408 661 1487 ¹)
685 1406 732 1483 id,
761 1405 859 1471 sicuti
880 1405 946 1468 iam
969 1402 1052 1482 dixi,
1076 1425 1118 1468 61
1140 1404 1285 1486 professo
1308 1405 1376 1487 agit
1429 1426 1501 1468 rere
1527 1424 1596 1469 uon
1624 1407 1734 1486 666611
1780 1405 1934 1472 Christus
1963 1409 2052 1472 enim
2074 1418 2172 1490 caput
2193 1415 2257 1486 661,
2281 1431 2322 1474 61
2342 1430 2407 1493 quo

396 1494 535 1571 Paulus,
565 1514 607 1557 ne
636 1493 709 1574 quis
730 1491 791 1556 sibi
812 1491 849 1554 in
876 1490 1059 1571 apostolatu
1086 1489 1142 1555 vel
1162 1491 1301 1554 Petrum
1322 1490 1376 1555 vel
1428 1497 1533 1554 totum
1555 1511 1671 1573 corpus
1693 1498 1900 1576 compactum
1927 1500 1961 1557 61
1982 1514 2166 1558 connexum
2193 1516 2253 1577 per
2274 1516 2406 1561 6616616

396 1581 557 1646 16666661
579 1578 748 1656 661616161,
772 1578 828 1659 qui
850 1576 992 1658 collegae
1014 1582 1120 1654 61661,
1143 1596 1212 1639 666
1240 1575 1373 1640 domini.
1427 1576 1613 1640 iuncturam
1635 1576 1961 1656 subministrationis,
1984 1578 2163 1644 secundum
2185 1582 2407 1663 operationem

484 1669 513 1728 8.
565 1665 690 1729 Verum
723 1669 761 1727 ut
786 1662 826 1726 de
853 1662 955 1727 Petro
984 1661 1050 1726 illis
1083 1661 1257 1726 concedam
1288 1659 1376 1744 quod
1427 1662 1463 1725 in
1492 1683 1647 1726 mensura
1674 1663 1831 1746 cuiusque
1852 1664 1993 1727 membri
2015 1673 2230 1748 augmentum
2244 1670 2269 1750 ¹)
2291 1688 2405 1750 corpo·

396 1758 522 1837 petunt,
544 1749 645 1815 fuisse
662 1749 785 1814 scilicet
802 1748 1022 1830 apostolorum
1039 1747 1238 1830 6116616661,
1253 1755 1287 1810 61
1304 1745 1375 1830 dig·
1427 1747 1473 1811 ris
1499 1748 1578 1813 facit
1604 1748 1758 1832 (11614,
1786 1747 1849 1831 15).
1905 1749 2008 1815 Vides
2040 1760 2078 1814 ut
2107 1772 2219 1816 661666
2252 1753 2408 1818 mortales

397 1838 502 1902 nitate
529 1836 670 1918 reliquos
697 1833 938 1912 antecelluisse,
966 1852 1034 1897 non
1064 1841 1250 1896 esttamen
1278 1852 1376 1897 causa
1428 1834 1600 1899 61666166
1624 1834 1769 1899 tionein
1790 1855 1923 1916 corpore
1944 1834 2089 1914 collocet,
2113 1837 2271 1901 honorem
2294 1846 2407 1903 6166-

397 1944 456 2001 cur
477 1945 519 1987 61
540 1920 699 2004 singulari
721 1919 872 2001 exemplo
894 1919 1114 1984 universalem
1135 1919 1257 1983 faciant
1278 1940 1375 2001 regu·
1427 1940 1504 1984 men
1534 1854 1651 2002 6661116
1677 1919 1842 2001 relinquat
1869 1921 1927 1983 uui
1956 1920 2111 1987 Christo?
2156 1923 2260 1987 Vides
2281 1932 2318 1987 ut
2339 1925 2407 1988 sin-

396 2009 477 2087 lam,
511 2016 544 2071 61
570 2006 655 2089 quod
682 2005 784 2071 semel
810 2007 931 2070 factum
964 2005 1029 2069 fuit
1055 2004 1096 2068 ad
1123 2005 1375 2087 perpetuitatem
1427 2004 1513 2087 gulis
1535 2004 1690 2070 membris
1711 2004 1838 2071 tribuat
1858 2012 1982 2070 certam
2001 2010 2408 2085 1666661661,6111611661

396 2094 539 2171 11611661,
563 2114 663 2176 quum
685 2091 781 2174 longe
803 2090 933 2155 diversa
960 2091 1003 2154 sit
1032 2091 1124 2154 16116.
1168 2090 1265 2155 Unus
1286 2091 1375 2154 inter
1427 2111 1465 2155 66
1486 2090 1660 2156 limitatam
1681 2091 1897 2169 fimctionem,
1926 2103 2082 2174 quotum
2106 2096 2231 2177 gratiae
2250 2095 2408 2176 perfectio

397 2179 560 2262 apostolos
595 2199 742 2243 66611666
774 2177 856 2240 1611;
895 2197 1013 2258 nempe
1045 2176 1121 2257 quia
1151 2176 1247 2258 pauci
1280 2184 1375 2239 erant
1427 2183 1499 2241 tum
1525 2196 1655 2241 summa
1690 2175 1894 2260 gubernandi
1925 2184 2071 2261 potestas
2103 2200 2204 2262 penes
2235 2180 2408 2246 Christum

396 2285 543 2330 numero.
589 2262 627 2328 Si
648 2284 736 2327 unus
758 2260 928 2327 duodecim
950 2260 1137 2326 hominibus
1158 2262 1309 2343 praefuit,
1333 2282 1375 2324 an
1427 2283 1530 2326 unum
1563 2261 1728 2328 resideat?
1772 2262 1843 2326 Nec
1875 2285 1928 2328 166
1960 2262 2040 2328 latet
2072 2264 2150 2347 quid
2182 2266 2329 2331 cavillari
2355 2287 2408 2331 so-

397 2357 570 2434 616616166
595 2355 825 2430 consequetur,
859 2368 963 2412 66616
989 2346 1106 2411 debere
1139 2355 1272 2412 centum
1299 2347 1374 2410 mil·
1426 2346 1517 2412 leant
1549 2369 1650 2430 quum
1688 2347 1750 2413 hoc
1788 2348 1854 2413 illis
1882 2349 2046 2427 obiicitur,
2081 2349 2251 2416 Christum
2276 2352 2409 2417 scilicet

395 2436 481 2502 libus
498 2435 670 2499 hominum
691 2433 844 2516 praefici?
882 2432 979 2514 Quod
1001 2432 1172 2497 duodecim
1193 2454 1298 2497 66616
1315 2433 1375 2497 ha·
1426 2434 1557 2517 proprie
1585 2434 1696 2500 vocari
1720 2434 1855 2499 unicum
1886 2443 1999 2517 caput,
2034 2437 2110 2518 quia
2141 2457 2202 2501 sua
2231 2439 2407 2503 autoritate

395 2521 528 2588 1661161
555 2521 644 2584 16161
670 2541 706 2584 se
732 2519 790 2602 qui
816 2540 929 2584 616666
955 2528 1097 2602 regeret,
1130 2518 1217 2582 nihil
1242 2520 1373 2582 mirum.
1427 2538 1550 2600 suoque
1571 2520 1704 2583 nomine
1726 2518 1814 2584 solus
1834 2529 1965 2603 regnet3
1987 2520 2045 2586 sed
2066 2521 2155 2586 istud
2174 2522 2259 2585 nihil
2278 2524 2408 2588 obstare

395 2608 470 2673 Hoc
501 2608 590 2672 enim
626 2607 690 2669 fert
722 2613 859 2682 natura,
899 2605 962 2670 hoc
995 2604 1166 2668 hominum
1203 2604 1375 2687 ingenium
1428 2605 1601 2686 quominus
1627 2603 1688 2668 sub
1710 2605 1781 2687 ipso
1814 2605 1859 2669 sit
1886 2606 2028 2671 alterum
2056 2615 2156 2690 caput
2182 2609 2406 2687 ministeriale,

395 2692 553 2778 66616161,
577 2691 670 2755 utin
694 2691 811 2773 quovis
838 2697 945 2768 coctu,
974 2690 1103 2755 etiamsi
1130 2690 1280 2773 aequales
1307 2691 1376 2755 sint
1427 2697 1466 2754 ut
1490 2690 1683 2772 loquuntur,
1707 2690 1792 2772 quod
1814 2692 1884 2755 eius
1905 2693 1993 2758 vices
2015 2694 2050 2756 in
2078 2694 2177 2759 terris
2198 2700 2298 2777 gerat.
2339 2694 2408 2758 Ve-

395 2799 509 2844 omncs
530 2783 705 2861 potestate,
725 2797 813 2840 unus
839 2784 952 2840 tamen
979 2777 1023 2840 sit
1049 2774 1153 2841 161611
1178 2775 1373 2855 moderator,
1428 2797 1503 2839 rum
1530 2775 1592 2840 hoc
1621 2774 1738 2841 cavillo
1765 2776 1849 2839 nihil
1872 2778 2062 2859 proficiunt,
2091 2780 2156 2844 nisi
2184 2779 2276 2862 prius
2298 2788 2407 2844 osten·
2516 2826 2521 2843 .

394 2866 432 2929 in
454 2885 552 2947 quem
573 2862 630 2926 alii
651 2861 834 2944 1666161661
879 2860 982 2925 Nulla
1009 2870 1060 2925 661
1088 2863 1179 2925 curia
1206 2861 1374 2926 6166666-
1428 2861 1538 2925 derint
1565 2860 1627 2926 hoc
1653 2861 1876 2924 ministerium
1905 2861 2080 2927 aChristo
2110 2885 2180 2929 6666
2208 2864 2405 2930 ordinatum.

396 2950 481 3027 sule,
513 2949 625 3014 nullus
657 2968 828 3012 consessus
860 2946 1008 3012 iudicum
1034 2947 1106 3011 6166
1137 2954 1288 3028 61661616
1316 2968 1374 3011 666
1427 2947 1605 3029 Apostolus
1627 2947 1715 3010 enim
1736 2955 1839 3010 totam
1866 2946 2202 3014 subministrationem
2223 2971 2283 3032 per
2303 2972 2407 3015 mem-

395 3036 591 3119 quaesitore,
615 3034 788 3117 collegium
814 3033 944 3097 nullum
973 3033 1045 3096 6166
1071 3034 1250 3115 praefecto,
1282 3032 1392 3097 nulla,
1427 3031 1487 3097 bra
1515 3032 1668 3096 diffusam
1696 3053 1767 3097 6666
1789 3032 1897 3109 docet,
1926 3035 2084 3098 virtutem
2105 3035 2146 3099 ab
2167 3055 2235 3098 666
2256 3035 2312 3098 1116
2334 3057 2407 3101 666·

396 3123 468 3187 6166
496 3120 656 3204 magistro
684 3120 829 3184 societas
880 3117 937 3183 Sic
965 3118 1050 3182 nihil
1076 3118 1210 3183 absurdi
1238 3118 1375 3183 6666161
1426 3118 1501 3183 lasti
1532 3119 1637 3200 capite
1669 3118 1779 3182 fluere.
1831 3120 1914 3196 Aut,
1946 3119 1975 3184 si
2002 3119 2079 3201 quid
2111 3120 2227 3185 volunt
2252 3122 2405 3201 apertius,

394 3208 574 3272 fateremur
594 3205 756 3287 apostolos
778 3203 932 3269 detulisse
948 3204 1049 3269 Petro
1066 3203 1167 3268 talem
1184 3205 1372 3286 primatum.
1427 3225 1530 3286 quum
1556 3205 1720 3286 scriptura
1751 3211 1891 3269 testetur
1924 3203 2095 3270 Christum
2126 3225 2197 3271 esse
2228 3212 2340 3288 caput,
2373 3213 2408 3271 et

396 3291 464 3358 Sed
490 3291 579 3375 quod
604 3291 693 3354 16161
713 3310 835 3374 666666
856 3288 958 3368 16161,
981 3311 1049 3354 666
1065 3289 1216 3372 61611666
1238 3289 1374 3353 mahen·
1426 3290 1570 3355 hancei
1595 3288 1657 3354 6611
1684 3289 1842 3355 honorem
1863 3289 2021 3369 vendicet,
2044 3312 2110 3355 non
2132 3289 2228 3356 debet
2247 3291 2283 3354 in
2305 3290 2407 3355 alium

396 3378 475 3443 dum
501 3377 542 3441 ad
568 3377 761 3441 universum
789 3377 901 3441 orbem
926 3383 1106 3453 161161661,
1134 3374 1296 3458 adquam
1324 3396 1374 3440 re·
1426 3376 1610 3454 transferri,
1638 3374 1705 3439 nisi
1731 3397 1829 3458 quem
1856 3374 2010 3441 Christus
2038 3377 2108 3459 ipse
2129 3378 2289 3442 11661166
2311 3397 2406 3442 suum

396 3461 539 3548 gendum
561 3481 659 3526 nemo
680 3483 766 3526 unus
789 3462 919 3526 sufficit
964 3462 1069 3544 Atqui
1089 3460 1186 3540 illud,
1211 3460 1373 3543 inquiunt,
1426 3462 1568 3527 fecerit
1593 3461 1625 3525 A
1662 3462 1697 3524 ui
1727 3482 1794 3527 uon
1822 3461 1918 3525 modo
1939 3460 1974 3525 id
2000 3482 2163 3545 nusquam
2185 3462 2319 3546 legitur,
2348 3462 2406 3528 sed

394 3571 462 3614 non
483 3548 592 3612 161666
609 3547 644 3611 16
666 3556 806 3612 naturae
827 3548 1043 3613 universitate
1065 3568 1164 3630 quam
1181 3547 1218 3612 in
1235 3546 1374 3630 singulis
1426 3547 1532 3612 refelli
1554 3548 1642 3612 6166
1664 3567 1684 3610 6
1705 3567 1747 3612 61
1768 3547 1882 3612 6161116
1908 3547 1989 3613 16616
2015 3554 2123 3630 661661
2144 3548 2244 3633 (11611
2267 3553 2293 3628 1,
2314 3551 2407 3613 2161

394 3634 542 3718 66111166
569 3634 679 3699 166616
708 3632 821 3710 16161,
849 3640 888 3697 61
916 3633 1085 3698 61166661
1110 3654 1277 3698 summum
1305 3654 1374 3697 om·
1427 3632 2086 3717 61561616(1611186166).

394 3721 487 3784 61616
510 3727 616 3803 caput
665 3719 712 3783 Et
738 3719 838 3784 huius
864 3720 929 3798 rei,
957 3719 986 3783 si
1010 3719 1084 3784 Deo
1105 3717 1229 3802 placet,
1257 3719 1373 3801 probs·
1517 3723 1564 3784 10.
1609 3718 1794 3803 Aliquoties
1820 3719 1931 3783 vivam
1958 3719 2114 3785 ecclesiae
2139 3706 2320 3804 imaginem
2346 3741 2406 3784 66-

395 3808 518 3871 tionem
536 3814 672 3870 sumunt
688 3826 709 3868 a
726 3805 860 3889 gruibus
878 3814 912 3870 61
929 3805 1053 3887 661166,
1076 3825 1159 3888 quae
1178 3805 1241 3870 sibi
1258 3804 1375 3870 ducem
1427 3807 1477 3872 bis
1498 3805 1623 3871 Paulus
1646 3804 1803 3888 depingit
1832 3804 1885 3868 De
1906 3825 1972 3870 uno
1994 3806 2100 3888 capite
2117 3805 2210 3870 nulla
2229 3805 2297 3870 illic
2313 3825 2407 3869 men·

394 3913 499 3957 66616
531 3911 660 3974 semper
687 3890 828 3974 eligunt,
862 3912 929 3956 non
956 3891 1076 3974 plures.
1125 3891 1262 3975 Recipio
1295 3911 1374 3956 6666
1427 3892 1483 3957 tio.
1529 3889 1621 3972 Quin
1640 3891 1748 3974 potius
1770 3911 1812 3953 61
1834 3890 1904 3955 eius
1922 3890 2138 3973 descriptione
2156 3890 2310 3975 colligere
2330 3889 2408 3956 licet

395 3999 477 4060 quae
500 3977 671 4061 proferunt
697 3977 863 4058 61661616;
891 3975 949 4041 sed
977 3997 1085 4041 snex
1106 3985 1174 4042 toto
1196 3978 1274 4042 orbe
1295 3997 1373 4042 con·
1428 3999 1448 4042 a
1479 3976 1606 4043 Christi
1638 3976 1845 4040 institutione
1876 3976 1911 4041 id
1944 3997 2015 4041 esse
2049 3976 2203 4041 alienum.
2253 3974 2407 4044 Christus

395 4064 505 4128 fluunt
521 4084 598 4145 apes
624 4068 660 4126 ut
676 4082 788 4145 regem
805 4083 910 4126 66616
929 4061 1073 4145 eligant?
1098 4063 1166 4127 suis
1189 4063 1373 4128 alvearibus
1426 4083 1563 4129 ascensu
1585 4081 1644 4127 suo
1666 4061 1828 4126 visibilem
1855 4062 1906 4126 sui
1934 4063 2155 4145 praesentiam
2180 4061 2274 4127 nohis
2296 4061 2407 4127 abstu-

396 4150 542 4215 6611161111
568 4157 647 4212 6661
673 4168 767 4230 reges
799 4147 929 4231 singuli
981 4147 1035 4212 116
1061 4148 1097 4211 16
1127 4148 1264 4231 gruibus
1290 4168 1372 4211 una·
1425 4149 1478 4226 lit;
1501 4146 1648 4213 ascendit
1667 4154 1779 4211 tamen
1798 4155 1837 4211 ut
1863 4147 2317 4233 161616161661616(Ε61.4,
2342 4147 2407 4228 10).

395 4254 542 4318 quaeque
564 4240 696 4298 caterva
718 4233 887 4316 proprium
909 4253 1020 4316 regem
1044 4231 1149 4297 habet.
1187 4232 1277 4314 Quid
1298 4232 1373 4297 inde
1426 4235 1524 4299 Nunc
1544 4234 1648 4316 igitur
1664 4234 1775 4316 ipsum
1794 4233 1902 4298 adhuc
1921 4240 2129 4316 praesentem
2151 4231 2252 4297 habet
2271 4231 2409 4297 ecclesia

396 4319 485 4385 aliud
515 4319 667 4385 evincent
693 4339 791 4401 qaam
819 4318 959 4402 singulis
986 4318 1129 4384 ecclesiis
1157 4317 1274 4383 debere
1298 4339 1374 4383 suos
1427 4328 1461 4385 et
1487 4340 1617 4402 semper
1643 4317 1798 4383 habitura
1824 4328 1882 4384 ost
1927 4319 2105 4384 Rationem
2127 4337 2191 4401 qua
2210 4337 2252 4399 66
2273 4315 2409 4380 6111161

396 4407 562 4488 episcopos
588 4403 744 4469 attribui?
778 4403 833 4469 Ad
859 4404 969 4469 civilia
995 4402 1112 4468 deinde
1138 4406 1288 4512 61661616
1315 4425 1374 4469 666
1427 4407 1507 4471 dum
1533 4405 1606 4471 vult
1633 4404 1759 4470 Paulus
1787 4403 1973 4483 ostendere,
2003 4405 2045 4469 ad
2076 4402 2258 4467 ministeria
2289 4401 2409 4483 quibus

396 4500 529 4568 166661;
562 4492 665 4555 citant
691 4491 893 4555 homericum
919 4488 1016 4567 illud,
1046 4487 1110 4552 016
1138 4488 1256 4570 ἀγαθον
1279 4493 1373 4553 11616-
1427 4492 1532 4556 utitur
1559 4512 1618 4556 nos
1653 4497 1786 4556 revocat
1812 4489 2137 4573 (1161116111).
2188 4488 2229 4551 16
2257 4484 2408 4551 66161166

397 4585 549 4659 repara,
577 4588 610 4641 61
636 4596 719 4658 quac
747 4576 862 4641 eodem
889 4597 987 4641 sensu
1010 4577 1045 4638 in
1066 4576 1276 4641 monarchiae
1298 4597 1374 4642 cou-
1426 4578 1534 4656 nobis,
1566 4577 1687 4659 inquit,
1720 4584 1770 4640 est
1801 4577 1979 4653 Dominus,
2013 4572 2193 4638 secundum
2219 4590 2409 4636 mensuram

397 4661 637 4726 mandationem
678 4663 833 4746 leguntur
872 4661 960 4744 apud
996 4663 1149 4744 profanos
1191 4663 1372 4745 scriptores.
1427 4664 1552 4748 gratiae
1574 4682 1674 4745 quam
1699 4662 1875 4744 unicuique
1897 4661 2043 4724 membro
2065 4657 2218 4738 contulit3
2241 4655 2313 4721 ideo
2331 4677 2409 4721 con-

397 4746 519 4811 Faoilis
548 4757 598 4809 cst
624 4749 806 4830 responsio:
834 4770 902 4813 666
928 4747 1016 4812 66161
1042 4747 1106 4813 166
1133 4770 1231 4814 66666
1259 4748 1375 4814 16161
1428 4749 1537 4815 stituit
1550 4749 1644 4815 alios
1676 4748 1808 4831 quidem
1835 4745 2013 4829 apostolos,
2040 4742 2121 4807 alios
2141 4764 2221 4808 vero
2251 4750 2407 4826 pastores,

398 4832 563 4917 homerico
589 4831 708 4915 Ulysse
734 4835 789 4899 161
817 4834 858 4899 61
884 4834 958 4900 aliis
990 4833 1147 4898 laudatur
1175 4835 1374 4909 monarchia,
1429 4835 1509 4911 ahos
1532 4835 1766 4919 evangelistas,
1786 4833 1867 4897 alios
1889 4830 2049 4906 doctores,
2074 4835 2134 4893 etc.
2179 4827 2250 4893 Cur
2270 4850 2336 4893 non
2359 4827 2409 4892 di·

399 4918 493 5000 quasi
514 4932 602 4980 unus
622 4915 738 4981 debeat
757 4925 862 4983 totum
879 4920 992 4986 orbem
1009 4920 1145 5003 imperio
1165 4940 1295 5004 regere;
1318 4917 1376 4986 sed
1429 4922 1481 5000 cit,
1504 4942 1608 4986 unum
1630 4921 1781 4985 omnibus
1807 4915 2000 5000 praefecisse
2022 4914 2078 4996 qui
2100 4914 2189 4979 vices
2216 4933 2293 4979 suas
2314 4933 2409 4998 gerc-

398 5002 542 5068 indicare
564 4999 692 5076 volunt,
714 5024 855 5085 regnum
875 5004 955 5070 duos
978 5025 1044 5069 non
1065 5014 1377 5090 6666166166166-
1429 5006 1502 5072 ret?
1552 5006 1593 5071 Id
1621 5005 1824 5071 6616116666
1853 4999 2225 5083 166111666661616161,
2253 5022 2314 5066 nec
2341 5000 2409 5065 ullo

399 5098 511 5167 tatem,
535 5085 726 5164 1116111116,
749 5088 977 5169 impatientem
997 5111 1068 5156 esse
1089 5093 1256 5158 consortis.
1430 5092 1526 5157 modo
1549 5093 1661 5158 debuit
1682 5090 1802 5166 omitti,
1828 5088 1995 5152 61161661
2021 5091 2114 5150 esset
2159 5084 2327 5163 Christis,
2356 5087 2410 5150 16·

487 5178 514 5238 9.
565 5173 691 5235 Verum
718 5172 880 5247 sitacus,
907 5181 945 5237 61
972 5176 1100 5253 161661,
1128 5178 1252 5243 bonum
1281 5184 1378 5262 atque
1432 5181 1511 5264 quit,
1534 5179 1627 5243 nobis
1650 5177 1750 5241 adest
1785 5169 1979 5253 Quomodo?
2020 5172 2088 5237 Ρ61
2108 5171 2326 5236 ministerium
2348 5172 2409 5236 ho·

400 5261 482 5326 utile
510 5258 622 5324 orbem
649 5262 756 5321 161661
787 5258 979 5322 1666616116
1004 5260 1166 5325 contineri
1200 5263 1300 5344 (quod
1328 5270 1380 5328 661
1430 5266 1574 5341 minum,
1598 5283 1677 5345 quos
1700 5256 1931 5345 gubomandse
1954 5257 2108 5323 ecclesiae
2129 5257 2294 5348 praefecit.
2340 5256 2410 5320 Cur

400 5356 512 5413 161666
533 5341 818 5421 616611166161616;
839 5341 897 5406 sed
917 5343 965 5406 116
986 5342 1053 5424 sit),
1063 5365 1131 5407 non
1152 5355 1264 5410 tamen
1281 5370 1378 5430 prop
1432 5371 1499 5414 non
1530 5349 1638 5431 potius
1665 5350 1852 5429 661-66661
1879 5344 2109 5422 ministeriale,
2138 5344 2190 5407 cui
2216 5343 2305 5408 vices
2332 5362 2409 5407 6666

400 5441 491 5498 16166
501 5428 673 5496 concedam
683 5428 719 5494 id
733 5426 1054 5512 ipsumineoclcsiae
1070 5428 1306 5512 gubernatione
1322 5454 1379 5498 16·
1432 5432 1621 5499 mandavit?
1673 5431 1844 5497 Unitatem
1870 5431 2033 5509 nominat;
2067 5428 2124 5495 sed
2150 5429 2187 5492 in
2215 5426 2288 5492 Deo
2312 5435 2347 5492 st
2363 5429 2410 5492 {in

400 5517 476 5584 1616.
512 5517 624 5582 Η6161
642 5514 732 5581 enim
751 5513 993 5582 illsChristum
1010 5514 1143 5580 unicum
1164 5536 1260 5580 snum
1272 5524 1380 5597 caput,
1433 5519 1557 5584 Christi
1580 5517 1652 5581 fide.
1686 5516 1885 5581 Hominibus
1908 5515 1992 5581 nihil
2013 5514 2129 5579 tribuit
2151 5513 2215 5578 nisi
2237 5534 2409 5579 commune

404 5640 605 5650 ---.-⁴.---—·

471 5703 651 5772 6116166·
665 5705 758 5759 6616·
772 5719 870 5758 ma
910 5701 980 5758 666
995 5703 1226 5773 furacisque.
1406 5662 1410 5744 l
1506 5703 1928 5774 61131666111116611111.
2016 5726 2021 5743 ›

507 5787 620 5844 0616161·
637 5805 731 5860 opera
767 5789 825 5844 Vol
840 5789 883 5844 11.
2170 5785 2204 5840 52
