5600 6809
451 758 493 818 43
1098 749 1363 818 nssninono
1385 752 1490 817 sss.
1514 749 1695 816 occiso.
1722 753 1812 814 nso.
2073 697 2075 699 ¹
2411 755 2454 815 u

451 942 519 1009 Sed
548 942 693 1006 omnium
722 948 833 1006 tomen
862 942 1078 1017 confossione,
1113 961 1192 1023 prae
1221 962 1255 1005 se
1273 941 1337 1005 fert
1357 961 1428 1005 cor·
1480 959 1559 1018 quae
1586 939 1651 1001 dlis
1679 958 1784 1001 rerum
1813 939 1951 1002 omnium
1976 944 2020 1002 est
2047 939 2177 1019 artifex,
2211 938 2316 1002 Deum
2340 938 2456 1003 subdu·

450 1050 512 1112 pus
540 1028 721 1092 humanum
754 1035 823 1090 tam
851 1029 1053 1109 ingeniosam
1081 1026 1362 1107 compositionem,
1392 1032 1430 1091 ut
1480 1030 1560 1089 cunt.
1611 1023 1722 1086 Vident
1750 1028 1814 1086 tam
1841 1024 2029 1103 exquisitum
2056 1023 2226 1104 artificium
2257 1025 2292 1088 in
2318 1025 2456 1106 nnqulis

451 1115 491 1179 ob
509 1135 582 1177 oum
602 1114 720 1176 morito
743 1112 944 1177 admirabilis
965 1113 1075 1195 opifex
1100 1111 1271 1175 iudicetur.
1480 1111 1550 1173 suis
1577 1109 1725 1173 membris
1753 1108 1792 1172 ab
1821 1130 1873 1173 ονε
1901 1115 1929 1174 et
1956 1110 2054 1181 mules
2073 1131 2170 1190 usquc
2191 1111 2234 1173 ad
2254 1109 2377 1190 indens
2398 1131 2457 1174 un-

539 1204 567 1262 3.
612 1199 660 1262 Ac
681 1199 817 1279 quoirule
844 1200 973 1280 quidam
1002 1219 1039 1261 cx
1059 1196 1257 1277 philosophis
1283 1197 1357 1260 olim
1378 1197 1429 1259 hc
1478 1196 1628 1278 quiculos.
1674 1194 1737 1259 Hic
1765 1215 1882 1274 quoque
1910 1199 2059 1259 naturam
2085 1195 2274 1259 substituunt
2300 1196 2336 1258 in
2357 1195 2457 1259 locum

450 1287 566 1349 minem
587 1306 649 1348 non
667 1286 979 1348 immeritooocarunt
994 1283 1203 1365 pucinanae,
1223 1283 1301 1363 quia
1317 1302 1429 1345 rarum
1481 1281 1553 1345 Dei.
1599 1280 1660 1344 Sed
1687 1281 1722 1342 in
1742 1282 1862 1361 primis
1887 1285 1952 1344 tarn
1980 1282 2078 1362 apiles
2104 1283 2229 1344 animae
2250 1285 2362 1358 motus,
2392 1286 2457 1344 tam

450 1373 493 1436 sit
508 1371 674 1452 potentiae,
704 1369 850 1434 bonitatis
871 1375 899 1433 et
920 1370 1091 1450 sapientiae
1112 1368 1176 1432 Dei
1195 1369 1355 1448 specimen,
1377 1389 1429 1432 sa·
1475 1367 1659 1448 praeclarae
1674 1366 1845 1447 facultates,
1863 1370 1927 1428 tam
1948 1387 2043 1430 rarae
2063 1367 2145 1431 dotes
2163 1367 2357 1431 diuinitatem
2373 1387 2457 1447 prae

450 1459 550 1536 tisque
571 1455 795 1519 miraculorum
822 1457 910 1536 inse
933 1456 1084 1519 contineat
1105 1455 1290 1536 occupandis
1313 1456 1429 1518 nostris
1480 1473 1513 1516 se
1532 1454 1647 1534 ferunt,
1670 1472 1750 1530 quae
1771 1471 1803 1516 se
1824 1473 1885 1515 non
1901 1453 2027 1530 patitur
2047 1453 2139 1532 facile
2156 1453 2267 1517 celari:
2289 1453 2354 1516 nisi
2376 1451 2457 1533 Epi·

450 1541 611 1619 inertibus,
633 1541 721 1605 modo
738 1561 776 1605 ne
793 1541 946 1604 attendere
960 1541 1076 1623 piqeat.
1113 1541 1183 1620 Qua
1203 1541 1325 1603 ratione
1344 1538 1430 1603 Pou-
1480 1540 1565 1602 curci
1586 1543 1737 1617 tauquam
1760 1535 1910 1618 Cyclopes,
1933 1558 1970 1601 ec
1991 1536 2049 1601 hac
2070 1538 2236 1605 altitudine
2257 1539 2370 1603 bellurn
2389 1538 2475 1602 Deo.

451 1628 516 1705 lus,
544 1628 598 1691 ubi
620 1627 797 1704 admonuit,
832 1625 931 1690 Deum
952 1627 1116 1707 palpando
1144 1646 1165 1688 a
1193 1625 1290 1689 caecis
1309 1645 1429 1705 quoque
1474 1624 1659 1704 protervius
1684 1623 1841 1704 intiment.
1886 1621 1993 1711 Itane
2006 1644 2075 1688 cero
2101 1625 2144 1688 ad
2170 1625 2338 1705 rependum
2366 1625 2458 1705 quin·

445 1733 538 1794 posse
569 1712 769 1792 deprehendi,
804 1731 875 1774 mox
897 1712 1010 1791 procul
1038 1710 1248 1792 quaerendum
1274 1730 1336 1773 non
1365 1731 1430 1774 esse
1479 1729 1537 1791 que
1553 1709 1672 1789 pedum
1688 1709 1891 1772 vermiculum
1906 1710 1961 1772 toti
1979 1711 2114 1774 coelestis
2128 1711 2303 1790 sapientiae
2317 1709 2458 1773 thesauri

451 1799 610 1880 adiunqit,
638 1798 716 1876 quia
737 1796 851 1861 scilicet
873 1797 960 1860 intus
980 1798 1100 1879 sinquli
1119 1796 1271 1861 coelestem
1290 1798 1429 1877 qratiam
1480 1795 1689 1859 concurrunt?
1710 1794 1899 1858 universitas
1924 1795 2037 1858 mundi
2057 1793 2116 1858 hac
2130 1796 2352 1877 praeroqativa
2374 1815 2458 1858 aare·

451 1906 514 1965 qua
540 1887 730 1965 repetuntur,
764 1882 889 1946 indubie
916 1883 1051 1946 sentiurrt
1079 1883 1165 1963 (Act.
1195 1886 1247 1958 17,
1272 1881 1337 1964 27).
1392 1881 1429 1944 Si
1479 1881 1546 1944 bit?
1604 1879 1712 1944 Primo
1744 1885 1878 1943 statuere
1909 1880 2035 1960 aliquid
2066 1883 2248 1963 orqanicum
2279 1883 2315 1944 in
2347 1881 2458 1944 anima

451 1991 531 2048 uero,
554 1969 702 2032 utDeum
723 1968 1007 2048 apprehendamus,
1035 1973 1122 2031 etha
1148 1988 1204 2031 nos
1225 1968 1328 2049 eqredi
1350 1987 1429 2048 opus
1479 1968 1561 2047 qnod
1587 1966 1722 2048 sinpulis
1746 1965 1890 2045 partibus
1911 1968 2106 2045 respondeat,
2135 1968 2211 2031 adeo
2238 1966 2319 2030 nihil
2344 1967 2387 2031 ad
2409 1965 2459 2029 ob-

451 2077 511 2120 non
531 2061 584 2134 est,
607 2073 703 2136 quam
723 2054 846 2116 ueniam
866 2053 1034 2118 merebitur
1055 2054 1123 2117 eius
1144 2053 1292 2129 socordio,
1315 2054 1372 2133 qui
1393 2057 1429 2115 ut
1478 2053 1670 2116 scararulam
1691 2051 1754 2115 Dei
1774 2052 1908 2132 qloriam
1927 2051 2018 2131 tout,
2046 2057 2082 2116 ut
2095 2054 2204 2133 potius
2223 2072 2292 2116 eam
2313 2051 2457 2116 illustret.

452 2142 559 2205 Deum
579 2140 727 2216 inueniat,
750 2141 786 2201 in
808 2159 841 2202 se
862 2138 1041 2203 domam
1060 2138 1266 2221 precabitur?
1305 2137 1428 2202 Eadem
1481 2137 1676 2218 Respmided
1692 2136 1863 2218 Epicurus,
1885 2138 1959 2217 quis
1974 2142 2145 2202 atomorum
2166 2157 2333 2201 concensus
2355 2136 2458 2200 eibum

451 2229 544 2292 etiam
564 2227 647 2290 rotie
668 2229 713 2288 est
734 2245 789 2287 cur
812 2224 937 2301 David,
965 2224 1019 2288 ubi
1041 2224 1171 2288 breuiter
1192 2223 1352 2287 celebravit
1373 2225 1429 2287 ad·
1480 2229 1509 2288 et
1531 2230 1643 2304 potum
1670 2243 1814 2303 coquens,
1840 2221 1962 2303 partem
1990 2224 2024 2285 in
2047 2228 2251 2301 exuuuerda,
2275 2224 2458 2304 partemin

450 2312 594 2377 mirabile
621 2310 685 2374 Dei
715 2330 824 2374 rumen
856 2315 883 2373 ct
914 2311 1007 2374 decus
1027 2330 1106 2389 quae
1126 2310 1241 2389 ubique
1267 2309 1427 2392 resulqent,
1480 2311 1664 2391 sanquinem
1696 2309 1831 2388 diqerat,
1864 2328 1902 2372 ac
1929 2309 2045 2388 efficiat
2073 2316 2109 2373 ut
2140 2309 2277 2391 sinqulis
2309 2307 2458 2372 cumbris

451 2400 558 2463 statim
578 2396 723 2460 exclamet
744 2395 845 2478 (Psol.
866 2398 895 2471 8,
916 2395 965 2476 b):
986 2397 1063 2476 quid
1085 2395 1236 2459 esthemo
1258 2397 1347 2457 cuius
1369 2416 1429 2458 me·
1480 2399 1567 2459 tanta
1588 2397 1631 2458 sit
1651 2395 1810 2458 industria
1838 2395 1880 2457 ad
1900 2396 2126 2474 praestandum
2147 2395 2283 2475 officium
2305 2415 2342 2458 oc
2363 2395 2394 2458 si
2415 2400 2459 2458 to-

451 2505 520 2549 mor
541 2483 596 2547 es?
640 2480 736 2543 Item:
760 2501 798 2544 cx
814 2502 865 2545 ονε
887 2482 1067 2562 infantiurn'
1081 2486 1109 2544 et
1131 2481 1313 2545 laetantium
1334 2481 1430 2543 stabi·
1479 2481 1573 2545 tidem
1594 2481 1719 2543 animae
1740 2480 1894 2543 communi
1914 2481 2042 2545 consilio
2058 2501 2169 2562 corpus
2186 2501 2284 2544 unum
2300 2480 2460 2562 reperent?

451 2571 518 2634 listi
544 2568 646 2632 robur.
692 2564 853 2646 Siquidem
880 2587 942 2630 non
968 2571 1089 2630 tantum
1108 2568 1144 2629 in
1164 2587 1273 2648 qenere
1294 2566 1429 2629 humano
1568 2571 1596 2629 5.
1644 2566 1706 2629 Sed
1734 2565 1812 2626 mihi
1835 2586 1920 2629 nunc
1946 2586 2015 2630 urm
2041 2567 2099 2631 illa
2117 2567 2282 2646 porcarium
2304 2566 2384 2629 hara
2406 2587 2459 2630 no·

452 2656 573 2721 clarum
595 2672 722 2731 operum
740 2651 804 2715 Ilei
824 2652 984 2731 speculum
1005 2657 1127 2716 exstare
1142 2653 1346 2733 pronunciat,
1375 2652 1430 2715 sed
1479 2654 1598 2734 qotium
1626 2672 1689 2715 non
1716 2656 1776 2714 est:
1802 2671 1851 2714 eos
1878 2653 1981 2733 moqis
2008 2653 2150 2732 compello
2172 2653 2228 2733 qui
2244 2652 2459 2733 praeposteris

452 2738 627 2822 irisantihus
658 2739 734 2802 dum
767 2758 788 2800 a
818 2743 955 2801 matrum
994 2739 1139 2802 uhenbns
1166 2739 1317 2818 perederet,
1350 2739 1430 2801 satis
1481 2739 1617 2819 arqutiis
1645 2737 1757 2813 dediti,
1784 2736 1940 2818 (riqidum
1967 2737 2049 2802 idad
2070 2738 2250 2802 Aristotelis
2276 2739 2392 2802 dictum
2421 2737 2460 2800 li·

452 2828 588 2892 disertas
613 2843 678 2887 esse
707 2823 835 2905 linquas
855 2824 897 2887 ad
913 2824 1163 2903 praedicarulom
1190 2825 1259 2887 eius
1284 2823 1428 2905 qloriom,
1481 2823 1585 2886 beuter
1606 2824 1726 2902 obliquo
1750 2822 1835 2901 flexu
1859 2822 2014 2888 traherent
2040 2830 2105 2888 tam
2132 2824 2174 2888 ad
2194 2824 2459 2888 immortalitatem

453 2917 488 2975 ut
519 2910 647 2973 minime
677 2929 755 2988 opus
792 2909 833 2972 sit
869 2909 946 2972 aliis
975 2909 1155 2973 rhetoribus.
1218 2908 1305 2973 Unde
1336 2910 1430 2971 etiam
1482 2911 1608 2972 animae
1639 2908 1833 2986 aboleudam,
1874 2929 1970 2987 quam
2000 2912 2044 2974 od
2075 2910 2270 2991 eripiendum
2303 2909 2371 2973 Deo
2403 2909 2459 2983 ius

453 3017 560 3061 eorum
587 3015 643 3058 ora
671 2995 705 3056 in
732 2995 828 3058 aciem
849 2995 1020 3074 producere
1047 3016 1108 3059 nori
1135 2994 1254 3057 dubitat
1280 3000 1430 3074 tanquam
1481 3015 1582 3058 suum.
1629 2994 1715 3057 Nom
1741 2994 1818 3073 quia
1844 2997 2007 3075 orqanicac
2033 3001 2106 3058 sunt
2130 2997 2257 3059 animae
2282 2995 2458 3076 secudans,

453 3082 556 3146 aalide
585 3083 736 3143 instructo
763 3080 807 3144 ad
832 3080 1032 3160 refellendam
1058 3100 1165 3143 eorum
1187 3081 1354 3144 amentiam
1375 3080 1431 3160 qui
1481 3081 1535 3146 hoe
1555 3085 1720 3161 praetextu
1746 3080 1879 3162 alliqant
1906 3101 1974 3144 eam
2002 3083 2137 3160 corpori,
2175 3087 2210 3143 at
2241 3082 2310 3145 siue
2336 3101 2369 3144 eo
2395 3101 2460 3144 non

453 3167 519 3232 Dei
539 3186 646 3230 nornen
662 3185 726 3244 pro
747 3164 899 3237 diabolica
920 3186 981 3229 suo
1002 3167 1149 3247 superbia
1165 3167 1360 3248 exstinquere
1379 3185 1430 3229 cu-
1481 3167 1646 3244 subsistat;
1668 3169 1802 3228 riaturoe
1823 3186 1894 3230 aero
1911 3166 2027 3249 elcqiis,
2048 3173 2200 3246 quantum
2217 3167 2301 3230 inse
2318 3171 2370 3243 est,
2394 3164 2460 3229 Dei

449 3257 566 3336 pererit.
615 3251 703 3317 Unde
737 3255 764 3314 et
790 3251 872 3315 iliud
900 3253 1027 3333 unerqit
1051 3252 1132 3331 quod
1159 3272 1198 3315 ex
1227 3252 1331 3315 Arcto
1356 3253 1432 3316 citat
1481 3273 1590 3316 nomen
1611 3252 1822 3332 supprimunt.
1866 3251 1967 3332 Atqui
1994 3252 2079 3335 torrqe
2101 3253 2184 3317 obest
2205 3254 2283 3333 quin
2299 3252 2460 3333 potentiae

456 3339 599 3416 Paulus,
626 3356 683 3401 nos
710 3357 775 3400 esse
797 3336 861 3400 Dei
878 3339 1057 3423 propeniem
1079 3336 1168 3419 (Act.
1191 3341 1238 3414 17,
1259 3340 1332 3419 28);
1353 3338 1431 3418 quia
1483 3340 1607 3402 animoe
1627 3336 1893 3417 internetionibus
1914 3359 1993 3418 quoe
2014 3340 2133 3418 corpori
2160 3339 2298 3402 servirent
2318 3337 2461 3400 inclusae

453 3431 541 3489 tauta
564 3424 763 3504 praestantia
784 3443 841 3487 nos
862 3442 1032 3501 exornans,
1063 3443 1095 3486 se
1118 3427 1241 3504 patrem
1261 3423 1350 3487 nobis
1367 3442 1432 3486 esse
1482 3426 1553 3488 sint.
1600 3424 1685 3504 Quid
1705 3423 1759 3486 hoc
1778 3421 1821 3485 ad
1842 3442 1953 3503 eorpus
1979 3430 2014 3487 ut
2034 3425 2149 3489 coelum
2169 3424 2325 3500 metiaris,
2353 3443 2461 3487 nume-

453 3516 583 3576 testotus
604 3515 657 3574 est.
704 3508 805 3572 Sicuti
827 3510 920 3572 etiam
939 3529 977 3572 ex
997 3509 1152 3583 οοονοοονιν
1172 3529 1266 3573 sensu
1287 3514 1316 3572 et
1337 3509 1432 3588 quasi
1482 3531 1554 3574 rum
1574 3509 1734 3573 stellarum
1755 3507 1890 3589 colliqes,
1912 3514 2014 3574 teneas
2035 3511 2185 3589 cuiusque
2201 3509 2460 3591 maquitadinem,

454 3599 587 3661 dictante
612 3595 801 3677 experientia
821 3593 955 3675 profani
978 3600 1085 3676 poetae
1109 3615 1180 3658 eum
1207 3599 1354 3659 vocarunt
1380 3593 1431 3658 ho
1482 3597 1566 3660 scias
1593 3616 1654 3677 quo
1681 3595 1785 3673 spatio
1811 3595 1892 3658 inter
1918 3617 1951 3660 se
1977 3597 2104 3673 (intem,
2138 3617 2202 3676 quo
2235 3596 2385 3661 celeritate
2412 3595 2462 3659 oet

454 3682 578 3745 minum
602 3686 734 3762 patrem.
787 3680 895 3761 Neque
923 3701 994 3745 uero
1026 3701 1059 3745 se
1091 3681 1260 3762 quisquom
1292 3680 1373 3744 ultro
1404 3685 1432 3744 et
1483 3682 1628 3746 tarditate
1650 3678 1813 3758 conficiant
1833 3701 1907 3746 sum
1927 3703 2048 3760 cursus,
2071 3686 2143 3761 quot
2161 3681 2314 3764 prodibus
2334 3680 2393 3743 huc
2414 3681 2463 3746 oet

454 3768 580 3831 liberter
607 3765 674 3830 Deo
701 3766 821 3831 addicet
848 3768 884 3829 in
910 3765 1101 3847 obsequium,
1136 3768 1201 3830 nisi
1229 3766 1285 3847 qui
1310 3771 1431 3848 questato
1482 3768 1558 3833 illuc
1584 3765 1763 3844 deflectant?
1809 3764 1924 3831 Fateor
1951 3769 2076 3848 quidem
2102 3787 2168 3832 esse
2200 3767 2336 3848 aliquem
2363 3771 2463 3831 astro-

449 3858 582 3935 poterno
604 3853 672 3914 eius
693 3872 798 3915 cruore
818 3853 957 3917 omissim
984 3853 1028 3917 od
1049 3873 1120 3917 eum
1142 3853 1316 3917 amandum
1336 3857 1364 3916 et
1385 3873 1432 3917 co
1482 3854 1581 3935 lopiac
1607 3871 1717 3929 usum,·
1748 3852 1803 3916 sed
1831 3856 1952 3917 tantum
1979 3854 2115 3930 ostendo,
2149 3855 2184 3916 in
2214 3853 2272 3916 bac
2299 3857 2365 3915 tam
2394 3853 2463 3917 alta

455 3939 584 4002 undum
605 3936 724 4000 illectus
744 3939 848 4017 suerit.
1484 3938 1702 4019 disquisitione
1738 3958 1845 4001 rerum
1883 3939 2056 4004 coelestium
2089 3960 2151 4002 non
2183 3958 2249 4020 esse
2281 3938 2464 4020 orqarrinm

541 4029 570 4085 4.
616 4022 679 4085 Hic
711 4028 814 4086 autum
844 4024 994 4106 deteqitur
1019 4025 1111 4107 foeda
1137 4025 1298 4088 hominum
1326 4025 1432 4107 inpra-
1483 4024 1710 4106 synemetriom,
1739 4023 1794 4086 sed
1820 4044 1897 4087 suos
1924 4027 2050 4088 animae
2075 4045 2140 4090 esse
2160 4030 2271 4106 parics
2292 4045 2313 4087 a
2335 4043 2462 4106 corpore

454 4109 567 4186 titudo,
596 4109 653 4187 qui
679 4108 755 4171 dum
783 4110 816 4171 in
843 4130 875 4173 se
897 4113 1047 4175 continent
1072 4110 1230 4193 officinam
1258 4112 1433 4175 innumeris
1483 4113 1653 4191 separatas.
1703 4107 1890 4191 Euemplum
1922 4114 2021 4175 renum
2040 4111 2217 4192 proposui,
2251 4130 2290 4173 ex
2322 4130 2382 4188 quo
2414 4131 2463 4174 re-

455 4195 521 4259 Dei
541 4194 685 4276 operibus
702 4193 841 4273 nobilm
863 4200 891 4258 et
910 4197 1006 4260 simul
1027 4197 1186 4260 tabernam
1206 4196 1433 4262 inaestimabili
1483 4197 1571 4276 liquo
1603 4215 1739 4281 sumere,
1772 4195 1934 4286 lector-ibus
1956 4202 2138 4277 promptum
2171 4198 2237 4260 erit.
2291 4195 2464 4277 Multiplex

455 4301 548 4362 opum
570 4281 659 4360 copia
680 4279 834 4359 refertam,
859 4301 957 4360 quma
978 4303 1137 4364 erumpere
1153 4282 1291 4347 debuerit
1310 4285 1347 4347 in
1364 4282 1432 4346 lau
1482 4302 1559 4346 sone
1579 4281 1705 4344 animae
1725 4281 1853 4362 aqilitas
1875 4303 1939 4362 qua
1960 4284 2075 4348 coelum
2096 4287 2261 4372 et'terram
2276 4281 2461 4362 perlustrat,

453 4369 523 4445 des,
556 4371 641 4430 tasnto
667 4367 785 4429 maiore
810 4366 897 4447 fastu
924 4372 1031 4432 contra
1058 4368 1211 4447 imtantur
1238 4389 1275 4432 ac
1302 4373 1430 4451 turpent.
1476 4368 1653 4447 praeterito
1683 4367 1811 4447 futuris,
1836 4369 2004 4450 coniunqit,
2037 4370 2145 4433 retinet
2177 4368 2350 4431 memoriter
2382 4388 2463 4448 quae

457 4454 559 4534 Quem
585 4453 678 4516 miris
703 4452 805 4517 modis
829 4454 865 4516 in
886 4453 1129 4534 ipsisoperetur
1150 4453 1254 4532 Deus,
1280 4457 1432 4518 sentiunt:
1478 4453 1605 4535 pridem
1636 4453 1771 4529 audivit,
1804 4452 1866 4518 imo
1898 4454 2047 4533 quidlibet
2079 4455 2140 4519 sihi
2170 4453 2304 4535 fiqurat;
2334 4453 2464 4518 solertia

454 4543 604 4619 quantam
625 4539 720 4602 etiem
741 4538 891 4602 donorum
908 4540 1146 4604 uarietatemex
1162 4540 1231 4603 dus
1249 4539 1433 4603 liberalitate
1482 4540 1576 4603 etiem
1597 4559 1733 4619 quares
1754 4539 1948 4604 incredibiles
1970 4541 2132 4622 campitat,
2154 4543 2182 4603 et
2202 4559 2282 4619 quae
2303 4543 2344 4600 tot
2365 4540 2464 4602 mira-

448 4623 638 4704 possideant,
660 4644 721 4688 usu
743 4625 812 4704 ipso
833 4625 986 4689 docorum.
1030 4625 1117 4690 Haec
1142 4626 1319 4689 divinitatis
1340 4626 1432 4707 siqrm
1482 4624 1593 4688 bilium
1615 4625 1733 4687 artium
1754 4629 1853 4688 mater
1874 4631 1934 4703 est,
1963 4631 2045 4689 certa
2072 4630 2146 4688 sunt
2166 4624 2343 4690 diuinitatis
2364 4624 2463 4706 insiq-
2513 4622 2516 4628 ’

453 4729 528 4787 esse,
550 4715 698 4790 coquntur
719 4712 800 4774 scirc
821 4709 913 4773 uelint
933 4711 1046 4790 nolint,·
1074 4712 1160 4775 irrtus
1181 4716 1283 4776 tomen
1301 4713 1432 4791 suppri·
1482 4712 1539 4774 nic
1560 4711 1595 4773 in
1617 4709 1747 4773 emim.
1796 4711 1880 4790 Quid
1901 4713 1982 4791 quod
2002 4711 2182 4777 dormiendo
2203 4730 2265 4772 non
2285 4713 2407 4772 uuum
2427 4729 2461 4774 se

453 4798 549 4857 munt.
591 4794 664 4857 Non
696 4815 773 4876 opus
800 4796 925 4876 quidem
957 4802 1001 4860 est
1027 4803 1115 4861 extro
1143 4818 1176 4861 se
1206 4799 1292 4878 ipsos
1318 4797 1430 4879 eqrodi,
1482 4796 1665 4876 eircumaqit
1686 4800 1714 4859 et
1735 4801 1844 4873 cusat,
1867 4799 1922 4861 sed
1939 4797 2035 4860 niulta
2056 4798 2152 4861 utilia
2169 4795 2306 4876 concipit,
2328 4795 2366 4858 de
2382 4795 2463 4859 mul-

453 4879 542 4944 modo
563 4899 601 4943 ne
622 4880 683 4942 sibi
704 4882 878 4964 arroqando
905 4884 985 4962 quod
1014 4903 1029 4947 ε
1050 4883 1142 4948 coelis
1163 4881 1271 4946 datum
1293 4888 1349 4960 est,
1378 4883 1430 4946 de·
1482 4884 1524 4945 tis
1543 4882 1764 4958 ratiocinatur,
1792 4883 1905 4963 futura
1931 4885 2024 4946 etium
2045 4882 2192 4947 diuinet?
2240 4881 2324 4962 Quid
2345 4879 2395 4944 hic
2416 4881 2464 4944 di·

452 4965 576 5047 fodiant
597 4965 632 5027 in
653 4969 737 5028 terra
759 4968 840 5047 quod
862 4988 968 5032 eorum
988 4968 1141 5033 mentibus
1163 4969 1205 5032 ad
1224 4970 1327 5032 Deum
1349 4969 1432 5032 clare
1483 4968 1612 5031 cendum
1633 4972 1685 5043 est,
1708 4967 1775 5031 nisi
1795 4968 1891 5032 deleri
1912 4991 1974 5032 non
1990 4990 2082 5050 posse
2103 4989 2183 5049 quae
2205 4969 2240 5030 in
2263 4965 2385 5031 lumine
2406 4968 2464 5030 im-

454 5051 622 5115 videndum
649 5051 813 5129 praelucet.
869 5053 938 5118 Imo
970 5054 1170 5137 prodiqiosos
1198 5054 1287 5119 hodie
1319 5054 1432 5118 multos
1477 5072 1593 5135 pressa
1620 5058 1694 5116 suut
1720 5054 1963 5118 immortalitatis
1995 5056 2113 5138 siqua?
2156 5054 2249 5118 Nunc
2276 5073 2355 5132 quae
2381 5053 2463 5118 ratio

454 5137 589 5218 spiritus
610 5141 695 5199 terra
714 5139 856 5214 sustinet,
883 5141 939 5218 qui
962 5145 1058 5205 totum
1079 5139 1255 5204 diuinitatis
1274 5160 1375 5204 semen
1396 5141 1432 5202 in
1481 5140 1559 5220 ferd
1579 5144 1615 5200 ut
1635 5139 1678 5201 sit
1698 5138 1785 5201 hcmo
1806 5139 1948 5217 diuinus,
1978 5146 2006 5204 et
2026 5147 2191 5206 creatorem
2212 5160 2274 5203 non
2295 5139 2464 5220 aquascat?

454 5227 582 5286 natura
602 5221 742 5285 humana
773 5242 922 5304 sparsum
952 5225 1089 5307 conferre
1121 5246 1184 5289 non
1216 5226 1358 5288 dubitant
1388 5225 1432 5289 ad
1486 5224 1554 5288 Nos
1581 5223 1711 5301 scilicet,
1739 5225 1858 5289 iudicio
1884 5228 1965 5306 quod
1992 5227 2081 5292 nob-is
2102 5228 2239 5291 inditum
2260 5230 2320 5306 est,
2349 5226 2464 5290 discen

454 5309 645 5375 abutendum
678 5306 742 5371 Dei
774 5327 890 5372 nomen.
943 5312 1045 5392 Quam
1076 5310 1265 5376 detestabilis
1291 5317 1349 5388 est,
1384 5311 1432 5374 ob
1484 5330 1594 5374 nemus
1615 5310 1695 5373 inter
1715 5311 1835 5373 iustum
1855 5317 1884 5375 et
1904 5313 2069 5391 iniustum,
2092 5313 2200 5377 nudus
2221 5315 2326 5374 ouum
2346 5312 2407 5375 erit
2428 5312 2464 5375 in

454 5414 546 5472 secra,
569 5394 643 5458 laec
663 5394 801 5471 vesania,
829 5399 864 5457 ut
884 5394 971 5460 homo
991 5398 1028 5461 iu
1049 5417 1174 5478 corpore
1195 5416 1252 5460 suo
1274 5401 1301 5460 et
1323 5397 1432 5459 anima
1484 5395 1562 5459 coelo
1591 5394 1711 5458 iudex?
1755 5396 1855 5460 Nobis
1886 5400 1979 5461 eticm
2000 5401 2036 5462 in
2056 5419 2163 5463 somno
2184 5395 2320 5460 monebit
2339 5397 2465 5476 aliquid

456 5481 567 5543 centies
584 5480 688 5544 Deum
708 5480 875 5559 reperiens,
897 5479 951 5544 hoc
972 5483 1040 5563 ipso
1060 5482 1253 5547 excellentiae
1265 5486 1432 5564 praetextu
1470 5481 1647 5554 ‚residuum
1677 5482 1904 5565 intelliqentioe,
1927 5485 2036 5549 nullus
2058 5485 2149 5547 Deus
2170 5481 2317 5546 excubias
2339 5486 2406 5564 aqet
2428 5483 2465 5546 in

456 5564 562 5628 Deum
589 5586 654 5630 esse
683 5565 791 5646 neqet?
836 5565 909 5629 Non
937 5566 1036 5630 dicent
1063 5588 1096 5630 se
1127 5569 1255 5646 fortuito
1284 5589 1305 5630 a
1332 5567 1433 5631 brutis
1484 5567 1600 5631 mundo
1620 5568 1773 5650 rependo?
1806 5569 1863 5633 Tot
1883 5571 2002 5633 artium
2023 5588 2188 5648 rerumque
2208 5566 2336 5630 utilium
2359 5569 2466 5633 incen-

432 5650 669 5714 'animantibus
694 5652 868 5730 distinctos,
896 5656 1017 5715 tantum
1047 5651 1171 5718 obducto
1197 5658 1331 5717 noturac
1359 5653 1432 5731 oelo,
1484 5657 1565 5716 tores
1585 5653 1781 5732 censebimur,
1804 5660 1839 5718 ut
1854 5656 2020 5736 fraudetur
2037 5654 2127 5718 Deus
2148 5673 2209 5718 sua
2225 5652 2343 5715 laude?
2367 5674 2467 5734 quum
