5600 6809
379 770 440 832 753
750 765 840 833 LIB.
860 767 921 832 IV.
965 768 1029 833 DE
1052 767 1288 835 DX'DERNIS
1310 768 1476 836 Munus
1498 770 1563 834 AD
1586 767 1825 836 SALUTEM·
1862 769 1961 837 OAP.
1983 773 2010 837 I.
2322 781 2384 842 7⁵4

376 968 456 1024 tunc
478 956 610 1041 quidem
631 977 698 1020 non
720 964 849 1019 tantum
871 963 1001 1021 sanctos
1018 956 1074 1038 qui
1095 956 1242 1020 interra
1259 955 1353 1020 habi-
1406 956 1587 1041 bigendum
1614 967 1678 1036 est3
1708 957 1838 1039 quando
1871 959 1942 1024 eius
1974 962 2145 1042 promissio
2178 962 2290 1027 1011010
2316 961 2384 1027 non'

375 1052 450 1108 tant
471 1041 727 1126 comprehendit,
750 1040 807 1104 sed
824 1040 944 1106 electos
964 1063 1076 1105 omnes
1094 1042 1150 1124 qui
1167 1041 1207 1106 ab
1226 1042 1353 1125 origine
1405 1051 1527 1126 potest:
1556 1042 1742 1125 ubicunque
1771 1043 1835 1107 duo
1864 1052 1921 1108 aut
1949 1055 2017 1110 tres
2043 1048 2233 1130 congregati
2260 1048 2384 1111 fuerint

375 1130 491 1194 mundi
512 1131 653 1193 1001001.
690 1125 796 1210 Saepe
818 1134 929 1191 autem
950 1126 1104 1191 ecclesiae
1126 1127 1352 1191 0001100001-
1406 1130 1442 1192 in
1470 1129 1603 1193 nomine
1630 1148 1717 1205 meo,
1746 1128 1792 1192 ibi
1819 1130 1854 1192 in
1880 1129 1988 1194 medic
2010 1152 2123 1195 eorum
2146 1136 2224 1197 'sum
2247 1132 2382 1216 (Matth

375 1235 505 1280 versam
536 1214 708 1278 hominum
740 1212 985 1276 multitudinem
1019 1212 1055 1276 in
1087 1211 1164 1276 orbe
1198 1212 1352 1277 diffusam
1409 1220 1456 1292 18,
1477 1215 1542 1298 20).
1589 1213 1657 1279 Sed
1683 1221 1721 1277 ut
1748 1235 1911 1279 summam
1939 1216 2035 1281 huius
2062 1218 2110 1281 rei
2138 1217 2261 1299 liquido
2291 1226 2383 1283 tene-

376 1300 541 1382 designat,
572 1320 655 1381 quae
682 1320 784 1362 unum
809 1318 844 1363 se
865 1298 975 1362 Deum
997 1307 1031 1363 et
1052 1297 1225 1363 Christum
1245 1297 1352 1362 colere
1406 1321 1507 1379 amus,
1532 1301 1583 1365 his
1605 1299 1709 1364 veluti
1730 1299 1885 1382 gradibus
1901 1300 2176 1385 progrediendum
2193 1303 2382 1368 001100010-

375 1387 554 1468 profitetur,
582 1385 743 1468 baptismo
764 1384 916 1448 initiatur
939 1385 976 1447 in
997 1384 1067 1449 eius
1088 1383 1203 1461 fidem,
1233 1404 1351 1448 coenae
1404 1387 1486 1450 siam
1517 1385 1738 1451 universalem
1765 1406 1835 1450 esse
1862 1387 2027 1452 collectam
2062 1410 2104 1452 ex
2137 1388 2382 1471 quibuscunque

374 1471 624 1555 participatione
645 1470 805 1534 unitatem
827 1469 862 1532 in
884 1491 963 1534 vera
990 1468 1139 1535 doctrina
1161 1476 1195 1532 et
1215 1468 1352 1534 00111010
1403 1471 1554 1554 gentibus
1576 1469 1830 1549 multitudinem,
1853 1493 1936 1553 quae
1954 1473 2136 1538 intervallis
2154 1473 2298 1539 locorum
2316 1474 2383 1540 dis·

376 1554 537 1633 testatur,
579 1556 823 1621 consensionem
859 1554 959 1619 habet
993 1555 1029 1618 in
1062 1554 1162 1620 verbo
1203 1554 1350 1631 Domini,
1404 1558 1522 1620 sitast
1544 1555 1704 1640 dispersa,
1735 1557 1770 1620 in
1797 1578 1897 1621 unam
1923 1568 2034 1622 tamen
2061 1558 2192 1624 divinae
2215 1559 2382 1624 doctrinae

376 1654 473 1725 atque
491 1643 533 1707 ad
555 1643 624 1706 eius
645 1639 919 1723 praedicationem
941 1641 1161 1712 ministerium
1179 1646 1352 1705 conservat
1404 1644 1576 1708 veritatem
1608 1644 1783 1720 consentit,
1816 1650 1850 1705 et
1878 1643 2027 1708 eiusdem
2054 1645 2222 1728 religionis
2249 1646 2382 1711 vinculo

376 1729 551 1794 aOhristo
577 1727 775 1791 institutum.
821 1726 862 1789 In
891 1726 953 1790 hac
980 1734 1091 1790 autem
1117 1726 1251 1808 plurimi
1273 1732 1352 1789 sunt
1404 1729 1556 1811 colligata
1589 1737 1647 1793 est.
1694 1726 1765 1792 Sub
1798 1728 1860 1792 hac
1893 1729 1939 1791 ita
1970 1729 2201 1811 comprehendi
2234 1730 2382 1813 singulas

375 1816 531 1897 permixti
548 1812 749 1897 hypocritae,
768 1812 825 1893 qui
842 1811 925 1875 nihil
937 1811 1064 1876 Christi
1082 1811 1205 1876 habent
1221 1820 1353 1894 praeter
1404 1814 1566 1892 ecelesias,
1590 1835 1672 1896 quae
1690 1813 1868 1896 oppidatim
1890 1822 1924 1879 01
1945 1816 2077 1880 vietum
2099 1837 2158 1897 pro
2180 1816 2382 1880 necessitatis

375 1900 511 1964 titulum
531 1906 565 1963 01
586 1898 742 1980 000010111;
764 1897 901 1978 plurimi
917 1898 1091 1975 ambitiosi,
1114 1898 1214 1975 avari,
1238 1895 1350 1976 invidi,
1405 1901 1570 1964 humanae
1601 1901 1728 1963 ratione
1761 1899 1935 1981 dispositae
1969 1910 2062 1978 sunt,
2099 1909 2138 1964 ut
2170 1921 2383 1982 unaquaeque

375 1985 539 2063 maledici,
573 1983 674 2065 aliqui
706 1983 894 2065 impurioris
927 1985 1029 2061 vitae,
1064 1984 1121 2066 qui
1149 1983 1190 2047 ad
1221 1989 1352 2064 tempus
1405 2006 1525 2049 nomen
1554 1992 1588 2049 et
1608 1984 1816 2048 autoritatem
1844 1985 1998 2050 ecclesiae
2025 1987 2096 2049 iure
2124 1987 2285 2065 obtineat3
2313 1987 2383 2051 sin·

374 2071 571 2148 tolerantur,
605 2069 658 2133 vel
688 2069 764 2151 quia
791 2068 936 2151 legitimo
963 2069 1083 2134 iudicio
1117 2069 1266 2134 convinci
1293 2089 1351 2131 ne-
1405 2071 1498 2154 gulos
1515 2072 1675 2147 homines,
1694 2071 1750 2152 qui
1765 2071 1895 2153 pietatis
1912 2072 2112 2154 professione
2130 2072 2382 2136 intercoelesias

375 2165 514 2238 queunt,
540 2155 594 2221 vel
621 2156 698 2237 quia
726 2175 792 2218 non
820 2175 948 2236 semper
977 2175 1016 2219 ea
1042 2156 1133 2237 viget
1159 2153 1351 2236 disciplinae
1404 2156 1563 2221 eiusmodi
1585 2167 1776 2234 censentur,
1809 2155 1937 2220 etiamsi
1959 2156 2000 2220 ab
2022 2157 2157 2222 ecclesia
2180 2158 2247 2222 sint
2267 2178 2384 2221 revera

375 2242 533 2307 severitas
555 2262 639 2323 quae
662 2239 807 2304 debebat.
852 2239 1136 2320 Quemadmodum
1159 2261 1236 2322 ergo
1257 2240 1351 2304 nobis
1404 2243 1568 2320 extranei,
1602 2240 1643 2304 ad
1671 2243 1776 2324 ipsam
1803 2248 1913 2305 tamen
1945 2242 2181 2324 quodammodo
2207 2244 2382 2325 pertinere,

376 2328 588 2404 invisibilem,
618 2326 719 2391 solius
741 2326 804 2389 Dei
827 2325 929 2392 oeulis
951 2327 1159 2409 conspicuam
1181 2324 1352 2390 ecclesiam
1405 2327 1506 2392 donec
1541 2327 1669 2410 publico
1700 2325 1820 2391 iudicio
1852 2328 2060 2392 exterminati
2093 2329 2222 2392 fuerint
2268 2327 2383 2408 Quan-

375 2412 507 2477 credere
529 2433 661 2476 neeesse
684 2419 747 2489 001,
775 2413 822 2475 110
843 2412 943 2489 hanc,
970 2432 1053 2493 quae
1075 2417 1230 2495 respectu
1246 2411 1351 2474 homi-
1403 2435 1503 2495 quam
1523 2413 1622 2496 paulo
1644 2412 1775 2478 diversa
1792 2414 1895 2478 estin
1916 2414 2053 2495 privatis
2076 2413 2263 2478 hominibus
2285 2427 2382 2496 atque

375 2519 455 2563 num
477 2498 613 2563 ecclesia
634 2498 767 2576 dicitur,
797 2498 971 2563 observare
991 2499 1122 2580 eiusque
1150 2497 1351 2561 communio·
1403 2500 1438 2562 in
1471 2498 1614 2564 eeclesiis
1650 2498 1861 2563 aestimandis
1894 2500 1987 2563 ratio.
2042 2499 2115 2564 Usu
2147 2498 2236 2562 enim
2269 2501 2382 2564 venire

376 2605 453 2648 nem
475 2583 580 2648 colere
599 2583 759 2647 iubemur.
1404 2592 1524 2665 potest,
1554 2589 1591 2647 ut
1616 2605 1698 2665 quos
1720 2605 1786 2648 non
1808 2585 1941 2648 omnino
1962 2584 2151 2669 putabimus
2173 2583 2291 2666 dignos
2311 2605 2382 2648 esse

462 2674 490 2733 8.
545 2668 704 2746 Proinde,
737 2677 898 2751 quatenus
920 2689 992 2733 eam
1025 2687 1203 2751 agnoscere
1216 2694 1222 2702 ·
1237 2676 1351 2732 nostra
1403 2670 1533 2751 piorum
1554 2669 1725 2741 consortio,
1749 2677 1891 2734 tractare
1913 2676 2025 2733 tamen
2045 2671 2151 2734 instar
2172 2669 2326 2746 fratrum,
2350 2677 2384 2733 01

297 2760 303 2769 ’
376 2756 545 2830 intererat,
578 2754 743 2818 Dominus
771 2755 868 2818 certis
895 2754 981 2818 notis
1010 2761 1044 2817 et
1070 2755 1163 2836 quasi
1194 2753 1351 2838 symbolis
1403 2753 1549 2819 fidelium
1570 2755 1641 2819 1000
1663 2754 1785 2819 habere
1807 2754 1997 2833 debeamus,
2020 2765 2154 2838 propter
2176 2776 2383 2820 communem

375 2839 468 2904 nobis
497 2840 689 2922 designavit.
734 2840 826 2903 Haec
852 2839 983 2921 quidem
1012 2839 1189 2922 singularis
1215 2846 1266 2903 001
1287 2839 1352 2903 Dei
1403 2841 1558 2906 ecclesiae
1578 2860 1789 2916 eonsensum,
1819 2860 1882 2921 quo
1909 2841 2061 2904 teruntur
2088 2848 2122 2904 et
2142 2841 2326 2904 tolerantur
2347 2842 2383 2904 in

375 2927 477 3008 ipsius
498 2926 734 3008 praerogativa,
757 2945 853 2989 nosse
875 2926 929 3006 qui
953 2926 1003 2989 sui
1025 2925 1106 3002 sint,
1129 2933 1167 2989 ut
1188 2944 1288 3006 supro
1309 2925 1351 2988 ci
1404 2925 1530 2991 Christi
1552 2945 1695 3007 corpore.
1740 2925 1837 2989 Tales
1859 2926 2016 3008 suffragio
2038 2935 2150 2990 nostro
2172 2946 2239 2989 non
2266 2947 2383 3009 appro-

374 3013 510 3076 tucimus
531 3031 570 3075 ex
591 3010 704 3075 Paulo.
749 3011 794 3075 Et
814 3020 903 3075 certe
924 3032 966 3074 ne
988 3011 1161 3074 hominum
1184 3010 1352 3074 temeritas
1403 3013 1520 3077 bamus
1542 3031 1614 3076 esse
1636 3009 1791 3075 ecclesiae
1811 3010 1973 3088 membra;
2005 3009 2063 3075 sed
2084 3032 2183 3092 quem
2204 3012 2239 3073 in
2261 3011 2382 3093 populo

375 3118 413 3162 eo
435 3119 470 3162 se
491 3095 674 3178 proriperet
695 3098 862 3177 provisum
884 3105 949 3174 est,
975 3097 1046 3180 ipso
1067 3096 1209 3178 quotidie
1231 3104 1352 3161 eventu
1403 3096 1469 3161 Dei
1491 3097 1599 3161 locum
1619 3103 1749 3174 tenent,
1772 3095 1837 3160 illis
1859 3095 2089 3178 relinquimus,
2112 3094 2214 3159 donec
2236 3095 2383 3177 legitimo

375 3182 587 3259 admonente,
611 3202 709 3263 quam
736 3180 833 3266 longe
861 3203 994 3247 sensum
1015 3189 1167 3246 nostrum
1198 3187 1355 3262 superent
1403 3183 1475 3248 iure
1494 3183 1666 3248 adimatur.
1711 3182 1758 3246 At
1784 3181 1825 3246 de
1853 3183 1925 3264 ipsa
1945 3180 2159 3245 multitudine
2186 3180 2281 3243 aliter
2307 3201 2383 3245 sen·

374 3289 494 3333 arcana
514 3267 605 3332 illius
625 3266 753 3333 iudicia.
789 3269 875 3332 Nam
898 3276 931 3333 et
950 3268 1007 3350 qui
1028 3266 1240 3350 perditissimi
1260 3264 1353 3331 vide-
1404 3268 1554 3333 tiendum
1579 3276 1642 3332 est:
1676 3287 1760 3349 quae
1787 3268 1816 3332 si
1840 3267 2059 3332 ministerium
2085 3266 2185 3331 habet
2210 3266 2317 3343 verbi,
2351 3273 2385 3329 et

373 3353 504 3430 bantur,
526 3353 689 3436 planeque
710 3353 869 3436 deplorati
890 3354 1030 3431 fuerant,
1054 3354 1124 3418 eius
1148 3353 1294 3418 bonitate
1315 3353 1352 3415 in
1405 3353 1553 3433 honorat,
1575 3353 1604 3417 01
1626 3361 1906 3419 sacramentorum
1927 3352 2259 3429 administrationem,
2282 3351 2385 3416 eccls-

373 3440 462 3502 viam
483 3445 696 3517 revocantur;
718 3448 752 3503 et
773 3441 829 3521 qui
845 3459 925 3523 prae
943 3439 1017 3504 aliis
1034 3447 1121 3503 stare
1143 3437 1349 3516 videbantur,
1404 3442 1453 3505 sia
1471 3439 1582 3523 procul
1601 3439 1700 3504 dubio
1711 3438 1827 3503 haberi
1843 3447 1878 3502 et
1894 3439 2021 3504 censeri
2038 3446 2198 3503 meretur:
2218 3438 2295 3520 quia
2312 3438 2383 3502 sine

374 3536 473 3606 saepe=
508 3532 673 3590 conuunt.
727 3525 844 3608 Itaque
883 3524 1061 3590 seeundum
1095 3523 1255 3589 occultam
1286 3524 1351 3588 Dei
1403 3525 1588 3590 1100101110
1603 3547 1670 3589 non
1687 3526 1758 3589 esse
1776 3531 1903 3590 certum
1920 3532 1978 3589 est
2015 3524 2069 3587 Ita
2086 3531 2120 3587 et
2137 3522 2291 3587 ecclesiae
2308 3524 2383 3586 uni·

373 3608 711 3692 praedestinationem,
730 3620 769 3674 ut
785 3612 893 3693 inquit
909 3612 1123 3694 Augustinus,
1142 3607 1166 3693 Ι)
1188 3608 1351 3692 plurimae
1402 3611 1523 3677 versali
1556 3633 1650 3676 suam
1682 3630 1851 3675 servamus
1884 3611 2057 3687 unitatem,
2091 3629 2189 3691 quam
2221 3608 2383 3673 dissecare

373 3704 451 3760 sunt
471 3696 550 3759 foris
572 3716 663 3772 oves,
691 3696 825 3779 plurimi
847 3697 915 3778 lupi
937 3698 1036 3761 intus.
1080 3696 1183 3760 Novit
1204 3696 1293 3760 enim
1314 3715 1351 3760 ac
1401 3719 1532 3780 semper
1559 3695 1757 3761 studuerunt
1774 3694 1925 3761 diabolici
1948 3695 2095 3777 spiritus;
2123 3715 2185 3759 nec
2202 3693 2383 3760 conventus

373 3783 520 3864 signatos
542 3782 642 3847 habet
663 3783 717 3863 qui
739 3802 800 3847 nec
821 3804 897 3847 eum
919 3804 980 3847 nec
1002 3802 1037 3847 se
1059 3791 1190 3846 norunt
1234 3781 1288 3845 Dr
1310 3782 1351 3844 iis
1402 3784 1581 3867 legitimos,
1611 3783 1666 3865 qui
1693 3801 1753 3864 pro
1780 3781 1926 3846 locorum
1944 3781 2188 3864 opportunitate
2216 3778 2382 3844 distributi

373 3877 482 3930 autem
505 3868 561 3949 qui
587 3867 696 3949 palam
722 3869 792 3932 eius
818 3868 930 3933 ferunt
951 3869 1096 3951 signum,
1125 3868 1227 3950 100100
1252 3867 1350 3930 unius
1401 3877 1488 3946 sunt,
1511 3889 1570 3932 sua
1591 3866 1767 3932 autoritate
1788 3865 1988 3931 fraudamus.
2033 3914 2034 3918 ,

374 3952 457 4016 oculi
483 3952 597 4017 vident
623 3954 734 4035 quiet
761 3955 831 4017 sine
857 3955 988 4018 fictione
1014 3953 1120 4018 sancti
1149 3954 1230 4031 sint,
1260 3960 1294 4015 et
1313 3951 1351 4015 in
1491 3959 1539 4019 10.
1570 3951 1729 4038 Symbola
1746 3951 1900 4017 eeclesiae
1918 3951 2168 4036 dignoscendae,
2184 3949 2382 4033 verbipree-

373 4040 473 4102 finem
496 4060 599 4120 usque
620 4040 875 4121 perseveraturi:
903 4037 989 4121 quod
1010 4038 1145 4103 demum
1166 4045 1217 4103 est
1237 4037 1351 4102 salutis
1402 4040 1599 4105 (110011οο0111
1629 4046 1970 4120 sacramentorumque
1991 4038 2251 4103 observationem
2272 4038 2382 4118 posui-

374 4133 480 4206 caput.
531 4125 679 4188 Rursum
705 4133 832 4200 tamen,
860 4126 936 4206 quia
962 4124 1168 4206 aliquatenus
1195 4123 1350 4207 expedire
1402 4146 1485 4190 mus.
1529 4125 1616 4189 Nam
1641 4124 1722 4189 11000
1748 4144 1913 4205 nusquam
1939 4144 2009 4188 esse
2034 4130 2174 4206 possunt
2194 4123 2273 4204 quin
2293 4123 2382 4188 fruo-

374 4210 576 4291 providebat,
595 4219 633 4274 ut
652 4210 810 4273 sciremus
827 4211 883 4290 qui
899 4209 993 4273 nobis
1012 4208 1152 4273 habendi
1169 4230 1229 4292 010
1247 4209 1350 4290 ipsius
1402 4213 1535 4290 tificent,
1558 4218 1592 4275 01
1608 4210 1673 4275 Dei
1690 4208 1914 4274 benedictione
1930 4216 2171 4291 prosperentur.
2205 4207 2280 4270 Non
2298 4206 2379 4285 dico,

374 4295 450 4361 filiis
473 4304 590 4372 essent,
614 4295 676 4358 hac
693 4296 729 4358 in
746 4302 839 4376 parte
857 4316 892 4359 00
913 4295 1024 4377 000101
1041 4301 1152 4360 nostro
1170 4313 1350 4358 0000011110-
1404 4298 1587 4379 ubicunque
1620 4294 1827 4377 praedicatur
1852 4294 2004 4371 verbum,
2036 4294 2104 4358 illic
2131 4294 2273 4357 fructum
2302 4313 2380 4356 mox

374 4380 473 4447 davit.
524 4382 570 4445 Et
596 4381 751 4462 quoniam
777 4380 853 4445 fidei
883 4379 1043 4444 certitudo
1071 4379 1257 4445 necessaria
1282 4399 1350 4443 non
1403 4383 1539 4461 exoriri3
1565 4381 1623 4446 sed
1643 4380 1762 4446 nullibi
1787 4379 1889 4462 recipi
1909 4391 1944 4443 01
1971 4388 2091 4445 statam
2118 4376 2238 4441 habere
2258 4376 2380 4457 sedem,

374 4476 454 4546 0101,
477 4465 639 4551 quoddam
657 4467 802 4530 caritatis
818 4466 976 4532 iudicium
992 4467 1062 4531 eius
1079 4466 1149 4532 1000
1166 4465 1350 4530 substituit:
1403 4469 1468 4533 nisi
1495 4476 1533 4531 ut
1565 4488 1658 4532 suam
1691 4466 1869 4532 efficaciam
1896 4467 2047 4548 proferat
2097 4462 2289 4542 Utcunque,
2323 4462 2379 4526 ubi

374 4573 438 4632 quo
459 4573 518 4635 010
540 4553 694 4618 ecclesiae
719 4552 876 4617 membris
896 4571 1119 4635 agnoscamus,
1142 4552 1197 4634 qui
1220 4558 1253 4615 et
1274 4551 1351 4616 fidei
1403 4560 1593 4619 reverenter
1619 4552 1751 4617 auditur
1772 4551 1934 4635 evangehi
1961 4548 2169 4633 praedicatio,
2197 4566 2302 4628 neque
2327 4569 2379 4612 sa·

377 4637 585 4717 confessione,
603 4648 637 4702 et
653 4641 739 4702 vitae
757 4638 915 4721 exemplo,
933 4644 967 4701 et
983 4646 1262 4703 sacramentorum
1275 4659 1350 4719 par-
1403 4647 1570 4704 eramenta
1596 4638 1825 4722 negliguntur,
1852 4637 1919 4702 illio
1945 4657 2003 4717 pro
2025 4654 2064 4698 eo
2085 4640 2246 4715 tempore,
2273 4652 2379 4715 neque

376 4723 563 4803 tioipatione
596 4724 736 4788 eundem
771 4723 940 4789 nobiscum
966 4724 1075 4788 Deum
1112 4744 1148 4788 00
1179 4723 1351 4789 Obristum
1402 4725 1504 4790 fallax
1526 4745 1631 4807 neque
1653 4724 1807 4808 ambigua
1828 4721 1981 4809 ecclesiae
1998 4726 2133 4802 apparet
2153 4717 2264 4796 facies3
2287 4719 2379 4783 euius

376 4809 577 4889 profitentur.
631 4809 739 4891 Ipsius
771 4818 883 4874 autem
909 4811 1051 4891 corporis
1088 4810 1254 4887 notitiam,
1288 4832 1351 4893 quo
1403 4811 1458 4876 vel
1479 4811 1686 4875 autoritatem
1708 4828 1875 4892 spernere,
1904 4805 1958 4869 vel
1979 4803 2105 4868 monita
2128 4823 2295 4885 respuere,
2325 4803 2379 4868 vel

376 4893 481 4976 magis
508 4893 605 4956 saluti
632 4903 761 4958 nostrae
788 4895 1006 4961 necessariam
1034 4916 1105 4960 esse
1131 4903 1281 4975 noverat,
1313 4917 1351 4961 eo
1404 4897 1547 4963 consiliis
1575 4896 1746 4978 refragari,
1779 4892 1832 4958 vel
1859 4890 2086 4974 castigationes
2113 4888 2226 4952 ludere
2252 4889 2378 4953 nemini

376 4979 568 5042 certioribus
590 4978 677 5042 notis
699 4980 947 5046 commendavit.
1359 4984 1364 4992 ’
1404 4984 1539 5065 impune
1564 4982 1655 5061 lieet;
1680 4979 1785 5043 multo
1810 4977 1921 5040 minus
1948 4977 1989 5040 ab
2011 4995 2050 5038 ea
2071 4973 2222 5052 deficere,
2248 4995 2286 5040 00
2308 4976 2378 5041 eius

464 5068 492 5126 9.
542 5063 630 5127 Hine
657 5063 804 5127 nascitur
829 5066 922 5129 nobis
949 5077 983 5131 et
1008 5068 1147 5151 emergit
1178 5070 1352 5151 conspicua
1404 5069 1597 5150 abrumpere
1633 5067 1803 5131 unitatem.
1858 5062 1955 5125 Tanti
1988 5060 2077 5124 enim
2115 5059 2268 5125 ecelesiae
2300 5081 2378 5126 suae
2428 5146 2431 5151 φ

376 5149 479 5213 oculis
500 5148 622 5212 nostris
643 5147 797 5212 ecclesiae
813 5150 919 5214 facies.
957 5151 1023 5216 Ubi
1041 5154 1130 5217 enim
1147 5174 1276 5236 cunque
1287 5156 1351 5220 Dei
1404 5155 1666 5220 communionem
1693 5149 1772 5213 facit
1791 5147 1969 5225 Dominus,
2000 5153 2038 5209 ut
2065 5166 2123 5228 pro
2152 5146 2322 5228 transfuga
2344 5153 2378 5209 et

377 5234 512 5300 verbum
536 5235 658 5299 sincere
680 5231 862 5314 praedicari
884 5240 981 5315 atque
1011 5235 1131 5315 audiri,
1159 5237 1215 5302 ubi
1243 5261 1350 5306 sacra·
1405 5239 1569 5306 desertore
1590 5234 1757 5317 religionis
1777 5233 1906 5311 habeat,
1929 5232 2113 5315 quicunque
2134 5252 2170 5296 se
2192 5252 2212 5294 a
2233 5230 2378 5313 qualibet

377 5331 488 5385 menta
519 5342 561 5385 ex
593 5318 720 5385 (11111011
754 5317 906 5381 1110111010
938 5317 1159 5385 administrari
1191 5325 1349 5406 videmus,
1402 5327 1583 5391 christiana
1604 5322 1771 5396 societate,
1793 5339 1877 5402 quae
1898 5317 1995 5383 modo
2015 5337 2132 5384 verum
2152 5315 2244 5380 verbi
2266 5335 2303 5379 ac
2324 5336 2378 5379 sa·

378 5406 445 5470 illic
472 5408 615 5490 aliquam
644 5425 714 5470 esse
742 5403 809 5468 Ilei
836 5403 1006 5468 ecclesiam
1034 5405 1127 5469 nullo
1159 5406 1255 5471 modo
1282 5431 1349 5474 am·
1402 5416 1643 5476 crementorum
1669 5404 1890 5471 ministerium
1912 5404 2011 5481 colat,
2039 5401 2272 5467 contumaciter
2299 5399 2378 5465 alie·

1402 5497 1500 5560 narit
1536 5492 1679 5558 Siccius
1700 5491 1908 5556 autoritatem
1929 5486 2142 5564 commendat,
2166 5496 2203 5549 ut
2224 5484 2303 5549 dum
2320 5485 2379 5550 1110

1403 5581 1558 5655 11010101,
1593 5598 1686 5642 00010
1713 5579 1816 5662 100100
1847 5577 2056 5643 imminutam
2081 5579 2220 5638 censeat.
2272 5571 2379 5653 Neqtoe

448 5680 595 5746 1100110,
614 5679 816 5734 00011110
833 5677 915 5732 110.
1403 5668 1486 5730 enim
1501 5663 1599 5745 parvi
1624 5666 1767 5731 000011·
1786 5669 1845 5744 est,
1866 5662 2094 5748 0001100010
2114 5659 2256 5724 0101000
2275 5663 2303 5723 et
2323 5657 2380 5738 fir-

484 5766 595 5822 Oolot'm‘
608 5782 701 5836 opera
741 5762 862 5820 70111.
2138 5758 2173 5813 43
