<?xml version="1.0" encoding="UTF-8"?>
<!DOCTYPE html PUBLIC "-//W3C//DTD XHTML 1.0 Transitional//EN"
    "http://www.w3.org/TR/xhtml1/DTD/xhtml1-transitional.dtd">
<html xmlns="http://www.w3.org/1999/xhtml" xml:lang="en" lang="en">
 <head>
  <title>
</title>
<meta http-equiv="Content-Type" content="text/html;charset=utf-8" />
  <meta name='ocr-system' content='tesseract 3.04.00' />
  <meta name='ocr-capabilities' content='ocr_page ocr_carea ocr_par ocr_line ocrx_word'/>
</head>
<body>
  <div class='ocr_page' id='page_1' title='image "./ioanniscalvinio10calvgoog/ioanniscalvinio10calvgoog_0178.png"; bbox 0 0 5600 6809; ppageno 0'>
   <div class='ocr_carea' id='block_1_1' title="bbox 403 719 2414 854">
    <p class='ocr_par' dir='ltr' id='par_1_1' title="bbox 403 719 2414 854">
     <span class='ocr_line' id='line_1_1' title="bbox 403 719 2414 854; baseline -0.002 0"><span class='ocrx_word' id='word_1_1' title='bbox 403 794 464 854; x_wconf 80' lang='lat' dir='ltr'><strong>nc</strong></span> <span class='ocrx_word' id='word_1_2' title='bbox 649 719 659 748; x_wconf 49' lang='grc' dir='ltr'>Ι</span> <span class='ocrx_word' id='word_1_3' title='bbox 1053 782 1319 851; x_wconf 76' lang='lat' dir='ltr'><strong>marmorio</strong></span> <span class='ocrx_word' id='word_1_4' title='bbox 1340 785 1444 851; x_wconf 83' lang='lat' dir='ltr'><strong>anu.</strong></span> <span class='ocrx_word' id='word_1_5' title='bbox 1468 784 1649 852; x_wconf 80' lang='lat' dir='ltr'><strong>cumen.</strong></span> <span class='ocrx_word' id='word_1_6' title='bbox 1674 789 1764 850; x_wconf 85' lang='lat'><strong>1559.</strong></span> <span class='ocrx_word' id='word_1_7' title='bbox 1990 741 2052 843; x_wconf 69' lang='lat' dir='ltr'><em>Q</em></span> <span class='ocrx_word' id='word_1_8' title='bbox 2350 788 2414 850; x_wconf 81' lang='lat' dir='ltr'><strong>oso</strong></span> 
     </span>
    </p>
   </div>
   <div class='ocr_carea' id='block_1_2' title="bbox 327 972 2488 5684">
    <p class='ocr_par' dir='ltr' id='par_1_2' title="bbox 327 972 2488 5684">
     <span class='ocr_line' id='line_1_2' title="bbox 395 972 2413 1061; baseline -0.001 -18"><span class='ocrx_word' id='word_1_9' title='bbox 395 999 496 1061; x_wconf 90' lang='lat' dir='ltr'><strong>prope</strong></span> <span class='ocrx_word' id='word_1_10' title='bbox 517 979 696 1054; x_wconf 70' lang='lat' dir='ltr'><strong>adarim,</strong></span> <span class='ocrx_word' id='word_1_11' title='bbox 725 975 816 1039; x_wconf 86' lang='lat' dir='ltr'><strong>ouius</strong></span> <span class='ocrx_word' id='word_1_12' title='bbox 840 975 953 1056; x_wconf 89' lang='lat' dir='ltr'><strong>fuisset</strong></span> <span class='ocrx_word' id='word_1_13' title='bbox 978 976 1167 1041; x_wconf 67' lang='lat' dir='ltr'><strong>constantiae</strong></span> <span class='ocrx_word' id='word_1_14' title='bbox 1191 975 1240 1039; x_wconf 87' lang='lat' dir='ltr'><strong>ael</strong></span> <span class='ocrx_word' id='word_1_15' title='bbox 1259 975 1381 1057; x_wconf 82' lang='lat' dir='ltr'><strong>maqni·</strong></span> <span class='ocrx_word' id='word_1_16' title='bbox 1433 975 1580 1038; x_wconf 88' lang='lat' dir='ltr'><strong>mutilum</strong></span> <span class='ocrx_word' id='word_1_17' title='bbox 1606 979 1683 1038; x_wconf 88' lang='lat' dir='ltr'><strong>esset</strong></span> <span class='ocrx_word' id='word_1_18' title='bbox 1703 975 1785 1054; x_wconf 90' lang='lat' dir='ltr'><strong>quod</strong></span> <span class='ocrx_word' id='word_1_19' title='bbox 1805 973 1953 1038; x_wconf 79' lang='lat' dir='ltr'><strong>laamas</strong></span> <span class='ocrx_word' id='word_1_20' title='bbox 1974 973 2126 1037; x_wconf 76' lang='lat' dir='ltr'><strong>diximus.</strong></span> <span class='ocrx_word' id='word_1_21' title='bbox 2170 972 2311 1054; x_wconf 84' lang='lat' dir='ltr'><strong>Quando</strong></span> <span class='ocrx_word' id='word_1_22' title='bbox 2329 976 2413 1040; x_wconf 87' lang='lat' dir='ltr'><strong>enirn</strong></span> 
     </span>
     <span class='ocr_line' id='line_1_3' title="bbox 401 1057 2412 1144; baseline -0.001 -15"><span class='ocrx_word' id='word_1_23' title='bbox 401 1064 547 1130; x_wconf 81' lang='lat' dir='ltr'><strong>tudinis?</strong></span> <span class='ocrx_word' id='word_1_24' title='bbox 580 1062 668 1144; x_wconf 75' lang='lat' dir='ltr'><strong>Quod</strong></span> <span class='ocrx_word' id='word_1_25' title='bbox 689 1062 773 1126; x_wconf 89' lang='lat' dir='ltr'><strong>enim</strong></span> <span class='ocrx_word' id='word_1_26' title='bbox 788 1062 1007 1144; x_wconf 80' lang='lat' dir='ltr'><strong>prodiqiosum</strong></span> <span class='ocrx_word' id='word_1_27' title='bbox 1021 1062 1139 1125; x_wconf 90' lang='lat' dir='ltr'><strong>censeri</strong></span> <span class='ocrx_word' id='word_1_28' title='bbox 1158 1061 1249 1141; x_wconf 71' lang='lat' dir='ltr'><strong>onbyo</strong></span> <span class='ocrx_word' id='word_1_29' title='bbox 1265 1066 1381 1140; x_wconf 82' lang='lat' dir='ltr'><strong>posset,</strong></span> <span class='ocrx_word' id='word_1_30' title='bbox 1432 1061 1468 1124; x_wconf 90' lang='lat' dir='ltr'><strong>in</strong></span> <span class='ocrx_word' id='word_1_31' title='bbox 1489 1080 1600 1138; x_wconf 88' lang='lat' dir='ltr'><strong>cruce,</strong></span> <span class='ocrx_word' id='word_1_32' title='bbox 1623 1066 1728 1123; x_wconf 83' lang='lat' dir='ltr'><strong>morte</strong></span> <span class='ocrx_word' id='word_1_33' title='bbox 1757 1068 1791 1123; x_wconf 90' lang='lat' dir='ltr'><strong>et</strong></span> <span class='ocrx_word' id='word_1_34' title='bbox 1817 1059 1986 1141; x_wconf 78' lang='lat' dir='ltr'><strong>sepultura</strong></span> <span class='ocrx_word' id='word_1_35' title='bbox 2007 1057 2133 1123; x_wconf 79' lang='lat' dir='ltr'>Christi</span> <span class='ocrx_word' id='word_1_36' title='bbox 2161 1059 2291 1125; x_wconf 88' lang='lat' dir='ltr'><strong>nonnisi</strong></span> <span class='ocrx_word' id='word_1_37' title='bbox 2319 1059 2412 1126; x_wconf 84' lang='lat' dir='ltr'><strong>infir-</strong></span> 
     </span>
     <span class='ocr_line' id='line_1_4' title="bbox 401 1143 2488 1232; baseline -0.002 -17"><span class='ocrx_word' id='word_1_38' title='bbox 401 1151 438 1215; x_wconf 89' lang='lat' dir='ltr'><strong>de</strong></span> <span class='ocrx_word' id='word_1_39' title='bbox 458 1170 491 1214; x_wconf 90' lang='lat' dir='ltr'><strong>oo</strong></span> <span class='ocrx_word' id='word_1_40' title='bbox 512 1151 662 1232; x_wconf 84' lang='lat' dir='ltr'><strong>refertur,</strong></span> <span class='ocrx_word' id='word_1_41' title='bbox 685 1167 769 1228; x_wconf 88' lang='lat' dir='ltr'><strong>prae</strong></span> <span class='ocrx_word' id='word_1_42' title='bbox 789 1147 979 1211; x_wconf 69' lang='lat' dir='ltr'><strong><em>vehementia</em></strong></span> <span class='ocrx_word' id='word_1_43' title='bbox 999 1147 1159 1211; x_wconf 78' lang='lat' dir='ltr'><strong>mactatus</strong></span> <span class='ocrx_word' id='word_1_44' title='bbox 1179 1150 1285 1228; x_wconf 76' lang='lat' dir='ltr'><strong>predas</strong></span> <span class='ocrx_word' id='word_1_45' title='bbox 1307 1165 1381 1210; x_wconf 90' lang='lat' dir='ltr'><strong>san·</strong></span> <span class='ocrx_word' id='word_1_46' title='bbox 1432 1147 1531 1210; x_wconf 82' lang='lat' dir='ltr'><strong>mites</strong></span> <span class='ocrx_word' id='word_1_47' title='bbox 1548 1151 1694 1229; x_wconf 86' lang='lat' dir='ltr'><strong>apparet,</strong></span> <span class='ocrx_word' id='word_1_48' title='bbox 1716 1144 1948 1210; x_wconf 84' lang='lat' dir='ltr'><strong>transsilienda</strong></span> <span class='ocrx_word' id='word_1_49' title='bbox 1964 1152 2043 1209; x_wconf 91' lang='lat' dir='ltr'><strong>sunt</strong></span> <span class='ocrx_word' id='word_1_50' title='bbox 2058 1144 2117 1208; x_wconf 86' lang='lat' dir='ltr'><strong>illa</strong></span> <span class='ocrx_word' id='word_1_51' title='bbox 2138 1145 2250 1209; x_wconf 86' lang='lat' dir='ltr'><strong>omnia</strong></span> <span class='ocrx_word' id='word_1_52' title='bbox 2267 1143 2352 1226; x_wconf 87' lang='lat' dir='ltr'><strong>fidei,</strong></span> <span class='ocrx_word' id='word_1_53' title='bbox 2374 1155 2413 1212; x_wconf 90' lang='lat' dir='ltr'><strong>nt</strong></span> <span class='ocrx_word' id='word_1_54' title='bbox 2481 1149 2488 1159; x_wconf 85' lang='lat'>&#39;</span> 
     </span>
     <span class='ocr_line' id='line_1_5' title="bbox 399 1229 2413 1320; baseline 0 -21"><span class='ocrx_word' id='word_1_55' title='bbox 399 1237 510 1320; x_wconf 79' lang='lat' dir='ltr'><strong>quinis</strong></span> <span class='ocrx_word' id='word_1_56' title='bbox 531 1256 569 1299; x_wconf 86' lang='lat' dir='ltr'><strong>en</strong></span> <span class='ocrx_word' id='word_1_57' title='bbox 592 1235 659 1298; x_wconf 90' lang='lat' dir='ltr'><strong>eins</strong></span> <span class='ocrx_word' id='word_1_58' title='bbox 679 1234 763 1313; x_wconf 89' lang='lat' dir='ltr'><strong>facie</strong></span> <span class='ocrx_word' id='word_1_59' title='bbox 779 1233 920 1312; x_wconf 75' lang='lat' dir='ltr'><strong>finxisse.</strong></span> <span class='ocrx_word' id='word_1_60' title='bbox 954 1231 1063 1313; x_wconf 86' lang='lat' dir='ltr'><strong>Neque</strong></span> <span class='ocrx_word' id='word_1_61' title='bbox 1082 1253 1154 1296; x_wconf 88' lang='lat' dir='ltr'><strong>aero</strong></span> <span class='ocrx_word' id='word_1_62' title='bbox 1174 1231 1381 1310; x_wconf 74' lang='lat' dir='ltr'><strong>spectaculum</strong></span> <span class='ocrx_word' id='word_1_63' title='bbox 1433 1231 1529 1314; x_wconf 90' lang='lat' dir='ltr'><strong>pleno</strong></span> <span class='ocrx_word' id='word_1_64' title='bbox 1563 1232 1679 1296; x_wconf 91' lang='lat' dir='ltr'><strong>robore</strong></span> <span class='ocrx_word' id='word_1_65' title='bbox 1708 1232 1897 1295; x_wconf 81' lang='lat' dir='ltr'><strong>instruatur.</strong></span> <span class='ocrx_word' id='word_1_66' title='bbox 1948 1229 2092 1294; x_wconf 82' lang='lat' dir='ltr'><strong>Proinde</strong></span> <span class='ocrx_word' id='word_1_67' title='bbox 2119 1232 2248 1296; x_wconf 86' lang='lat' dir='ltr'><strong>tametsi</strong></span> <span class='ocrx_word' id='word_1_68' title='bbox 2278 1233 2315 1295; x_wconf 92' lang='lat' dir='ltr'><strong>in</strong></span> <span class='ocrx_word' id='word_1_69' title='bbox 2342 1234 2413 1299; x_wconf 90' lang='lat' dir='ltr'><strong>eius</strong></span> 
     </span>
     <span class='ocr_line' id='line_1_6' title="bbox 400 1315 2414 1401; baseline -0.001 -15"><span class='ocrx_word' id='word_1_70' title='bbox 400 1321 455 1386; x_wconf 86' lang='lat' dir='ltr'><strong>boc</strong></span> <span class='ocrx_word' id='word_1_71' title='bbox 471 1322 620 1400; x_wconf 86' lang='lat' dir='ltr'><strong>praebuit</strong></span> <span class='ocrx_word' id='word_1_72' title='bbox 639 1320 777 1384; x_wconf 88' lang='lat' dir='ltr'><strong>aliorum</strong></span> <span class='ocrx_word' id='word_1_73' title='bbox 796 1319 908 1396; x_wconf 90' lang='lat' dir='ltr'><strong>oculis,</strong></span> <span class='ocrx_word' id='word_1_74' title='bbox 936 1338 1033 1399; x_wconf 92' lang='lat' dir='ltr'><strong>quum</strong></span> <span class='ocrx_word' id='word_1_75' title='bbox 1060 1319 1096 1381; x_wconf 90' lang='lat' dir='ltr'><strong>in</strong></span> <span class='ocrx_word' id='word_1_76' title='bbox 1122 1337 1238 1382; x_wconf 90' lang='lat' dir='ltr'><strong>arcano</strong></span> <span class='ocrx_word' id='word_1_77' title='bbox 1259 1336 1381 1381; x_wconf 87' lang='lat' dir='ltr'><strong>recessu</strong></span> <span class='ocrx_word' id='word_1_78' title='bbox 1433 1325 1539 1382; x_wconf 87' lang='lat' dir='ltr'><strong>morte</strong></span> <span class='ocrx_word' id='word_1_79' title='bbox 1556 1316 1715 1382; x_wconf 84' lang='lat' dir='ltr'><strong>habemus</strong></span> <span class='ocrx_word' id='word_1_80' title='bbox 1732 1316 1872 1382; x_wconf 88' lang='lat' dir='ltr'><strong>solidum</strong></span> <span class='ocrx_word' id='word_1_81' title='bbox 1891 1315 2008 1380; x_wconf 84' lang='lat' dir='ltr'><strong>salutis</strong></span> <span class='ocrx_word' id='word_1_82' title='bbox 2024 1315 2312 1399; x_wconf 84' lang='lat' dir='ltr'><strong>complementum,</strong></span> <span class='ocrx_word' id='word_1_83' title='bbox 2335 1319 2414 1401; x_wconf 86' lang='lat' dir='ltr'><strong>quia</strong></span> 
     </span>
     <span class='ocr_line' id='line_1_7' title="bbox 398 1401 2413 1491; baseline -0 -20"><span class='ocrx_word' id='word_1_84' title='bbox 398 1409 532 1491; x_wconf 82' lang='lat' dir='ltr'><strong>qemitns</strong></span> <span class='ocrx_word' id='word_1_85' title='bbox 559 1425 633 1470; x_wconf 86' lang='lat' dir='ltr'><strong>suas</strong></span> <span class='ocrx_word' id='word_1_86' title='bbox 666 1405 709 1469; x_wconf 93' lang='lat' dir='ltr'><strong>ad</strong></span> <span class='ocrx_word' id='word_1_87' title='bbox 729 1408 855 1483; x_wconf 85' lang='lat' dir='ltr'><strong>patrem</strong></span> <span class='ocrx_word' id='word_1_88' title='bbox 886 1404 1041 1486; x_wconf 74' lang='lat' dir='ltr'><strong>diriperet.</strong></span> <span class='ocrx_word' id='word_1_89' title='bbox 1086 1402 1132 1467; x_wconf 79' lang='lat' dir='ltr'><strong>Et</strong></span> <span class='ocrx_word' id='word_1_90' title='bbox 1160 1404 1381 1468; x_wconf 75' lang='lat' dir='ltr'><strong>dubitationum</strong></span> <span class='ocrx_word' id='word_1_91' title='bbox 1433 1424 1493 1486; x_wconf 85' lang='lat' dir='ltr'><strong>per</strong></span> <span class='ocrx_word' id='word_1_92' title='bbox 1520 1424 1594 1467; x_wconf 85' lang='lat' dir='ltr'><strong>eam</strong></span> <span class='ocrx_word' id='word_1_93' title='bbox 1620 1410 1654 1466; x_wconf 89' lang='grc' dir='ltr'><strong>ει</strong></span> <span class='ocrx_word' id='word_1_94' title='bbox 1675 1404 1747 1468; x_wconf 83' lang='grc' dir='ltr'><strong>Βοο</strong></span> <span class='ocrx_word' id='word_1_95' title='bbox 1775 1401 1975 1468; x_wconf 86' lang='lat' dir='ltr'><strong>reconciliati</strong></span> <span class='ocrx_word' id='word_1_96' title='bbox 2002 1422 2131 1476; x_wconf 89' lang='lat' dir='ltr'><strong>sumus,</strong></span> <span class='ocrx_word' id='word_1_97' title='bbox 2165 1410 2199 1465; x_wconf 88' lang='lat' dir='ltr'><strong>et</strong></span> <span class='ocrx_word' id='word_1_98' title='bbox 2225 1404 2313 1468; x_wconf 89' lang='lat' dir='ltr'><strong>iusto</strong></span> <span class='ocrx_word' id='word_1_99' title='bbox 2340 1406 2413 1471; x_wconf 87' lang='lat' dir='ltr'><strong>eius</strong></span> 
     </span>
     <span class='ocr_line' id='line_1_8' title="bbox 400 1485 2411 1573; baseline -0 -17"><span class='ocrx_word' id='word_1_100' title='bbox 400 1494 509 1557; x_wconf 79' lang='lat' dir='ltr'><strong>eximit</strong></span> <span class='ocrx_word' id='word_1_101' title='bbox 540 1492 620 1573; x_wconf 90' lang='lat' dir='ltr'><strong>quod</strong></span> <span class='ocrx_word' id='word_1_102' title='bbox 653 1492 792 1572; x_wconf 86' lang='lat' dir='ltr'><strong>onqelos,</strong></span> <span class='ocrx_word' id='word_1_103' title='bbox 825 1490 882 1569; x_wconf 89' lang='lat' dir='ltr'><strong>qui</strong></span> <span class='ocrx_word' id='word_1_104' title='bbox 913 1490 1044 1554; x_wconf 89' lang='lat' dir='ltr'><strong>insolita</strong></span> <span class='ocrx_word' id='word_1_105' title='bbox 1075 1490 1279 1554; x_wconf 69' lang='lat' dir='ltr'><strong><em>consolatione</em></strong></span> <span class='ocrx_word' id='word_1_106' title='bbox 1311 1508 1380 1552; x_wconf 91' lang='lat' dir='ltr'><strong>enm</strong></span> <span class='ocrx_word' id='word_1_107' title='bbox 1433 1488 1553 1554; x_wconf 90' lang='lat' dir='ltr'><strong>iudicio</strong></span> <span class='ocrx_word' id='word_1_108' title='bbox 1575 1489 1793 1565; x_wconf 82' lang='lat' dir='ltr'><strong>satisfactum,</strong></span> <span class='ocrx_word' id='word_1_109' title='bbox 1817 1496 1850 1552; x_wconf 89' lang='grc' dir='ltr'><strong>ει</strong></span> <span class='ocrx_word' id='word_1_110' title='bbox 1869 1485 2053 1552; x_wconf 83' lang='lat' dir='ltr'><strong>maledictio</strong></span> <span class='ocrx_word' id='word_1_111' title='bbox 2076 1488 2220 1567; x_wconf 87' lang='lat' dir='ltr'><strong>sublata,</strong></span> <span class='ocrx_word' id='word_1_112' title='bbox 2243 1497 2277 1553; x_wconf 90' lang='lat' dir='ltr'><strong>et</strong></span> <span class='ocrx_word' id='word_1_113' title='bbox 2297 1511 2411 1573; x_wconf 88' lang='lat' dir='ltr'><strong>perso-</strong></span> 
     </span>
     <span class='ocr_line' id='line_1_9' title="bbox 401 1571 2411 1661; baseline -0.001 -18"><span class='ocrx_word' id='word_1_114' title='bbox 401 1580 566 1661; x_wconf 84' lang='lat' dir='ltr'><strong>eriqerent,</strong></span> <span class='ocrx_word' id='word_1_115' title='bbox 594 1598 610 1641; x_wconf 88' lang='grc' dir='ltr'>ε</span> <span class='ocrx_word' id='word_1_116' title='bbox 639 1577 719 1640; x_wconf 91' lang='lat' dir='ltr'><strong>coelo</strong></span> <span class='ocrx_word' id='word_1_117' title='bbox 745 1575 923 1639; x_wconf 84' lang='lat' dir='ltr'><strong>descendere</strong></span> <span class='ocrx_word' id='word_1_118' title='bbox 943 1595 1062 1639; x_wconf 88' lang='lat' dir='ltr'><strong>necesse</strong></span> <span class='ocrx_word' id='word_1_119' title='bbox 1081 1575 1152 1656; x_wconf 89' lang='lat' dir='ltr'><strong>fuit.</strong></span> <span class='ocrx_word' id='word_1_120' title='bbox 1199 1575 1303 1656; x_wconf 58' lang='lat' dir='ltr'><strong>Qum</strong></span> <span class='ocrx_word' id='word_1_121' title='bbox 1318 1594 1381 1654; x_wconf 86' lang='lat' dir='ltr'><strong>pn·</strong></span> <span class='ocrx_word' id='word_1_122' title='bbox 1432 1574 1505 1640; x_wconf 80' lang='lat' dir='ltr'><strong>luta</strong></span> <span class='ocrx_word' id='word_1_123' title='bbox 1526 1583 1703 1657; x_wconf 81' lang='lat' dir='ltr'><strong>estpoena:</strong></span> <span class='ocrx_word' id='word_1_124' title='bbox 1727 1571 1867 1639; x_wconf 83' lang='lat' dir='ltr'><strong>dicimur</strong></span> <span class='ocrx_word' id='word_1_125' title='bbox 1888 1583 1998 1637; x_wconf 85' lang='lat' dir='ltr'><strong>tamen</strong></span> <span class='ocrx_word' id='word_1_126' title='bbox 2022 1593 2087 1637; x_wconf 91' lang='lat' dir='ltr'><strong>non</strong></span> <span class='ocrx_word' id='word_1_127' title='bbox 2108 1582 2327 1657; x_wconf 87' lang='lat' dir='ltr'><strong>permortem,</strong></span> <span class='ocrx_word' id='word_1_128' title='bbox 2352 1577 2411 1641; x_wconf 92' lang='lat' dir='ltr'><strong>sed</strong></span> 
     </span>
     <span class='ocr_line' id='line_1_10' title="bbox 400 1659 2410 1744; baseline -0.001 -15"><span class='ocrx_word' id='word_1_129' title='bbox 400 1665 518 1742; x_wconf 89' lang='lat' dir='ltr'><strong>denda,</strong></span> <span class='ocrx_word' id='word_1_130' title='bbox 546 1668 580 1727; x_wconf 92' lang='lat' dir='ltr'><strong>nt</strong></span> <span class='ocrx_word' id='word_1_131' title='bbox 602 1663 686 1739; x_wconf 85' lang='lat' dir='ltr'><strong>dini,</strong></span> <span class='ocrx_word' id='word_1_132' title='bbox 715 1661 827 1742; x_wconf 88' lang='lat' dir='ltr'><strong>fnisset</strong></span> <span class='ocrx_word' id='word_1_133' title='bbox 852 1659 927 1724; x_wconf 85' lang='lat' dir='ltr'><strong>baec</strong></span> <span class='ocrx_word' id='word_1_134' title='bbox 948 1661 1112 1738; x_wconf 86' lang='lat' dir='ltr'><strong>mollities,</strong></span> <span class='ocrx_word' id='word_1_135' title='bbox 1142 1681 1175 1724; x_wconf 92' lang='lat' dir='ltr'><strong>eo</strong></span> <span class='ocrx_word' id='word_1_136' title='bbox 1201 1680 1299 1740; x_wconf 89' lang='lat' dir='ltr'><strong>nsque</strong></span> <span class='ocrx_word' id='word_1_137' title='bbox 1320 1665 1380 1724; x_wconf 91' lang='lat' dir='ltr'><strong>tor·</strong></span> <span class='ocrx_word' id='word_1_138' title='bbox 1432 1682 1492 1744; x_wconf 89' lang='lat' dir='ltr'><strong>per</strong></span> <span class='ocrx_word' id='word_1_139' title='bbox 1502 1660 1776 1726; x_wconf 89' lang='lat' dir='ltr'><strong>resurrectionem</strong></span> <span class='ocrx_word' id='word_1_140' title='bbox 1793 1659 1977 1742; x_wconf 86' lang='lat' dir='ltr'><strong>regenerati</strong></span> <span class='ocrx_word' id='word_1_141' title='bbox 1995 1659 2030 1722; x_wconf 93' lang='lat' dir='ltr'><strong>in</strong></span> <span class='ocrx_word' id='word_1_142' title='bbox 2043 1680 2135 1740; x_wconf 85' lang='lat' dir='ltr'><strong>spem</strong></span> <span class='ocrx_word' id='word_1_143' title='bbox 2147 1660 2260 1725; x_wconf 84' lang='lat' dir='ltr'><strong>vivam</strong></span> <span class='ocrx_word' id='word_1_144' title='bbox 2272 1661 2304 1743; x_wconf 89' lang='lat' dir='ltr'><strong>(l</strong></span> <span class='ocrx_word' id='word_1_145' title='bbox 2319 1663 2410 1727; x_wconf 88' lang='lat' dir='ltr'><strong>Petr.</strong></span> 
     </span>
     <span class='ocr_line' id='line_1_11' title="bbox 401 1744 2410 1831; baseline 0 -19"><span class='ocrx_word' id='word_1_146' title='bbox 401 1751 491 1831; x_wconf 88' lang='lat' dir='ltr'><strong>queri</strong></span> <span class='ocrx_word' id='word_1_147' title='bbox 518 1750 552 1814; x_wconf 92' lang='lat' dir='ltr'><strong>ob</strong></span> <span class='ocrx_word' id='word_1_148' title='bbox 582 1749 754 1812; x_wconf 75' lang='lat' dir='ltr'><strong>mmmmm</strong></span> <span class='ocrx_word' id='word_1_149' title='bbox 775 1747 885 1811; x_wconf 87' lang='lat' dir='ltr'><strong>mortis</strong></span> <span class='ocrx_word' id='word_1_150' title='bbox 904 1746 1120 1827; x_wconf 89' lang='lat' dir='ltr'><strong>formidinem,</strong></span> <span class='ocrx_word' id='word_1_151' title='bbox 1149 1752 1183 1809; x_wconf 90' lang='lat' dir='ltr'><strong>nt</strong></span> <span class='ocrx_word' id='word_1_152' title='bbox 1208 1746 1379 1828; x_wconf 82' lang='lat' dir='ltr'><strong>sanquineo</strong></span> <span class='ocrx_word' id='word_1_153' title='bbox 1436 1751 1463 1823; x_wconf 90' lang='lat' dir='ltr'><strong>l,</strong></span> <span class='ocrx_word' id='word_1_154' title='bbox 1483 1749 1531 1830; x_wconf 86' lang='lat'><strong>3);</strong></span> <span class='ocrx_word' id='word_1_155' title='bbox 1555 1746 1632 1828; x_wconf 85' lang='lat' dir='ltr'><strong>quia</strong></span> <span class='ocrx_word' id='word_1_156' title='bbox 1652 1745 1766 1810; x_wconf 83' lang='lat' dir='ltr'><strong>utillo</strong></span> <span class='ocrx_word' id='word_1_157' title='bbox 1788 1744 1988 1827; x_wconf 85' lang='lat' dir='ltr'><strong>resurgendo</strong></span> <span class='ocrx_word' id='word_1_158' title='bbox 2006 1745 2109 1809; x_wconf 85' lang='lat' dir='ltr'><strong>victor</strong></span> <span class='ocrx_word' id='word_1_159' title='bbox 2131 1747 2245 1811; x_wconf 86' lang='lat' dir='ltr'><strong>mortis</strong></span> <span class='ocrx_word' id='word_1_160' title='bbox 2267 1749 2410 1828; x_wconf 87' lang='lat' dir='ltr'><strong>emersit,</strong></span> 
     </span>
     <span class='ocr_line' id='line_1_12' title="bbox 399 1830 2415 1915; baseline 0 -16"><span class='ocrx_word' id='word_1_161' title='bbox 399 1836 512 1899; x_wconf 89' lang='lat' dir='ltr'><strong>sudore</strong></span> <span class='ocrx_word' id='word_1_162' title='bbox 533 1834 697 1915; x_wconf 69' lang='lat' dir='ltr'><strong>difflueret,</strong></span> <span class='ocrx_word' id='word_1_163' title='bbox 720 1851 816 1912; x_wconf 89' lang='lat' dir='ltr'><strong>nequa</strong></span> <span class='ocrx_word' id='word_1_164' title='bbox 831 1837 937 1914; x_wconf 87' lang='lat' dir='ltr'><strong>posset</strong></span> <span class='ocrx_word' id='word_1_165' title='bbox 953 1834 1090 1897; x_wconf 78' lang='lat' dir='ltr'><strong>recreari</strong></span> <span class='ocrx_word' id='word_1_166' title='bbox 1110 1833 1177 1896; x_wconf 87' lang='lat' dir='ltr'><strong>nisi</strong></span> <span class='ocrx_word' id='word_1_167' title='bbox 1197 1832 1379 1914; x_wconf 82' lang='lat' dir='ltr'><strong>anqelmnm</strong></span> <span class='ocrx_word' id='word_1_168' title='bbox 1431 1833 1478 1897; x_wconf 85' lang='lat' dir='ltr'><strong>its</strong></span> <span class='ocrx_word' id='word_1_169' title='bbox 1509 1832 1586 1896; x_wconf 89' lang='lat' dir='ltr'><strong>fidei</strong></span> <span class='ocrx_word' id='word_1_170' title='bbox 1618 1839 1749 1896; x_wconf 83' lang='lat' dir='ltr'><strong>nostrae</strong></span> <span class='ocrx_word' id='word_1_171' title='bbox 1778 1831 1913 1897; x_wconf 81' lang='lat' dir='ltr'><strong>victoria</strong></span> <span class='ocrx_word' id='word_1_172' title='bbox 1939 1831 1976 1893; x_wconf 91' lang='lat' dir='ltr'><strong>in</strong></span> <span class='ocrx_word' id='word_1_173' title='bbox 2004 1830 2077 1912; x_wconf 84' lang='lat' dir='ltr'><strong>ipsa</strong></span> <span class='ocrx_word' id='word_1_174' title='bbox 2103 1830 2237 1895; x_wconf 90' lang='lat' dir='ltr'><strong>demum</strong></span> <span class='ocrx_word' id='word_1_175' title='bbox 2263 1835 2415 1898; x_wconf 82' lang='lat' dir='ltr'><strong>consistit</strong></span> 
     </span>
     <span class='ocr_line' id='line_1_13' title="bbox 399 1915 2412 2000; baseline 0 -15"><span class='ocrx_word' id='word_1_176' title='bbox 399 1919 584 2000; x_wconf 81' lang='lat' dir='ltr'><strong>compertu?</strong></span> <span class='ocrx_word' id='word_1_177' title='bbox 628 1918 736 1999; x_wconf 76' lang='lat' dir='ltr'><strong>Quid?</strong></span> <span class='ocrx_word' id='word_1_178' title='bbox 759 1917 818 1982; x_wconf 88' lang='lat' dir='ltr'><strong>illa</strong></span> <span class='ocrx_word' id='word_1_179' title='bbox 833 1919 974 1999; x_wconf 88' lang='lat' dir='ltr'><strong>precatio</strong></span> <span class='ocrx_word' id='word_1_180' title='bbox 996 1924 1042 1983; x_wconf 89' lang='lat' dir='ltr'><strong>ter</strong></span> <span class='ocrx_word' id='word_1_181' title='bbox 1062 1919 1208 1999; x_wconf 87' lang='lat' dir='ltr'><strong>repetita:</strong></span> <span class='ocrx_word' id='word_1_182' title='bbox 1223 1923 1326 1998; x_wconf 89' lang='lat' dir='ltr'><strong>pater,</strong></span> <span class='ocrx_word' id='word_1_183' title='bbox 1348 1917 1379 1980; x_wconf 91' lang='lat' dir='ltr'><strong>si</strong></span> <span class='ocrx_word' id='word_1_184' title='bbox 1431 1917 1677 1983; x_wconf 83' lang='lat' dir='ltr'><strong>resurrectione.</strong></span> <span class='ocrx_word' id='word_1_185' title='bbox 1723 1915 1829 1997; x_wconf 80' lang='lat' dir='ltr'><strong>Quale</strong></span> <span class='ocrx_word' id='word_1_186' title='bbox 1851 1916 1914 1981; x_wconf 91' lang='lat' dir='ltr'><strong>hoc</strong></span> <span class='ocrx_word' id='word_1_187' title='bbox 1943 1916 2002 1992; x_wconf 89' lang='lat' dir='ltr'><strong>sit,</strong></span> <span class='ocrx_word' id='word_1_188' title='bbox 2031 1915 2149 1981; x_wconf 88' lang='lat' dir='ltr'><strong>melius</strong></span> <span class='ocrx_word' id='word_1_189' title='bbox 2175 1916 2274 1982; x_wconf 87' lang='lat' dir='ltr'><strong>Pauli</strong></span> <span class='ocrx_word' id='word_1_190' title='bbox 2300 1920 2412 1985; x_wconf 82' lang='lat' dir='ltr'><strong>verbis</strong></span> 
     </span>
     <span class='ocr_line' id='line_1_14' title="bbox 397 2000 2409 2089; baseline 0 -19"><span class='ocrx_word' id='word_1_191' title='bbox 397 2007 470 2088; x_wconf 82' lang='lat' dir='ltr'><strong>fleri</strong></span> <span class='ocrx_word' id='word_1_192' title='bbox 487 2009 599 2087; x_wconf 88' lang='lat' dir='ltr'><strong>potest,</strong></span> <span class='ocrx_word' id='word_1_193' title='bbox 621 2009 760 2068; x_wconf 87' lang='lat' dir='ltr'><strong>transeat</strong></span> <span class='ocrx_word' id='word_1_194' title='bbox 781 2024 802 2068; x_wconf 90' lang='lat' dir='ltr'><strong>a</strong></span> <span class='ocrx_word' id='word_1_195' title='bbox 821 2025 870 2068; x_wconf 91' lang='lat' dir='ltr'><strong>me</strong></span> <span class='ocrx_word' id='word_1_196' title='bbox 892 2005 976 2068; x_wconf 83' lang='lat' dir='ltr'><strong>calin</strong></span> <span class='ocrx_word' id='word_1_197' title='bbox 997 2007 1056 2068; x_wconf 85' lang='lat' dir='ltr'><strong>iste</strong></span> <span class='ocrx_word' id='word_1_198' title='bbox 1077 2002 1212 2086; x_wconf 82' lang='lat' dir='ltr'><strong>(Matth.</strong></span> <span class='ocrx_word' id='word_1_199' title='bbox 1234 2007 1291 2080; x_wconf 83' lang='lat'><strong>26,</strong></span> <span class='ocrx_word' id='word_1_200' title='bbox 1312 2001 1377 2086; x_wconf 87' lang='lat'><strong>39),</strong></span> <span class='ocrx_word' id='word_1_201' title='bbox 1431 2005 1634 2087; x_wconf 83' lang='lat' dir='ltr'><strong>exprimitur.</strong></span> <span class='ocrx_word' id='word_1_202' title='bbox 1669 2002 1840 2066; x_wconf 86' lang='lat' dir='ltr'><strong>Mortuum</strong></span> <span class='ocrx_word' id='word_1_203' title='bbox 1866 2003 1956 2066; x_wconf 87' lang='lat' dir='ltr'><strong>enim</strong></span> <span class='ocrx_word' id='word_1_204' title='bbox 1971 2000 2050 2066; x_wconf 91' lang='lat' dir='ltr'><strong>dicit</strong></span> <span class='ocrx_word' id='word_1_205' title='bbox 2067 2001 2176 2085; x_wconf 88' lang='lat' dir='ltr'><strong>(Rom.</strong></span> <span class='ocrx_word' id='word_1_206' title='bbox 2189 2009 2220 2082; x_wconf 85' lang='lat'><strong>4,</strong></span> <span class='ocrx_word' id='word_1_207' title='bbox 2232 2003 2289 2088; x_wconf 83' lang='lat'><strong>25)</strong></span> <span class='ocrx_word' id='word_1_208' title='bbox 2311 2026 2409 2089; x_wconf 91' lang='lat' dir='ltr'><strong>prop-</strong></span> 
     </span>
     <span class='ocr_line' id='line_1_15' title="bbox 396 2089 2408 2173; baseline 0 -17"><span class='ocrx_word' id='word_1_209' title='bbox 396 2112 505 2157; x_wconf 88' lang='lat' dir='ltr'><strong>annon</strong></span> <span class='ocrx_word' id='word_1_210' title='bbox 522 2111 560 2154; x_wconf 82' lang='lat' dir='ltr'><strong>en</strong></span> <span class='ocrx_word' id='word_1_211' title='bbox 571 2089 749 2154; x_wconf 73' lang='lat' dir='ltr'><strong>incredibili</strong></span> <span class='ocrx_word' id='word_1_212' title='bbox 761 2089 978 2154; x_wconf 81' lang='lat' dir='ltr'><strong>amaritudine</strong></span> <span class='ocrx_word' id='word_1_213' title='bbox 990 2090 1092 2154; x_wconf 76' lang='lat' dir='ltr'><strong>anani</strong></span> <span class='ocrx_word' id='word_1_214' title='bbox 1107 2089 1259 2170; x_wconf 89' lang='lat' dir='ltr'><strong>profecta,</strong></span> <span class='ocrx_word' id='word_1_215' title='bbox 1283 2094 1378 2152; x_wconf 81' lang='lat' dir='ltr'><strong>osten</strong></span> <span class='ocrx_word' id='word_1_216' title='bbox 1430 2097 1492 2154; x_wconf 88' lang='lat' dir='ltr'><strong>ter·</strong></span> <span class='ocrx_word' id='word_1_217' title='bbox 1503 2096 1637 2173; x_wconf 84' lang='lat' dir='ltr'><strong>peccata</strong></span> <span class='ocrx_word' id='word_1_218' title='bbox 1657 2097 1783 2165; x_wconf 86' lang='lat' dir='ltr'><strong>nostra,</strong></span> <span class='ocrx_word' id='word_1_219' title='bbox 1812 2089 2004 2153; x_wconf 81' lang='lat' dir='ltr'><strong>suscitatum</strong></span> <span class='ocrx_word' id='word_1_220' title='bbox 2030 2095 2166 2170; x_wconf 88' lang='lat' dir='ltr'><strong>propter</strong></span> <span class='ocrx_word' id='word_1_221' title='bbox 2189 2098 2338 2155; x_wconf 83' lang='lat' dir='ltr'><strong>nostrum</strong></span> <span class='ocrx_word' id='word_1_222' title='bbox 2355 2093 2408 2156; x_wconf 92' lang='lat' dir='ltr'><strong>in·</strong></span> 
     </span>
     <span class='ocr_line' id='line_1_16' title="bbox 400 2171 2408 2258; baseline 0 -17"><span class='ocrx_word' id='word_1_223' title='bbox 400 2177 447 2241; x_wconf 88' lang='lat' dir='ltr'><strong>dit</strong></span> <span class='ocrx_word' id='word_1_224' title='bbox 468 2178 614 2256; x_wconf 80' lang='lat' dir='ltr'><strong>asperim</strong></span> <span class='ocrx_word' id='word_1_225' title='bbox 635 2181 663 2240; x_wconf 90' lang='lat' dir='ltr'><strong>et</strong></span> <span class='ocrx_word' id='word_1_226' title='bbox 682 2176 786 2258; x_wconf 84' lang='lat' dir='ltr'><strong>maqis</strong></span> <span class='ocrx_word' id='word_1_227' title='bbox 807 2175 946 2240; x_wconf 90' lang='lat' dir='ltr'><strong>arduam</strong></span> <span class='ocrx_word' id='word_1_228' title='bbox 963 2175 1065 2256; x_wconf 89' lang='lat' dir='ltr'><strong>faisse</strong></span> <span class='ocrx_word' id='word_1_229' title='bbox 1082 2174 1205 2240; x_wconf 83' lang='lat' dir='ltr'><strong>Obristo</strong></span> <span class='ocrx_word' id='word_1_230' title='bbox 1226 2179 1399 2239; x_wconf 79' lang='lat' dir='ltr'><strong>certantem·</strong></span> <span class='ocrx_word' id='word_1_231' title='bbox 1431 2176 1673 2253; x_wconf 88' lang='lat' dir='ltr'><strong>stificationem;</strong></span> <span class='ocrx_word' id='word_1_232' title='bbox 1706 2195 1744 2239; x_wconf 87' lang='lat' dir='ltr'><strong>ac</strong></span> <span class='ocrx_word' id='word_1_233' title='bbox 1773 2173 1801 2237; x_wconf 91' lang='lat' dir='ltr'><strong>si</strong></span> <span class='ocrx_word' id='word_1_234' title='bbox 1829 2171 1966 2251; x_wconf 88' lang='lat' dir='ltr'><strong>diceret,</strong></span> <span class='ocrx_word' id='word_1_235' title='bbox 2000 2179 2106 2237; x_wconf 89' lang='lat' dir='ltr'><strong>morte</strong></span> <span class='ocrx_word' id='word_1_236' title='bbox 2139 2175 2209 2240; x_wconf 90' lang='lat' dir='ltr'><strong>eius</strong></span> <span class='ocrx_word' id='word_1_237' title='bbox 2242 2177 2408 2242; x_wconf 87' lang='lat' dir='ltr'><strong>sublatum</strong></span> 
     </span>
     <span class='ocr_line' id='line_1_17' title="bbox 400 2259 2408 2346; baseline 0.001 -21"><span class='ocrx_word' id='word_1_238' title='bbox 400 2283 494 2344; x_wconf 63' lang='lat' dir='ltr'><strong>mam</strong></span> <span class='ocrx_word' id='word_1_239' title='bbox 515 2282 586 2327; x_wconf 90' lang='lat' dir='ltr'><strong>oum</strong></span> <span class='ocrx_word' id='word_1_240' title='bbox 607 2266 703 2325; x_wconf 89' lang='lat' dir='ltr'><strong>morte</strong></span> <span class='ocrx_word' id='word_1_241' title='bbox 725 2261 905 2326; x_wconf 78' lang='lat' dir='ltr'><strong>cornmuni?</strong></span> <span class='ocrx_word' id='word_1_242' title='bbox 954 2261 1040 2327; x_wconf 88' lang='lat' dir='ltr'><strong>Unde</strong></span> <span class='ocrx_word' id='word_1_243' title='bbox 1060 2265 1192 2342; x_wconf 86' lang='lat' dir='ltr'><strong>apparet</strong></span> <span class='ocrx_word' id='word_1_244' title='bbox 1212 2265 1379 2343; x_wconf 85' lang='lat' dir='ltr'><strong>naqatores</strong></span> <span class='ocrx_word' id='word_1_245' title='bbox 1431 2268 1615 2345; x_wconf 86' lang='lat' dir='ltr'><strong>peccatum,</strong></span> <span class='ocrx_word' id='word_1_246' title='bbox 1650 2259 1885 2324; x_wconf 85' lang='lat' dir='ltr'><strong>resurrectione</strong></span> <span class='ocrx_word' id='word_1_247' title='bbox 1913 2259 2129 2323; x_wconf 85' lang='lat' dir='ltr'><strong>instauratam</strong></span> <span class='ocrx_word' id='word_1_248' title='bbox 2156 2261 2408 2346; x_wconf 83' lang='lat' dir='ltr'><strong>restitutamque</strong></span> 
     </span>
     <span class='ocr_line' id='line_1_18' title="bbox 400 2342 2409 2429; baseline 0 -16"><span class='ocrx_word' id='word_1_249' title='bbox 400 2350 485 2426; x_wconf 84' lang='lat' dir='ltr'><strong>istos,</strong></span> <span class='ocrx_word' id='word_1_250' title='bbox 508 2368 577 2412; x_wconf 91' lang='lat' dir='ltr'><strong>cum</strong></span> <span class='ocrx_word' id='word_1_251' title='bbox 598 2347 711 2428; x_wconf 86' lang='lat' dir='ltr'><strong>quibus</strong></span> <span class='ocrx_word' id='word_1_252' title='bbox 732 2347 872 2426; x_wconf 84' lang='lat' dir='ltr'><strong>disputo,</strong></span> <span class='ocrx_word' id='word_1_253' title='bbox 901 2348 1051 2411; x_wconf 87' lang='lat' dir='ltr'><strong>audacter</strong></span> <span class='ocrx_word' id='word_1_254' title='bbox 1077 2348 1202 2429; x_wconf 78' lang='lat' dir='ltr'><strong>parrire</strong></span> <span class='ocrx_word' id='word_1_255' title='bbox 1229 2346 1268 2411; x_wconf 95' lang='lat' dir='ltr'><strong>de</strong></span> <span class='ocrx_word' id='word_1_256' title='bbox 1287 2345 1380 2409; x_wconf 85' lang='lat' dir='ltr'><strong>rebus</strong></span> <span class='ocrx_word' id='word_1_257' title='bbox 1431 2346 1598 2412; x_wconf 86' lang='lat' dir='ltr'><strong>iustitiam.</strong></span> <span class='ocrx_word' id='word_1_258' title='bbox 1643 2342 1814 2427; x_wconf 77' lang='lat' dir='ltr'><strong>Quomodo</strong></span> <span class='ocrx_word' id='word_1_259' title='bbox 1841 2344 1929 2409; x_wconf 91' lang='lat' dir='ltr'><strong>enim</strong></span> <span class='ocrx_word' id='word_1_260' title='bbox 1956 2344 2124 2409; x_wconf 91' lang='lat' dir='ltr'><strong>moriendo</strong></span> <span class='ocrx_word' id='word_1_261' title='bbox 2146 2345 2286 2413; x_wconf 88' lang='lat' dir='ltr'><strong>liberare</strong></span> <span class='ocrx_word' id='word_1_262' title='bbox 2305 2369 2367 2414; x_wconf 89' lang='lat' dir='ltr'><strong>nos</strong></span> <span class='ocrx_word' id='word_1_263' title='bbox 2388 2371 2409 2414; x_wconf 88' lang='lat' dir='ltr'><strong>a</strong></span> 
     </span>
     <span class='ocr_line' id='line_1_19' title="bbox 401 2429 2409 2518; baseline 0 -19"><span class='ocrx_word' id='word_1_264' title='bbox 401 2434 582 2518; x_wconf 75' lang='lat' dir='ltr'><strong>iricoqnitis5</strong></span> <span class='ocrx_word' id='word_1_265' title='bbox 611 2433 687 2513; x_wconf 88' lang='lat' dir='ltr'><strong>quia</strong></span> <span class='ocrx_word' id='word_1_266' title='bbox 713 2451 875 2513; x_wconf 80' lang='lat' dir='ltr'><strong>nunqnam</strong></span> <span class='ocrx_word' id='word_1_267' title='bbox 901 2434 983 2498; x_wconf 79' lang='lat' dir='ltr'><strong>serto</strong></span> <span class='ocrx_word' id='word_1_268' title='bbox 1004 2437 1204 2513; x_wconf 72' lang='lat' dir='ltr'><strong>nepotianum,</strong></span> <span class='ocrx_word' id='word_1_269' title='bbox 1232 2432 1309 2513; x_wconf 88' lang='lat' dir='ltr'><strong>qnid</strong></span> <span class='ocrx_word' id='word_1_270' title='bbox 1336 2431 1380 2494; x_wconf 89' lang='lat' dir='ltr'><strong>sit</strong></span> <span class='ocrx_word' id='word_1_271' title='bbox 1431 2440 1537 2497; x_wconf 85' lang='lat' dir='ltr'><strong>morte</strong></span> <span class='ocrx_word' id='word_1_272' title='bbox 1559 2439 1695 2515; x_wconf 82' lang='lat' dir='ltr'><strong>poterat,</strong></span> <span class='ocrx_word' id='word_1_273' title='bbox 1718 2431 1746 2495; x_wconf 92' lang='lat' dir='ltr'><strong>si</strong></span> <span class='ocrx_word' id='word_1_274' title='bbox 1768 2430 1867 2493; x_wconf 89' lang='lat' dir='ltr'><strong>morti</strong></span> <span class='ocrx_word' id='word_1_275' title='bbox 1887 2430 1958 2512; x_wconf 88' lang='lat' dir='ltr'><strong>ipse</strong></span> <span class='ocrx_word' id='word_1_276' title='bbox 1980 2429 2223 2498; x_wconf 85' lang='lat' dir='ltr'><strong>succubuisset?</strong></span> <span class='ocrx_word' id='word_1_277' title='bbox 2246 2434 2409 2516; x_wconf 89' lang='lat' dir='ltr'><strong>quomodo</strong></span> 
     </span>
     <span class='ocr_line' id='line_1_20' title="bbox 402 2515 2409 2601; baseline 0 -17"><span class='ocrx_word' id='word_1_278' title='bbox 402 2526 460 2586; x_wconf 89' lang='lat' dir='ltr'><strong>aut</strong></span> <span class='ocrx_word' id='word_1_279' title='bbox 485 2520 588 2584; x_wconf 74' lang='lat' dir='ltr'><strong>nalem</strong></span> <span class='ocrx_word' id='word_1_280' title='bbox 615 2537 671 2582; x_wconf 86' lang='lat' dir='ltr'><strong>nos</strong></span> <span class='ocrx_word' id='word_1_281' title='bbox 699 2518 872 2598; x_wconf 86' lang='lat' dir='ltr'><strong>redemptos</strong></span> <span class='ocrx_word' id='word_1_282' title='bbox 897 2538 962 2584; x_wconf 86' lang='lat' dir='ltr'><strong>esse</strong></span> <span class='ocrx_word' id='word_1_283' title='bbox 982 2540 1004 2583; x_wconf 93' lang='lat' dir='ltr'><strong>a</strong></span> <span class='ocrx_word' id='word_1_284' title='bbox 1026 2517 1091 2583; x_wconf 89' lang='lat' dir='ltr'><strong>Dei</strong></span> <span class='ocrx_word' id='word_1_285' title='bbox 1111 2517 1237 2582; x_wconf 91' lang='lat' dir='ltr'><strong>iudicio.</strong></span> <span class='ocrx_word' id='word_1_286' title='bbox 1280 2516 1381 2596; x_wconf 81' lang='lat' dir='ltr'><strong>Atqui</strong></span> <span class='ocrx_word' id='word_1_287' title='bbox 1432 2525 1652 2601; x_wconf 82' lang='lat' dir='ltr'><strong>comparasset</strong></span> <span class='ocrx_word' id='word_1_288' title='bbox 1677 2515 1770 2581; x_wconf 89' lang='lat' dir='ltr'><strong>nobis</strong></span> <span class='ocrx_word' id='word_1_289' title='bbox 1792 2516 1978 2595; x_wconf 83' lang='lat' dir='ltr'><strong>victoriam,</strong></span> <span class='ocrx_word' id='word_1_290' title='bbox 2009 2517 2036 2580; x_wconf 91' lang='lat' dir='ltr'><strong>si</strong></span> <span class='ocrx_word' id='word_1_291' title='bbox 2064 2517 2099 2579; x_wconf 90' lang='lat' dir='ltr'><strong>in</strong></span> <span class='ocrx_word' id='word_1_292' title='bbox 2121 2521 2300 2585; x_wconf 85' lang='lat' dir='ltr'><strong>certamine</strong></span> <span class='ocrx_word' id='word_1_293' title='bbox 2321 2520 2409 2586; x_wconf 82' lang='lat' dir='ltr'><strong>dofe-</strong></span> 
     </span>
     <span class='ocr_line' id='line_1_21' title="bbox 402 2602 2410 2686; baseline 0 -16"><span class='ocrx_word' id='word_1_294' title='bbox 402 2605 477 2670; x_wconf 89' lang='lat' dir='ltr'><strong>baec</strong></span> <span class='ocrx_word' id='word_1_295' title='bbox 508 2610 616 2669; x_wconf 76' lang='lat' dir='ltr'><strong>matra</strong></span> <span class='ocrx_word' id='word_1_296' title='bbox 646 2605 804 2684; x_wconf 86' lang='lat' dir='ltr'><strong>sapientia</strong></span> <span class='ocrx_word' id='word_1_297' title='bbox 837 2609 895 2682; x_wconf 88' lang='lat' dir='ltr'><strong>est,</strong></span> <span class='ocrx_word' id='word_1_298' title='bbox 917 2603 1014 2686; x_wconf 87' lang='lat' dir='ltr'><strong>probe</strong></span> <span class='ocrx_word' id='word_1_299' title='bbox 1042 2604 1157 2668; x_wconf 90' lang='lat' dir='ltr'><strong>sentire</strong></span> <span class='ocrx_word' id='word_1_300' title='bbox 1183 2602 1380 2685; x_wconf 78' lang='lat' dir='ltr'><strong>quantiam</strong></span> <span class='ocrx_word' id='word_1_301' title='bbox 1432 2603 1550 2670; x_wconf 84' lang='lat' dir='ltr'><strong>cisset‘t</strong></span> <span class='ocrx_word' id='word_1_302' title='bbox 1595 2602 1706 2684; x_wconf 77' lang='lat' dir='ltr'><strong>Quare</strong></span> <span class='ocrx_word' id='word_1_303' title='bbox 1739 2603 1785 2666; x_wconf 93' lang='lat' dir='ltr'><strong>sic</strong></span> <span class='ocrx_word' id='word_1_304' title='bbox 1817 2602 1933 2666; x_wconf 83' lang='lat' dir='ltr'><strong>salutis</strong></span> <span class='ocrx_word' id='word_1_305' title='bbox 1966 2605 2296 2670; x_wconf 56' lang='lat' dir='ltr'><strong>nostrae‘materiam</strong></span> <span class='ocrx_word' id='word_1_306' title='bbox 2321 2608 2410 2671; x_wconf 82' lang='lat' dir='ltr'><strong>inter</strong></span> 
     </span>
     <span class='ocr_line' id='line_1_22' title="bbox 402 2687 2409 2774; baseline 0 -18"><span class='ocrx_word' id='word_1_307' title='bbox 402 2692 517 2756; x_wconf 84' lang='lat' dir='ltr'><strong>stiterit</strong></span> <span class='ocrx_word' id='word_1_308' title='bbox 542 2691 608 2755; x_wconf 89' lang='lat' dir='ltr'><strong>Dei</strong></span> <span class='ocrx_word' id='word_1_309' title='bbox 633 2691 701 2771; x_wconf 68' lang='lat' dir='ltr'><strong>ilio</strong></span> <span class='ocrx_word' id='word_1_310' title='bbox 727 2694 834 2754; x_wconf 88' lang='lat' dir='ltr'><strong>nostra</strong></span> <span class='ocrx_word' id='word_1_311' title='bbox 861 2690 959 2755; x_wconf 92' lang='lat' dir='ltr'><strong>salus.</strong></span> <span class='ocrx_word' id='word_1_312' title='bbox 1006 2688 1044 2753; x_wconf 77' lang='lat' dir='ltr'><strong>Si</strong></span> <span class='ocrx_word' id='word_1_313' title='bbox 1071 2709 1153 2753; x_wconf 90' lang='lat' dir='ltr'><strong>nnnc</strong></span> <span class='ocrx_word' id='word_1_314' title='bbox 1182 2693 1265 2772; x_wconf 84' lang='lat' dir='ltr'><strong>roqet</strong></span> <span class='ocrx_word' id='word_1_315' title='bbox 1296 2687 1381 2767; x_wconf 86' lang='lat' dir='ltr'><strong>qnis-</strong></span> <span class='ocrx_word' id='word_1_316' title='bbox 1432 2690 1559 2756; x_wconf 86' lang='lat' dir='ltr'><strong>(lhristi</strong></span> <span class='ocrx_word' id='word_1_317' title='bbox 1589 2697 1728 2752; x_wconf 84' lang='lat' dir='ltr'><strong>mortem</strong></span> <span class='ocrx_word' id='word_1_318' title='bbox 1756 2696 1788 2751; x_wconf 88' lang='lat' dir='ltr'><strong>et</strong></span> <span class='ocrx_word' id='word_1_319' title='bbox 1814 2688 2085 2752; x_wconf 85' lang='lat' dir='ltr'><strong>resurrectionem</strong></span> <span class='ocrx_word' id='word_1_320' title='bbox 2111 2691 2288 2772; x_wconf 86' lang='lat' dir='ltr'><strong>partimur,</strong></span> <span class='ocrx_word' id='word_1_321' title='bbox 2322 2692 2409 2774; x_wconf 92' lang='lat' dir='ltr'><strong>quod</strong></span> 
     </span>
     <span class='ocr_line' id='line_1_23' title="bbox 397 2771 2411 2861; baseline 0.001 -20"><span class='ocrx_word' id='word_1_322' title='bbox 397 2778 490 2859; x_wconf 89' lang='lat' dir='ltr'><strong>piam</strong></span> <span class='ocrx_word' id='word_1_323' title='bbox 518 2797 561 2839; x_wconf 91' lang='lat' dir='ltr'><strong>an</strong></span> <span class='ocrx_word' id='word_1_324' title='bbox 587 2781 660 2840; x_wconf 88' lang='lat' dir='ltr'><strong>tuno</strong></span> <span class='ocrx_word' id='word_1_325' title='bbox 687 2775 872 2840; x_wconf 74' lang='lat' dir='ltr'><strong>decadem</strong></span> <span class='ocrx_word' id='word_1_326' title='bbox 896 2775 1041 2840; x_wconf 85' lang='lat' dir='ltr'><strong>Obristus</strong></span> <span class='ocrx_word' id='word_1_327' title='bbox 1068 2776 1111 2840; x_wconf 92' lang='lat' dir='ltr'><strong>ad</strong></span> <span class='ocrx_word' id='word_1_328' title='bbox 1140 2775 1257 2856; x_wconf 89' lang='lat' dir='ltr'><strong>inferos</strong></span> <span class='ocrx_word' id='word_1_329' title='bbox 1284 2793 1380 2853; x_wconf 89' lang='lat' dir='ltr'><strong>quum</strong></span> <span class='ocrx_word' id='word_1_330' title='bbox 1434 2797 1493 2860; x_wconf 86' lang='lat' dir='ltr'><strong>per</strong></span> <span class='ocrx_word' id='word_1_331' title='bbox 1514 2775 1605 2839; x_wconf 84' lang='lat' dir='ltr'><strong>iliam</strong></span> <span class='ocrx_word' id='word_1_332' title='bbox 1622 2780 1791 2856; x_wconf 85' lang='lat' dir='ltr'><strong>peecatum</strong></span> <span class='ocrx_word' id='word_1_333' title='bbox 1809 2771 1966 2837; x_wconf 87' lang='lat' dir='ltr'><strong>abolitum</strong></span> <span class='ocrx_word' id='word_1_334' title='bbox 1987 2781 2021 2838; x_wconf 88' lang='lat' dir='ltr'><strong>et</strong></span> <span class='ocrx_word' id='word_1_335' title='bbox 2037 2793 2127 2838; x_wconf 89' lang='lat' dir='ltr'><strong>mors</strong></span> <span class='ocrx_word' id='word_1_336' title='bbox 2151 2777 2325 2854; x_wconf 84' lang='lat' dir='ltr'><strong>exstincta,</strong></span> <span class='ocrx_word' id='word_1_337' title='bbox 2349 2799 2411 2861; x_wconf 86' lang='lat' dir='ltr'><strong>per</strong></span> 
     </span>
     <span class='ocr_line' id='line_1_24' title="bbox 402 2859 2410 2950; baseline 0 -23"><span class='ocrx_word' id='word_1_338' title='bbox 402 2867 530 2927; x_wconf 89' lang='lat' dir='ltr'><strong>martem</strong></span> <span class='ocrx_word' id='word_1_339' title='bbox 551 2863 734 2941; x_wconf 87' lang='lat' dir='ltr'><strong>deprecatus</strong></span> <span class='ocrx_word' id='word_1_340' title='bbox 749 2866 808 2925; x_wconf 85' lang='lat' dir='ltr'><strong>est:</strong></span> <span class='ocrx_word' id='word_1_341' title='bbox 828 2861 995 2942; x_wconf 80' lang='lat' dir='ltr'><strong>respondeo</strong></span> <span class='ocrx_word' id='word_1_342' title='bbox 1015 2861 1071 2950; x_wconf 75' lang='lat' dir='ltr'><strong>lmc</strong></span> <span class='ocrx_word' id='word_1_343' title='bbox 1085 2861 1186 2941; x_wconf 90' lang='lat' dir='ltr'><strong>fnisse</strong></span> <span class='ocrx_word' id='word_1_344' title='bbox 1206 2859 1379 2938; x_wconf 75' lang='lat' dir='ltr'><strong>exordium,</strong></span> <span class='ocrx_word' id='word_1_345' title='bbox 1434 2862 1520 2927; x_wconf 83' lang='lat' dir='ltr'><strong>hauc</strong></span> <span class='ocrx_word' id='word_1_346' title='bbox 1541 2861 1668 2925; x_wconf 83' lang='lat' dir='ltr'><strong>iustitia</strong></span> <span class='ocrx_word' id='word_1_347' title='bbox 1689 2865 1841 2942; x_wconf 84' lang='lat' dir='ltr'><strong>reparata</strong></span> <span class='ocrx_word' id='word_1_348' title='bbox 1863 2867 1897 2923; x_wconf 87' lang='lat' dir='ltr'><strong>et</strong></span> <span class='ocrx_word' id='word_1_349' title='bbox 1917 2868 2026 2925; x_wconf 83' lang='lat' dir='ltr'><strong>erecta</strong></span> <span class='ocrx_word' id='word_1_350' title='bbox 2045 2859 2128 2925; x_wconf 82' lang='lat' dir='ltr'><strong>vita:</strong></span> <span class='ocrx_word' id='word_1_351' title='bbox 2161 2861 2207 2925; x_wconf 91' lang='lat' dir='ltr'><strong>sic</strong></span> <span class='ocrx_word' id='word_1_352' title='bbox 2236 2871 2349 2927; x_wconf 87' lang='lat' dir='ltr'><strong>tamen</strong></span> <span class='ocrx_word' id='word_1_353' title='bbox 2370 2873 2410 2928; x_wconf 89' lang='lat' dir='ltr'><strong>ut</strong></span> 
     </span>
     <span class='ocr_line' id='line_1_25' title="bbox 402 2944 2408 3030; baseline 0.001 -19"><span class='ocrx_word' id='word_1_354' title='bbox 402 2948 484 3013; x_wconf 91' lang='lat' dir='ltr'><strong>unde</strong></span> <span class='ocrx_word' id='word_1_355' title='bbox 511 2947 615 3030; x_wconf 84' lang='lat' dir='ltr'><strong>colliqi</strong></span> <span class='ocrx_word' id='word_1_356' title='bbox 637 2951 738 3026; x_wconf 86' lang='lat' dir='ltr'><strong>potest</strong></span> <span class='ocrx_word' id='word_1_357' title='bbox 761 2966 855 3027; x_wconf 90' lang='lat' dir='ltr'><strong>quarn</strong></span> <span class='ocrx_word' id='word_1_358' title='bbox 876 2947 965 3011; x_wconf 75' lang='lat' dir='ltr'><strong>dnos</strong></span> <span class='ocrx_word' id='word_1_359' title='bbox 985 2951 1015 3011; x_wconf 90' lang='lat' dir='ltr'><strong>et</strong></span> <span class='ocrx_word' id='word_1_360' title='bbox 1035 2946 1201 3012; x_wconf 75' lang='lat' dir='ltr'><strong>horribiles</strong></span> <span class='ocrx_word' id='word_1_361' title='bbox 1221 2945 1382 3009; x_wconf 85' lang='lat' dir='ltr'><strong>cruciatus</strong></span> <span class='ocrx_word' id='word_1_362' title='bbox 1433 2948 1532 3013; x_wconf 84' lang='lat' dir='ltr'><strong>huius</strong></span> <span class='ocrx_word' id='word_1_363' title='bbox 1559 2946 1715 3012; x_wconf 91' lang='lat' dir='ltr'><strong>beneficio</strong></span> <span class='ocrx_word' id='word_1_364' title='bbox 1744 2945 1812 3009; x_wconf 89' lang='lat' dir='ltr'><strong>vim</strong></span> <span class='ocrx_word' id='word_1_365' title='bbox 1840 2944 2082 3028; x_wconf 83' lang='lat' dir='ltr'><strong>efficaciamque</strong></span> <span class='ocrx_word' id='word_1_366' title='bbox 2107 2967 2200 3012; x_wconf 84' lang='lat' dir='ltr'><strong>suam</strong></span> <span class='ocrx_word' id='word_1_367' title='bbox 2228 2947 2286 3012; x_wconf 89' lang='lat' dir='ltr'><strong>illa</strong></span> <span class='ocrx_word' id='word_1_368' title='bbox 2312 2947 2408 3014; x_wconf 87' lang='lat' dir='ltr'><strong>nobis</strong></span> 
     </span>
     <span class='ocr_line' id='line_1_26' title="bbox 397 3028 2409 3116; baseline 0 -18"><span class='ocrx_word' id='word_1_369' title='bbox 397 3052 568 3116; x_wconf 86' lang='lat' dir='ltr'><strong>perpessus</strong></span> <span class='ocrx_word' id='word_1_370' title='bbox 587 3031 693 3113; x_wconf 74' lang='lat' dir='ltr'><strong>feurit,</strong></span> <span class='ocrx_word' id='word_1_371' title='bbox 716 3051 812 3112; x_wconf 87' lang='lat' dir='ltr'><strong>quum</strong></span> <span class='ocrx_word' id='word_1_372' title='bbox 830 3052 863 3096; x_wconf 91' lang='lat' dir='ltr'><strong>se</strong></span> <span class='ocrx_word' id='word_1_373' title='bbox 884 3033 928 3097; x_wconf 89' lang='lat' dir='ltr'><strong>ad</strong></span> <span class='ocrx_word' id='word_1_374' title='bbox 948 3031 1090 3097; x_wconf 79' lang='lat' dir='ltr'><strong>tribranal</strong></span> <span class='ocrx_word' id='word_1_375' title='bbox 1106 3032 1170 3098; x_wconf 86' lang='lat' dir='ltr'><strong>Dei</strong></span> <span class='ocrx_word' id='word_1_376' title='bbox 1185 3051 1274 3096; x_wconf 88' lang='lat' dir='ltr'><strong>reum</strong></span> <span class='ocrx_word' id='word_1_377' title='bbox 1294 3035 1381 3095; x_wconf 89' lang='lat' dir='ltr'><strong>stare</strong></span> <span class='ocrx_word' id='word_1_378' title='bbox 1432 3033 1585 3116; x_wconf 82' lang='lat' dir='ltr'><strong>proferat</strong></span> <span class='ocrx_word' id='word_1_379' title='bbox 1629 3032 1741 3114; x_wconf 89' lang='lat' dir='ltr'><strong>Itaque</strong></span> <span class='ocrx_word' id='word_1_380' title='bbox 1764 3028 1888 3095; x_wconf 84' lang='lat' dir='ltr'><strong>Pardus</strong></span> <span class='ocrx_word' id='word_1_381' title='bbox 1912 3031 1948 3094; x_wconf 89' lang='lat' dir='ltr'><strong>in</strong></span> <span class='ocrx_word' id='word_1_382' title='bbox 1972 3033 2046 3113; x_wconf 89' lang='lat' dir='ltr'><strong>ipsa</strong></span> <span class='ocrx_word' id='word_1_383' title='bbox 2066 3034 2286 3097; x_wconf 76' lang='lat' dir='ltr'><strong>rerurrectione</strong></span> <span class='ocrx_word' id='word_1_384' title='bbox 2307 3034 2409 3100; x_wconf 75' lang='lat' dir='ltr'><strong>decla</strong></span> 
     </span>
     <span class='ocr_line' id='line_1_27' title="bbox 402 3115 2409 3203; baseline 0.001 -19"><span class='ocrx_word' id='word_1_385' title='bbox 402 3122 592 3202; x_wconf 84' lang='lat' dir='ltr'><strong>coqnoseeret</strong></span> <span class='ocrx_word' id='word_1_386' title='bbox 618 3122 725 3182; x_wconf 86' lang='lat' dir='ltr'><strong>nostra</strong></span> <span class='ocrx_word' id='word_1_387' title='bbox 750 3137 857 3183; x_wconf 86' lang='lat' dir='ltr'><strong>causa.</strong></span> <span class='ocrx_word' id='word_1_388' title='bbox 905 3118 1093 3199; x_wconf 74' lang='lat' dir='ltr'><strong>Quanquam</strong></span> <span class='ocrx_word' id='word_1_389' title='bbox 1118 3124 1224 3184; x_wconf 88' lang='lat' dir='ltr'><strong>autem</strong></span> <span class='ocrx_word' id='word_1_390' title='bbox 1251 3136 1317 3180; x_wconf 90' lang='lat' dir='ltr'><strong>sese</strong></span> <span class='ocrx_word' id='word_1_391' title='bbox 1337 3115 1381 3181; x_wconf 89' lang='lat' dir='ltr'><strong>ad</strong></span> <span class='ocrx_word' id='word_1_392' title='bbox 1432 3125 1540 3185; x_wconf 88' lang='lat' dir='ltr'><strong>ratum</strong></span> <span class='ocrx_word' id='word_1_393' title='bbox 1569 3119 1670 3201; x_wconf 87' lang='lat' dir='ltr'><strong>fuisse</strong></span> <span class='ocrx_word' id='word_1_394' title='bbox 1699 3117 1805 3197; x_wconf 70' lang='lat' dir='ltr'><strong>ilium</strong></span> <span class='ocrx_word' id='word_1_395' title='bbox 1830 3117 1895 3182; x_wconf 89' lang='lat' dir='ltr'><strong>Dei</strong></span> <span class='ocrx_word' id='word_1_396' title='bbox 1922 3119 2035 3183; x_wconf 72' lang='lat' dir='ltr'><strong>assuit</strong></span> <span class='ocrx_word' id='word_1_397' title='bbox 2056 3117 2165 3198; x_wconf 88' lang='lat' dir='ltr'><strong>(Rom.</strong></span> <span class='ocrx_word' id='word_1_398' title='bbox 2188 3123 2221 3197; x_wconf 91' lang='lat' dir='ltr'><strong>l,</strong></span> <span class='ocrx_word' id='word_1_399' title='bbox 2245 3121 2297 3203; x_wconf 88' lang='grc'>4).·</span> <span class='ocrx_word' id='word_1_400' title='bbox 2328 3121 2409 3200; x_wconf 90' lang='lat' dir='ltr'><strong>quia</strong></span> 
     </span>
     <span class='ocr_line' id='line_1_28' title="bbox 401 3202 2411 3285; baseline 0.001 -16"><span class='ocrx_word' id='word_1_401' title='bbox 401 3209 587 3269; x_wconf 83' lang='lat' dir='ltr'><strong>momentum</strong></span> <span class='ocrx_word' id='word_1_402' title='bbox 607 3202 768 3268; x_wconf 77' lang='lat' dir='ltr'><strong>onrdtanit</strong></span> <span class='ocrx_word' id='word_1_403' title='bbox 788 3205 900 3269; x_wconf 86' lang='lat' dir='ltr'><strong>divina</strong></span> <span class='ocrx_word' id='word_1_404' title='bbox 920 3205 971 3268; x_wconf 87' lang='lat' dir='ltr'><strong>ais</strong></span> <span class='ocrx_word' id='word_1_405' title='bbox 989 3205 1132 3284; x_wconf 65' lang='lat' dir='ltr'><strong>multus,</strong></span> <span class='ocrx_word' id='word_1_406' title='bbox 1154 3209 1191 3269; x_wconf 92' lang='lat' dir='ltr'><strong>ut</strong></span> <span class='ocrx_word' id='word_1_407' title='bbox 1212 3203 1312 3268; x_wconf 87' lang='lat' dir='ltr'><strong>locum</strong></span> <span class='ocrx_word' id='word_1_408' title='bbox 1332 3203 1381 3266; x_wconf 86' lang='lat' dir='ltr'><strong>in·</strong></span> <span class='ocrx_word' id='word_1_409' title='bbox 1433 3211 1506 3269; x_wconf 89' lang='lat' dir='ltr'><strong>tanc</strong></span> <span class='ocrx_word' id='word_1_410' title='bbox 1526 3205 1651 3270; x_wconf 60' lang='lat' dir='ltr'><strong>mmmm</strong></span> <span class='ocrx_word' id='word_1_411' title='bbox 1671 3204 1808 3268; x_wconf 73' lang='lat' dir='ltr'><strong>enmruit</strong></span> <span class='ocrx_word' id='word_1_412' title='bbox 1828 3202 1981 3267; x_wconf 82' lang='lat' dir='ltr'><strong>coelestem</strong></span> <span class='ocrx_word' id='word_1_413' title='bbox 1995 3205 2178 3285; x_wconf 84' lang='lat' dir='ltr'><strong>potentiam,</strong></span> <span class='ocrx_word' id='word_1_414' title='bbox 2200 3224 2280 3285; x_wconf 88' lang='lat' dir='ltr'><strong>quae</strong></span> <span class='ocrx_word' id='word_1_415' title='bbox 2296 3211 2325 3270; x_wconf 89' lang='lat' dir='ltr'><strong>et</strong></span> <span class='ocrx_word' id='word_1_416' title='bbox 2345 3207 2411 3271; x_wconf 85' lang='lat' dir='ltr'><strong>clo·</strong></span> 
     </span>
     <span class='ocr_line' id='line_1_29' title="bbox 399 3287 2411 3372; baseline 0.001 -18"><span class='ocrx_word' id='word_1_417' title='bbox 399 3290 547 3372; x_wconf 69' lang='lat' dir='ltr'><strong>firmitati</strong></span> <span class='ocrx_word' id='word_1_418' title='bbox 578 3290 688 3353; x_wconf 89' lang='lat' dir='ltr'><strong>carnis</strong></span> <span class='ocrx_word' id='word_1_419' title='bbox 722 3291 852 3368; x_wconf 89' lang='lat' dir='ltr'><strong>cederet,</strong></span> <span class='ocrx_word' id='word_1_420' title='bbox 886 3287 1046 3354; x_wconf 87' lang='lat' dir='ltr'><strong>sciendum</strong></span> <span class='ocrx_word' id='word_1_421' title='bbox 1078 3295 1182 3354; x_wconf 90' lang='lat' dir='ltr'><strong>tamen</strong></span> <span class='ocrx_word' id='word_1_422' title='bbox 1211 3294 1256 3354; x_wconf 86' lang='lat' dir='ltr'><strong>est</strong></span> <span class='ocrx_word' id='word_1_423' title='bbox 1286 3289 1380 3354; x_wconf 86' lang='lat' dir='ltr'><strong>talem</strong></span> <span class='ocrx_word' id='word_1_424' title='bbox 1432 3311 1506 3356; x_wconf 83' lang='lat' dir='ltr'><strong>rrnn</strong></span> <span class='ocrx_word' id='word_1_425' title='bbox 1535 3290 1714 3355; x_wconf 84' lang='lat' dir='ltr'><strong>diuinitatis</strong></span> <span class='ocrx_word' id='word_1_426' title='bbox 1746 3289 1815 3354; x_wconf 87' lang='lat' dir='ltr'><strong>eins</strong></span> <span class='ocrx_word' id='word_1_427' title='bbox 1843 3289 2003 3370; x_wconf 76' lang='lat' dir='ltr'><strong>speculem</strong></span> <span class='ocrx_word' id='word_1_428' title='bbox 2034 3295 2094 3370; x_wconf 90' lang='lat' dir='ltr'><strong>est,</strong></span> <span class='ocrx_word' id='word_1_429' title='bbox 2127 3295 2156 3354; x_wconf 91' lang='lat' dir='ltr'><strong>et</strong></span> <span class='ocrx_word' id='word_1_430' title='bbox 2182 3291 2308 3356; x_wconf 88' lang='lat' dir='ltr'><strong>stabilis</strong></span> <span class='ocrx_word' id='word_1_431' title='bbox 2333 3291 2411 3371; x_wconf 73' lang='lat' dir='ltr'><strong>fidei</strong></span> 
     </span>
     <span class='ocr_line' id='line_1_30' title="bbox 401 3373 2409 3473; baseline 0 -33"><span class='ocrx_word' id='word_1_432' title='bbox 401 3375 502 3458; x_wconf 86' lang='lat' dir='ltr'><strong>fuisse</strong></span> <span class='ocrx_word' id='word_1_433' title='bbox 522 3375 718 3439; x_wconf 87' lang='lat' dir='ltr'><strong>tentationem</strong></span> <span class='ocrx_word' id='word_1_434' title='bbox 739 3396 778 3439; x_wconf 84' lang='lat' dir='ltr'><strong>en</strong></span> <span class='ocrx_word' id='word_1_435' title='bbox 794 3376 912 3440; x_wconf 83' lang='lat' dir='ltr'><strong>doloris</strong></span> <span class='ocrx_word' id='word_1_436' title='bbox 933 3381 962 3439; x_wconf 88' lang='lat' dir='ltr'><strong>et</strong></span> <span class='ocrx_word' id='word_1_437' title='bbox 977 3380 1194 3473; x_wconf 78' lang='lat' dir='ltr'><strong>metassensu,</strong></span> <span class='ocrx_word' id='word_1_438' title='bbox 1214 3394 1380 3456; x_wconf 87' lang='lat' dir='ltr'><strong>quaecum</strong></span> <span class='ocrx_word' id='word_1_439' title='bbox 1433 3381 1558 3441; x_wconf 87' lang='lat' dir='ltr'><strong>nostrae</strong></span> <span class='ocrx_word' id='word_1_440' title='bbox 1577 3375 1711 3473; x_wconf 85' lang='lat' dir='ltr'><strong>fultura.</strong></span> <span class='ocrx_word' id='word_1_441' title='bbox 1757 3373 1858 3471; x_wconf 80' lang='lat' dir='ltr'><strong>Sicuti</strong></span> <span class='ocrx_word' id='word_1_442' title='bbox 1884 3375 1980 3472; x_wconf 88' lang='lat' dir='ltr'><strong>etiam</strong></span> <span class='ocrx_word' id='word_1_443' title='bbox 2002 3375 2082 3440; x_wconf 85' lang='lat' dir='ltr'><strong>alibi</strong></span> <span class='ocrx_word' id='word_1_444' title='bbox 2102 3377 2186 3441; x_wconf 87' lang='lat' dir='ltr'><strong>docet</strong></span> <span class='ocrx_word' id='word_1_445' title='bbox 2208 3376 2242 3460; x_wconf 85' lang='lat'><strong>(2</strong></span> <span class='ocrx_word' id='word_1_446' title='bbox 2262 3375 2336 3442; x_wconf 80' lang='lat' dir='ltr'><strong>(lor.</strong></span> <span class='ocrx_word' id='word_1_447' title='bbox 2360 3381 2409 3455; x_wconf 89' lang='lat'><strong>13,</strong></span> 
     </span>
     <span class='ocr_line' id='line_1_31' title="bbox 400 3458 2412 3630; baseline 0 -18"><span class='ocrx_word' id='word_1_448' title='bbox 400 3461 760 3612; x_wconf 43' lang='lat' dir='ltr'><strong>&amp;eddidit</strong></span> <span class='ocrx_word' id='word_1_449' title='bbox 784 3459 1380 3630; x_wconf 49' lang='lat' dir='ltr'><strong>incantatrici</strong></span> <span class='ocrx_word' id='word_1_450' title='bbox 1432 3458 2412 3630; x_wconf 57' lang='lat' dir='ltr'><strong>{tantundemtatutndem</strong></span> 
     </span>
     <span class='ocr_line' id='line_1_32' title="bbox 401 3623 2409 3719; baseline 0.001 -21"><span class='ocrx_word' id='word_1_451' title='bbox 401 3653 471 3698; x_wconf 88' lang='lat' dir='ltr'><strong>eum</strong></span> <span class='ocrx_word' id='word_1_452' title='bbox 490 3633 589 3696; x_wconf 88' lang='lat' dir='ltr'><strong>teneri</strong></span> <span class='ocrx_word' id='word_1_453' title='bbox 611 3653 632 3697; x_wconf 93' lang='lat' dir='ltr'><strong>a</strong></span> <span class='ocrx_word' id='word_1_454' title='bbox 652 3632 810 3696; x_wconf 73' lang='lat' dir='ltr'><strong>martae</strong></span> <span class='ocrx_word' id='word_1_455' title='bbox 829 3633 956 3697; x_wconf 81' lang='lat' dir='ltr'><strong>mortis:</strong></span> <span class='ocrx_word' id='word_1_456' title='bbox 982 3633 1059 3714; x_wconf 84' lang='lat' dir='ltr'><strong>qnia</strong></span> <span class='ocrx_word' id='word_1_457' title='bbox 1085 3632 1233 3713; x_wconf 80' lang='lat' dir='ltr'><strong>sequaci</strong></span> <span class='ocrx_word' id='word_1_458' title='bbox 1255 3623 1380 3697; x_wconf 69' lang='lat' dir='ltr'><strong>nram</strong></span> <span class='ocrx_word' id='word_1_459' title='bbox 1430 3633 1560 3715; x_wconf 82' lang='lat' dir='ltr'><strong>factione</strong></span> <span class='ocrx_word' id='word_1_460' title='bbox 1586 3632 1757 3697; x_wconf 58' lang='lat' dir='ltr'><strong>ducents:</strong></span> <span class='ocrx_word' id='word_1_461' title='bbox 1781 3635 1817 3694; x_wconf 92' lang='lat' dir='ltr'><strong>nt</strong></span> <span class='ocrx_word' id='word_1_462' title='bbox 1842 3650 2019 3713; x_wconf 78' lang='lat' dir='ltr'><strong>coqnoscam</strong></span> <span class='ocrx_word' id='word_1_463' title='bbox 2046 3633 2153 3711; x_wconf 89' lang='lat' dir='ltr'><strong>illmn,</strong></span> <span class='ocrx_word' id='word_1_464' title='bbox 2182 3634 2285 3715; x_wconf 85' lang='lat' dir='ltr'><strong>inquit</strong></span> <span class='ocrx_word' id='word_1_465' title='bbox 2306 3634 2409 3719; x_wconf 78' lang='lat' dir='ltr'><strong>(Phil</strong></span> 
     </span>
     <span class='ocr_line' id='line_1_33' title="bbox 403 3717 2412 3804; baseline 0.002 -23"><span class='ocrx_word' id='word_1_466' title='bbox 403 3723 469 3781; x_wconf 81' lang='lat' dir='ltr'><strong>nem</strong></span> <span class='ocrx_word' id='word_1_467' title='bbox 495 3738 517 3780; x_wconf 93' lang='lat' dir='ltr'><strong>a</strong></span> <span class='ocrx_word' id='word_1_468' title='bbox 535 3717 604 3781; x_wconf 92' lang='lat' dir='ltr'><strong>Deo</strong></span> <span class='ocrx_word' id='word_1_469' title='bbox 633 3719 782 3797; x_wconf 86' lang='lat' dir='ltr'><strong>sentiens,</strong></span> <span class='ocrx_word' id='word_1_470' title='bbox 811 3739 849 3783; x_wconf 91' lang='lat' dir='ltr'><strong>ne</strong></span> <span class='ocrx_word' id='word_1_471' title='bbox 877 3718 1037 3783; x_wconf 88' lang='lat' dir='ltr'><strong>tantillum</strong></span> <span class='ocrx_word' id='word_1_472' title='bbox 1063 3719 1188 3799; x_wconf 77' lang='lat' dir='ltr'><strong>quadem</strong></span> <span class='ocrx_word' id='word_1_473' title='bbox 1213 3717 1338 3796; x_wconf 68' lang='lat' dir='ltr'><strong>ddmcit</strong></span> <span class='ocrx_word' id='word_1_474' title='bbox 1358 3737 1379 3780; x_wconf 95' lang='lat' dir='ltr'><strong>a</strong></span> <span class='ocrx_word' id='word_1_475' title='bbox 1433 3718 1559 3804; x_wconf 87' lang='grc'>3,10),</span> <span class='ocrx_word' id='word_1_476' title='bbox 1592 3722 1621 3782; x_wconf 90' lang='lat' dir='ltr'><strong>et</strong></span> <span class='ocrx_word' id='word_1_477' title='bbox 1645 3717 1818 3798; x_wconf 77' lang='lat' dir='ltr'><strong>potentium</strong></span> <span class='ocrx_word' id='word_1_478' title='bbox 1843 3718 2082 3783; x_wconf 83' lang='lat' dir='ltr'><strong>resurrectionis</strong></span> <span class='ocrx_word' id='word_1_479' title='bbox 2114 3719 2212 3784; x_wconf 81' lang='lat' dir='ltr'><strong>allius.</strong></span> <span class='ocrx_word' id='word_1_480' title='bbox 2258 3718 2412 3786; x_wconf 73' lang='lat' dir='ltr'><strong>Cartima</strong></span> 
     </span>
     <span class='ocr_line' id='line_1_34' title="bbox 402 3802 2410 3889; baseline 0.001 -22"><span class='ocrx_word' id='word_1_481' title='bbox 402 3803 548 3867; x_wconf 87' lang='lat' dir='ltr'><strong>bonitatis</strong></span> <span class='ocrx_word' id='word_1_482' title='bbox 574 3805 643 3866; x_wconf 90' lang='lat' dir='ltr'><strong>eius</strong></span> <span class='ocrx_word' id='word_1_483' title='bbox 667 3802 796 3882; x_wconf 77' lang='lat' dir='ltr'><strong>fidncia.</strong></span> <span class='ocrx_word' id='word_1_484' title='bbox 843 3804 932 3884; x_wconf 75' lang='lat' dir='ltr'><strong>Quod</strong></span> <span class='ocrx_word' id='word_1_485' title='bbox 959 3803 1042 3869; x_wconf 83' lang='lat' dir='ltr'><strong>docet</strong></span> <span class='ocrx_word' id='word_1_486' title='bbox 1067 3804 1194 3868; x_wconf 86' lang='lat' dir='ltr'><strong>celebris</strong></span> <span class='ocrx_word' id='word_1_487' title='bbox 1214 3803 1274 3868; x_wconf 89' lang='lat' dir='ltr'><strong>illa</strong></span> <span class='ocrx_word' id='word_1_488' title='bbox 1294 3802 1379 3865; x_wconf 83' lang='lat' dir='ltr'><strong>inno</strong></span> <span class='ocrx_word' id='word_1_489' title='bbox 1430 3810 1534 3869; x_wconf 87' lang='lat' dir='ltr'><strong>tamen</strong></span> <span class='ocrx_word' id='word_1_490' title='bbox 1554 3807 1627 3885; x_wconf 83' lang='lat' dir='ltr'><strong>post</strong></span> <span class='ocrx_word' id='word_1_491' title='bbox 1652 3802 1824 3866; x_wconf 80' lang='lat' dir='ltr'><strong>societatem</strong></span> <span class='ocrx_word' id='word_1_492' title='bbox 1850 3821 1920 3866; x_wconf 86' lang='lat' dir='ltr'><strong>cum</strong></span> <span class='ocrx_word' id='word_1_493' title='bbox 1945 3808 2042 3868; x_wconf 78' lang='lat' dir='ltr'><strong>morde</strong></span> <span class='ocrx_word' id='word_1_494' title='bbox 2072 3806 2216 3869; x_wconf 86' lang='lat' dir='ltr'><strong>annectit.</strong></span> <span class='ocrx_word' id='word_1_495' title='bbox 2261 3804 2322 3870; x_wconf 82' lang='lat' dir='ltr'><strong>Oai</strong></span> <span class='ocrx_word' id='word_1_496' title='bbox 2354 3828 2410 3889; x_wconf 76' lang='lat' dir='ltr'><strong>ap</strong></span> 
     </span>
     <span class='ocr_line' id='line_1_35' title="bbox 403 3886 2410 3975; baseline 0.002 -23"><span class='ocrx_word' id='word_1_497' title='bbox 403 3888 491 3965; x_wconf 87' lang='lat' dir='ltr'><strong>catio,</strong></span> <span class='ocrx_word' id='word_1_498' title='bbox 514 3888 550 3949; x_wconf 90' lang='lat' dir='ltr'><strong>in</strong></span> <span class='ocrx_word' id='word_1_499' title='bbox 570 3908 633 3968; x_wconf 91' lang='lat' dir='ltr'><strong>qna</strong></span> <span class='ocrx_word' id='word_1_500' title='bbox 646 3909 730 3969; x_wconf 90' lang='lat' dir='ltr'><strong>prae</strong></span> <span class='ocrx_word' id='word_1_501' title='bbox 746 3890 864 3955; x_wconf 81' lang='lat' dir='ltr'><strong>doloris</strong></span> <span class='ocrx_word' id='word_1_502' title='bbox 880 3889 1067 3955; x_wconf 72' lang='lat' dir='ltr'><strong>celonantia</strong></span> <span class='ocrx_word' id='word_1_503' title='bbox 1084 3886 1376 3971; x_wconf 70' lang='lat' dir='ltr'><strong>clarnanitfflatth.</strong></span> <span class='ocrx_word' id='word_1_504' title='bbox 1430 3890 1549 3954; x_wconf 69' lang='lat' dir='ltr'><strong>tissone</strong></span> <span class='ocrx_word' id='word_1_505' title='bbox 1576 3888 1718 3972; x_wconf 76' lang='lat' dir='ltr'><strong>coraqruit</strong></span> <span class='ocrx_word' id='word_1_506' title='bbox 1744 3887 1824 3952; x_wconf 87' lang='lat' dir='ltr'><strong>illud</strong></span> <span class='ocrx_word' id='word_1_507' title='bbox 1852 3886 1940 3952; x_wconf 86' lang='lat' dir='ltr'><strong>Petri</strong></span> <span class='ocrx_word' id='word_1_508' title='bbox 1967 3888 1999 3972; x_wconf 90' lang='lat'><strong>(1</strong></span> <span class='ocrx_word' id='word_1_509' title='bbox 2019 3889 2109 3956; x_wconf 83' lang='lat' dir='ltr'><strong>Patr.</strong></span> <span class='ocrx_word' id='word_1_510' title='bbox 2138 3895 2171 3969; x_wconf 89' lang='lat'><strong>1,</strong></span> <span class='ocrx_word' id='word_1_511' title='bbox 2196 3892 2268 3975; x_wconf 86' lang='lat'><strong>21),</strong></span> <span class='ocrx_word' id='word_1_512' title='bbox 2302 3892 2410 3957; x_wconf 83' lang='lat' dir='ltr'><strong>Deum</strong></span> 
     </span>
     <span class='ocr_line' id='line_1_36' title="bbox 402 3970 2411 4060; baseline 0.003 -24"><span class='ocrx_word' id='word_1_513' title='bbox 402 3976 454 4050; x_wconf 82' lang='lat'><strong>27,</strong></span> <span class='ocrx_word' id='word_1_514' title='bbox 474 3970 548 4056; x_wconf 78' lang='lat'><strong>46).-</strong></span> <span class='ocrx_word' id='word_1_515' title='bbox 568 3973 660 4038; x_wconf 86' lang='lat' dir='ltr'><strong>Dens</strong></span> <span class='ocrx_word' id='word_1_516' title='bbox 679 3994 775 4053; x_wconf 89' lang='lat' dir='ltr'><strong>mens,</strong></span> <span class='ocrx_word' id='word_1_517' title='bbox 797 3974 887 4040; x_wconf 87' lang='lat' dir='ltr'><strong>Dens</strong></span> <span class='ocrx_word' id='word_1_518' title='bbox 908 3995 1010 4054; x_wconf 81' lang='lat' dir='ltr'><strong>mnes,</strong></span> <span class='ocrx_word' id='word_1_519' title='bbox 1032 3976 1162 4057; x_wconf 84' lang='lat' dir='ltr'><strong>utquid</strong></span> <span class='ocrx_word' id='word_1_520' title='bbox 1183 3973 1379 4053; x_wconf 77' lang='lat' dir='ltr'><strong>dereliquisti</strong></span> <span class='ocrx_word' id='word_1_521' title='bbox 1430 3977 1596 4041; x_wconf 71' lang='grc' dir='ltr'>ειεεειιεεεε</span> <span class='ocrx_word' id='word_1_522' title='bbox 1621 3995 1691 4039; x_wconf 91' lang='lat' dir='ltr'><strong>eum</strong></span> <span class='ocrx_word' id='word_1_523' title='bbox 1712 3995 1734 4038; x_wconf 92' lang='lat' dir='ltr'><strong>a</strong></span> <span class='ocrx_word' id='word_1_524' title='bbox 1754 3975 1900 4054; x_wconf 83' lang='lat' dir='ltr'><strong>mortuis,</strong></span> <span class='ocrx_word' id='word_1_525' title='bbox 1927 3979 1956 4038; x_wconf 87' lang='lat' dir='ltr'><strong>a</strong></span> <span class='ocrx_word' id='word_1_526' title='bbox 1974 3976 2098 4041; x_wconf 87' lang='lat' dir='ltr'><strong>dedisse</strong></span> <span class='ocrx_word' id='word_1_527' title='bbox 2125 3978 2178 4043; x_wconf 87' lang='lat' dir='ltr'><strong>illi</strong></span> <span class='ocrx_word' id='word_1_528' title='bbox 2196 3978 2346 4060; x_wconf 82' lang='lat' dir='ltr'><strong>qloriam,</strong></span> <span class='ocrx_word' id='word_1_529' title='bbox 2375 3983 2411 4042; x_wconf 88' lang='lat' dir='ltr'><strong>nt</strong></span> 
     </span>
     <span class='ocr_line' id='line_1_37' title="bbox 401 4058 2410 4145; baseline 0.002 -22"><span class='ocrx_word' id='word_1_530' title='bbox 401 4060 474 4123; x_wconf 77' lang='lat' dir='ltr'><strong>nce?</strong></span> <span class='ocrx_word' id='word_1_531' title='bbox 519 4058 605 4122; x_wconf 92' lang='lat' dir='ltr'><strong>Nam</strong></span> <span class='ocrx_word' id='word_1_532' title='bbox 637 4061 696 4123; x_wconf 87' lang='lat' dir='ltr'><strong>etsi</strong></span> <span class='ocrx_word' id='word_1_533' title='bbox 727 4080 828 4139; x_wconf 76' lang='lat' dir='ltr'><strong>aspra</strong></span> <span class='ocrx_word' id='word_1_534' title='bbox 860 4062 986 4126; x_wconf 81' lang='lat' dir='ltr'><strong>undum</strong></span> <span class='ocrx_word' id='word_1_535' title='bbox 1013 4063 1155 4144; x_wconf 83' lang='lat' dir='ltr'><strong>anqitur,</strong></span> <span class='ocrx_word' id='word_1_536' title='bbox 1186 4081 1249 4125; x_wconf 90' lang='lat' dir='ltr'><strong>non</strong></span> <span class='ocrx_word' id='word_1_537' title='bbox 1275 4064 1379 4124; x_wconf 85' lang='lat' dir='ltr'><strong>tamen</strong></span> <span class='ocrx_word' id='word_1_538' title='bbox 1428 4061 1508 4142; x_wconf 73' lang='lat' dir='ltr'><strong>fides</strong></span> <span class='ocrx_word' id='word_1_539' title='bbox 1539 4066 1567 4125; x_wconf 90' lang='lat' dir='ltr'><strong>el</strong></span> <span class='ocrx_word' id='word_1_540' title='bbox 1597 4081 1669 4144; x_wconf 89' lang='lat' dir='ltr'><strong>spes</strong></span> <span class='ocrx_word' id='word_1_541' title='bbox 1695 4065 1805 4125; x_wconf 86' lang='lat' dir='ltr'><strong>nostra</strong></span> <span class='ocrx_word' id='word_1_542' title='bbox 1830 4064 1908 4125; x_wconf 90' lang='lat' dir='ltr'><strong>esset</strong></span> <span class='ocrx_word' id='word_1_543' title='bbox 1933 4061 1970 4125; x_wconf 90' lang='lat' dir='ltr'><strong>in</strong></span> <span class='ocrx_word' id='word_1_544' title='bbox 1997 4061 2073 4127; x_wconf 89' lang='lat' dir='ltr'><strong>Deo.</strong></span> <span class='ocrx_word' id='word_1_545' title='bbox 2120 4063 2194 4128; x_wconf 90' lang='lat' dir='ltr'><strong>Non</strong></span> <span class='ocrx_word' id='word_1_546' title='bbox 2225 4064 2306 4145; x_wconf 89' lang='lat' dir='ltr'><strong>quod</strong></span> <span class='ocrx_word' id='word_1_547' title='bbox 2329 4062 2410 4143; x_wconf 79' lang='lat' dir='ltr'><strong>fides</strong></span> 
     </span>
     <span class='ocr_line' id='line_1_38' title="bbox 400 4145 2408 4229; baseline 0 -19"><span class='ocrx_word' id='word_1_548' title='bbox 400 4145 516 4210; x_wconf 65' lang='lat' dir='ltr'><strong>dedicit</strong></span> <span class='ocrx_word' id='word_1_549' title='bbox 542 4164 650 4209; x_wconf 85' lang='lat' dir='ltr'><strong>vocare</strong></span> <span class='ocrx_word' id='word_1_550' title='bbox 672 4146 777 4211; x_wconf 90' lang='lat' dir='ltr'><strong>Demn</strong></span> <span class='ocrx_word' id='word_1_551' title='bbox 803 4166 911 4226; x_wconf 90' lang='lat' dir='ltr'><strong>suurn,</strong></span> <span class='ocrx_word' id='word_1_552' title='bbox 940 4168 962 4212; x_wconf 92' lang='lat' dir='ltr'><strong>a</strong></span> <span class='ocrx_word' id='word_1_553' title='bbox 989 4167 1049 4227; x_wconf 89' lang='lat' dir='ltr'><strong>quo</strong></span> <span class='ocrx_word' id='word_1_554' title='bbox 1074 4167 1107 4212; x_wconf 90' lang='lat' dir='ltr'><strong>se</strong></span> <span class='ocrx_word' id='word_1_555' title='bbox 1128 4146 1307 4211; x_wconf 86' lang='lat' dir='ltr'><strong>derelictmn</strong></span> <span class='ocrx_word' id='word_1_556' title='bbox 1327 4163 1379 4210; x_wconf 82' lang='lat' dir='ltr'><strong>en·</strong></span> <span class='ocrx_word' id='word_1_557' title='bbox 1430 4153 1527 4213; x_wconf 86' lang='lat' dir='ltr'><strong>morte</strong></span> <span class='ocrx_word' id='word_1_558' title='bbox 1547 4147 1679 4229; x_wconf 66' lang='lat' dir='ltr'><strong>suffulta</strong></span> <span class='ocrx_word' id='word_1_559' title='bbox 1699 4147 1832 4226; x_wconf 84' lang='lat' dir='ltr'><strong>vacillet,</strong></span> <span class='ocrx_word' id='word_1_560' title='bbox 1859 4145 1914 4212; x_wconf 89' lang='lat' dir='ltr'><strong>sed</strong></span> <span class='ocrx_word' id='word_1_561' title='bbox 1934 4148 2012 4227; x_wconf 90' lang='lat' dir='ltr'><strong>qnia</strong></span> <span class='ocrx_word' id='word_1_562' title='bbox 2032 4149 2228 4225; x_wconf 70' lang='lat' dir='ltr'><strong>oritusDei,</strong></span> <span class='ocrx_word' id='word_1_563' title='bbox 2251 4168 2332 4228; x_wconf 89' lang='lat' dir='ltr'><strong>qnae</strong></span> <span class='ocrx_word' id='word_1_564' title='bbox 2350 4147 2408 4210; x_wconf 88' lang='lat' dir='ltr'><strong>sub</strong></span> 
     </span>
     <span class='ocr_line' id='line_1_39' title="bbox 400 4229 2408 4314; baseline -0 -18"><span class='ocrx_word' id='word_1_565' title='bbox 400 4231 523 4296; x_wconf 76' lang='lat' dir='ltr'><strong>clamat.</strong></span> <span class='ocrx_word' id='word_1_566' title='bbox 570 4229 671 4295; x_wconf 89' lang='lat' dir='ltr'><strong>Porro</strong></span> <span class='ocrx_word' id='word_1_567' title='bbox 698 4231 770 4296; x_wconf 85' lang='lat' dir='ltr'><strong>bine</strong></span> <span class='ocrx_word' id='word_1_568' title='bbox 795 4232 950 4313; x_wconf 71' lang='lat' dir='ltr'><strong>refellitote</strong></span> <span class='ocrx_word' id='word_1_569' title='bbox 970 4237 1036 4297; x_wconf 87' lang='lat' dir='ltr'><strong>tarn</strong></span> <span class='ocrx_word' id='word_1_570' title='bbox 1056 4231 1261 4313; x_wconf 76' lang='lat' dir='ltr'><strong>Apollinaris</strong></span> <span class='ocrx_word' id='word_1_571' title='bbox 1280 4251 1378 4309; x_wconf 88' lang='lat' dir='ltr'><strong>error,</strong></span> <span class='ocrx_word' id='word_1_572' title='bbox 1428 4233 1492 4314; x_wconf 79' lang='lat' dir='ltr'><strong>fide</strong></span> <span class='ocrx_word' id='word_1_573' title='bbox 1518 4254 1575 4299; x_wconf 91' lang='lat' dir='ltr'><strong>nos</strong></span> <span class='ocrx_word' id='word_1_574' title='bbox 1603 4233 1749 4313; x_wconf 83' lang='lat' dir='ltr'><strong>custodit,</strong></span> <span class='ocrx_word' id='word_1_575' title='bbox 1775 4234 1812 4296; x_wconf 92' lang='lat' dir='ltr'><strong>in</strong></span> <span class='ocrx_word' id='word_1_576' title='bbox 1838 4233 1912 4314; x_wconf 86' lang='lat' dir='ltr'><strong>ipsa</strong></span> <span class='ocrx_word' id='word_1_577' title='bbox 1942 4235 2080 4298; x_wconf 73' lang='lat' dir='ltr'><strong>annm</strong></span> <span class='ocrx_word' id='word_1_578' title='bbox 2101 4233 2322 4300; x_wconf 77' lang='lat' dir='ltr'><strong>resurrectione</strong></span> <span class='ocrx_word' id='word_1_579' title='bbox 2342 4251 2408 4296; x_wconf 91' lang='lat' dir='ltr'><strong>sese</strong></span> 
     </span>
     <span class='ocr_line' id='line_1_40' title="bbox 400 4315 2409 4403; baseline 0 -23"><span class='ocrx_word' id='word_1_580' title='bbox 400 4337 495 4398; x_wconf 90' lang='lat' dir='ltr'><strong>qnam</strong></span> <span class='ocrx_word' id='word_1_581' title='bbox 515 4336 620 4381; x_wconf 88' lang='lat' dir='ltr'><strong>eorum</strong></span> <span class='ocrx_word' id='word_1_582' title='bbox 640 4318 697 4397; x_wconf 89' lang='lat' dir='ltr'><strong>qui</strong></span> <span class='ocrx_word' id='word_1_583' title='bbox 718 4316 937 4382; x_wconf 87' lang='lat' dir='ltr'><strong>Monotbeiitae</strong></span> <span class='ocrx_word' id='word_1_584' title='bbox 958 4318 1033 4382; x_wconf 88' lang='lat' dir='ltr'><strong>diali</strong></span> <span class='ocrx_word' id='word_1_585' title='bbox 1053 4322 1135 4383; x_wconf 88' lang='lat' dir='ltr'><strong>sunt.</strong></span> <span class='ocrx_word' id='word_1_586' title='bbox 1169 4317 1233 4384; x_wconf 83' lang='lat' dir='ltr'><strong>Ille</strong></span> <span class='ocrx_word' id='word_1_587' title='bbox 1255 4315 1380 4382; x_wconf 82' lang='lat' dir='ltr'><strong>Obristo</strong></span> <span class='ocrx_word' id='word_1_588' title='bbox 1430 4323 1541 4403; x_wconf 82' lang='lat' dir='ltr'><strong>aperit.</strong></span> <span class='ocrx_word' id='word_1_589' title='bbox 1585 4317 1723 4385; x_wconf 85' lang='lat' dir='ltr'><strong>Proinde</strong></span> <span class='ocrx_word' id='word_1_590' title='bbox 1747 4319 1994 4398; x_wconf 81' lang='lat' dir='ltr'><strong>rneminerimus,</strong></span> <span class='ocrx_word' id='word_1_591' title='bbox 2025 4321 2144 4399; x_wconf 86' lang='lat' dir='ltr'><strong>quoties</strong></span> <span class='ocrx_word' id='word_1_592' title='bbox 2169 4318 2268 4384; x_wconf 85' lang='lat' dir='ltr'><strong>solius</strong></span> <span class='ocrx_word' id='word_1_593' title='bbox 2298 4318 2409 4382; x_wconf 85' lang='lat' dir='ltr'><strong>mortis</strong></span> 
     </span>
     <span class='ocr_line' id='line_1_41' title="bbox 399 4402 2410 4489; baseline 0 -22"><span class='ocrx_word' id='word_1_594' title='bbox 399 4402 535 4485; x_wconf 73' lang='lat' dir='ltr'><strong>finqebat</strong></span> <span class='ocrx_word' id='word_1_595' title='bbox 555 4403 706 4483; x_wconf 87' lang='lat' dir='ltr'><strong>spiritum</strong></span> <span class='ocrx_word' id='word_1_596' title='bbox 727 4409 885 4468; x_wconf 70' lang='lat' dir='ltr'><strong>dammam</strong></span> <span class='ocrx_word' id='word_1_597' title='bbox 900 4405 1002 4486; x_wconf 77' lang='lat' dir='ltr'><strong>froiam</strong></span> <span class='ocrx_word' id='word_1_598' title='bbox 1021 4405 1147 4468; x_wconf 89' lang='lat' dir='ltr'><strong>animae</strong></span> <span class='ocrx_word' id='word_1_599' title='bbox 1163 4405 1237 4483; x_wconf 87' lang='lat' dir='ltr'><strong>aiae,</strong></span> <span class='ocrx_word' id='word_1_600' title='bbox 1259 4407 1294 4467; x_wconf 89' lang='lat' dir='ltr'><strong>ut</strong></span> <span class='ocrx_word' id='word_1_601' title='bbox 1310 4407 1379 4468; x_wconf 89' lang='lat' dir='ltr'><strong>tan·</strong></span> <span class='ocrx_word' id='word_1_602' title='bbox 1429 4408 1613 4489; x_wconf 75' lang='lat' dir='ltr'><strong>filmertio,</strong></span> <span class='ocrx_word' id='word_1_603' title='bbox 1641 4405 1739 4470; x_wconf 72' lang='lat' dir='ltr'><strong>amal</strong></span> <span class='ocrx_word' id='word_1_604' title='bbox 1766 4403 1981 4487; x_wconf 62' lang='lat' dir='ltr'><strong>mammarii</strong></span> <span class='ocrx_word' id='word_1_605' title='bbox 2007 4404 2088 4485; x_wconf 87' lang='lat' dir='ltr'><strong>qnod</strong></span> <span class='ocrx_word' id='word_1_606' title='bbox 2103 4405 2274 4485; x_wconf 83' lang='lat' dir='ltr'><strong>proprium</strong></span> <span class='ocrx_word' id='word_1_607' title='bbox 2294 4407 2339 4467; x_wconf 88' lang='grc' dir='ltr'><strong>εει</strong></span> <span class='ocrx_word' id='word_1_608' title='bbox 2361 4424 2410 4468; x_wconf 88' lang='lat' dir='ltr'><strong>re-</strong></span> 
     </span>
     <span class='ocr_line' id='line_1_42' title="bbox 399 4488 2410 4573; baseline 0.001 -21"><span class='ocrx_word' id='word_1_609' title='bbox 399 4493 465 4552; x_wconf 87' lang='lat' dir='ltr'><strong>tum</strong></span> <span class='ocrx_word' id='word_1_610' title='bbox 486 4493 564 4553; x_wconf 90' lang='lat' dir='ltr'><strong>esset</strong></span> <span class='ocrx_word' id='word_1_611' title='bbox 584 4488 740 4554; x_wconf 89' lang='lat' dir='ltr'><strong>dimidius</strong></span> <span class='ocrx_word' id='word_1_612' title='bbox 760 4488 857 4554; x_wconf 83' lang='lat' dir='ltr'><strong>baon.</strong></span> <span class='ocrx_word' id='word_1_613' title='bbox 893 4491 993 4570; x_wconf 77' lang='lat' dir='ltr'><strong>Quasi</strong></span> <span class='ocrx_word' id='word_1_614' title='bbox 1013 4509 1084 4555; x_wconf 87' lang='lat' dir='ltr'><strong>aero</strong></span> <span class='ocrx_word' id='word_1_615' title='bbox 1172 4490 1178 4502; x_wconf 84' lang='lat'>‘</span> <span class='ocrx_word' id='word_1_616' title='bbox 1218 4493 1380 4569; x_wconf 85' lang='lat' dir='ltr'><strong>epeccata</strong></span> <span class='ocrx_word' id='word_1_617' title='bbox 1430 4493 1650 4571; x_wconf 59' lang='lat' dir='ltr'><strong>numantiam,-</strong></span> <span class='ocrx_word' id='word_1_618' title='bbox 1669 4511 1784 4573; x_wconf 89' lang='lat' dir='ltr'><strong>parem</strong></span> <span class='ocrx_word' id='word_1_619' title='bbox 1811 4510 1929 4572; x_wconf 90' lang='lat' dir='ltr'><strong>quoqne</strong></span> <span class='ocrx_word' id='word_1_620' title='bbox 1956 4488 2159 4571; x_wconf 64' lang='grc' dir='ltr'>εγεεεάεειειι</span> <span class='ocrx_word' id='word_1_621' title='bbox 2184 4508 2249 4553; x_wconf 85' lang='grc' dir='ltr'>εεεε</span> <span class='ocrx_word' id='word_1_622' title='bbox 2276 4489 2313 4552; x_wconf 88' lang='lat' dir='ltr'><strong>in</strong></span> <span class='ocrx_word' id='word_1_623' title='bbox 2339 4509 2410 4554; x_wconf 86' lang='lat' dir='ltr'><strong>coac</strong></span> 
     </span>
     <span class='ocr_line' id='line_1_43' title="bbox 399 4510 2412 4657; baseline 0 -19"><span class='ocrx_word' id='word_1_624' title='bbox 399 4578 505 4638; x_wconf 86' lang='lat' dir='ltr'><strong>nostra</strong></span> <span class='ocrx_word' id='word_1_625' title='bbox 526 4574 665 4653; x_wconf 84' lang='lat' dir='ltr'><strong>potuerit</strong></span> <span class='ocrx_word' id='word_1_626' title='bbox 693 4575 759 4638; x_wconf 87' lang='lat' dir='ltr'><strong>nisi</strong></span> <span class='ocrx_word' id='word_1_627' title='bbox 782 4575 876 4654; x_wconf 90' lang='lat' dir='ltr'><strong>patri</strong></span> <span class='ocrx_word' id='word_1_628' title='bbox 897 4574 1069 4640; x_wconf 90' lang='lat' dir='ltr'><strong>obediendo.</strong></span> <span class='ocrx_word' id='word_1_629' title='bbox 1104 4510 1309 4640; x_wconf 47' lang='lat' dir='ltr'><strong>medem</strong></span> <span class='ocrx_word' id='word_1_630' title='bbox 1330 4573 1379 4655; x_wconf 91' lang='lat' dir='ltr'><strong>af·</strong></span> <span class='ocrx_word' id='word_1_631' title='bbox 1429 4578 1678 4656; x_wconf 69' lang='lat' dir='ltr'><strong>resurrectonis,</strong></span> <span class='ocrx_word' id='word_1_632' title='bbox 1710 4576 1829 4657; x_wconf 85' lang='lat' dir='ltr'><strong>quoties</strong></span> <span class='ocrx_word' id='word_1_633' title='bbox 1860 4594 2001 4639; x_wconf 76' lang='lat' dir='ltr'><strong>scoram</strong></span> <span class='ocrx_word' id='word_1_634' title='bbox 2030 4595 2053 4638; x_wconf 93' lang='lat' dir='ltr'><strong>a</strong></span> <span class='ocrx_word' id='word_1_635' title='bbox 2077 4579 2173 4640; x_wconf 78' lang='lat' dir='ltr'><strong>ntorte</strong></span> <span class='ocrx_word' id='word_1_636' title='bbox 2195 4575 2346 4656; x_wconf 82' lang='lat' dir='ltr'><strong>pmitur:</strong></span> <span class='ocrx_word' id='word_1_637' title='bbox 2374 4580 2412 4639; x_wconf 88' lang='lat' dir='ltr'><strong>ut</strong></span> 
     </span>
     <span class='ocr_line' id='line_1_44' title="bbox 399 4659 2410 4743; baseline 0.001 -19"><span class='ocrx_word' id='word_1_638' title='bbox 399 4659 498 4742; x_wconf 87' lang='lat' dir='ltr'><strong>featns</strong></span> <span class='ocrx_word' id='word_1_639' title='bbox 523 4665 578 4724; x_wconf 91' lang='lat' dir='ltr'><strong>ant</strong></span> <span class='ocrx_word' id='word_1_640' title='bbox 599 4660 742 4725; x_wconf 85' lang='lat' dir='ltr'><strong>noluntas</strong></span> <span class='ocrx_word' id='word_1_641' title='bbox 764 4661 950 4726; x_wconf 70' lang='lat' dir='ltr'><strong>obedientiae</strong></span> <span class='ocrx_word' id='word_1_642' title='bbox 972 4661 1039 4726; x_wconf 86' lang='lat' dir='ltr'><strong>nisi</strong></span> <span class='ocrx_word' id='word_1_643' title='bbox 1060 4662 1096 4724; x_wconf 93' lang='lat' dir='ltr'><strong>in</strong></span> <span class='ocrx_word' id='word_1_644' title='bbox 1117 4659 1254 4725; x_wconf 77' lang='lat' dir='ltr'><strong>anina?</strong></span> <span class='ocrx_word' id='word_1_645' title='bbox 1283 4678 1378 4739; x_wconf 84' lang='lat' dir='ltr'><strong>quam</strong></span> <span class='ocrx_word' id='word_1_646' title='bbox 1430 4684 1534 4730; x_wconf 85' lang='lat' dir='ltr'><strong>secum</strong></span> <span class='ocrx_word' id='word_1_647' title='bbox 1561 4662 1668 4728; x_wconf 84' lang='lat' dir='ltr'><strong>trabat</strong></span> <span class='ocrx_word' id='word_1_648' title='bbox 1698 4662 1779 4743; x_wconf 89' lang='lat' dir='ltr'><strong>qnod</strong></span> <span class='ocrx_word' id='word_1_649' title='bbox 1798 4660 2004 4740; x_wconf 79' lang='lat' dir='ltr'><strong>peculiariter</strong></span> <span class='ocrx_word' id='word_1_650' title='bbox 2034 4661 2129 4725; x_wconf 80' lang='lat' dir='ltr'><strong>morti</strong></span> <span class='ocrx_word' id='word_1_651' title='bbox 2153 4662 2299 4726; x_wconf 85' lang='lat' dir='ltr'><strong>convenit.</strong></span> <span class='ocrx_word' id='word_1_652' title='bbox 2346 4659 2410 4726; x_wconf 83' lang='lat' dir='ltr'><strong>Sed</strong></span> 
     </span>
     <span class='ocr_line' id='line_1_45' title="bbox 400 4744 2411 4833; baseline 0 -23"><span class='ocrx_word' id='word_1_653' title='bbox 400 4745 469 4810; x_wconf 85' lang='lat' dir='ltr'><strong>idea</strong></span> <span class='ocrx_word' id='word_1_654' title='bbox 496 4744 653 4809; x_wconf 87' lang='lat' dir='ltr'><strong>turbatam</strong></span> <span class='ocrx_word' id='word_1_655' title='bbox 672 4745 774 4827; x_wconf 89' lang='lat' dir='ltr'><strong>fnisse</strong></span> <span class='ocrx_word' id='word_1_656' title='bbox 795 4746 926 4825; x_wconf 88' lang='lat' dir='ltr'><strong>scimus,</strong></span> <span class='ocrx_word' id='word_1_657' title='bbox 953 4750 989 4810; x_wconf 89' lang='lat' dir='ltr'><strong>nt</strong></span> <span class='ocrx_word' id='word_1_658' title='bbox 1008 4751 1146 4823; x_wconf 85' lang='lat' dir='ltr'><strong>nostrae,</strong></span> <span class='ocrx_word' id='word_1_659' title='bbox 1174 4744 1379 4824; x_wconf 80' lang='lat' dir='ltr'><strong>trepidatione</strong></span> <span class='ocrx_word' id='word_1_660' title='bbox 1430 4753 1508 4833; x_wconf 85' lang='lat' dir='ltr'><strong>qnia</strong></span> <span class='ocrx_word' id='word_1_661' title='bbox 1535 4749 1721 4833; x_wconf 77' lang='lat' dir='ltr'><strong>renerqmdo</strong></span> <span class='ocrx_word' id='word_1_662' title='bbox 1735 4746 1882 4827; x_wconf 71' lang='grc' dir='ltr'>Ραιειειιι</span> <span class='ocrx_word' id='word_1_663' title='bbox 1902 4745 2033 4824; x_wconf 72' lang='lat' dir='ltr'><strong>adeptos</strong></span> <span class='ocrx_word' id='word_1_664' title='bbox 2054 4750 2114 4826; x_wconf 82' lang='lat' dir='ltr'><strong>cst,</strong></span> <span class='ocrx_word' id='word_1_665' title='bbox 2141 4752 2178 4812; x_wconf 89' lang='lat' dir='ltr'><strong>ut</strong></span> <span class='ocrx_word' id='word_1_666' title='bbox 2196 4745 2283 4826; x_wconf 75' lang='lat' dir='ltr'><strong>fieret</strong></span> <span class='ocrx_word' id='word_1_667' title='bbox 2303 4766 2411 4811; x_wconf 89' lang='lat' dir='ltr'><strong>resur-</strong></span> 
     </span>
     <span class='ocr_line' id='line_1_46' title="bbox 400 4829 2411 4918; baseline -0.005 -12"><span class='ocrx_word' id='word_1_668' title='bbox 400 4829 553 4906; x_wconf 70' lang='lat' dir='ltr'><strong>damea,</strong></span> <span class='ocrx_word' id='word_1_669' title='bbox 570 4851 683 4910; x_wconf 76' lang='lat' dir='ltr'><strong>amm</strong></span> <span class='ocrx_word' id='word_1_670' title='bbox 703 4837 732 4896; x_wconf 87' lang='lat' dir='ltr'><strong>a</strong></span> <span class='ocrx_word' id='word_1_671' title='bbox 752 4833 884 4912; x_wconf 76' lang='lat' dir='ltr'><strong>quietem</strong></span> <span class='ocrx_word' id='word_1_672' title='bbox 901 4832 1062 4898; x_wconf 77' lang='lat' dir='ltr'><strong>annon.</strong></span> <span class='ocrx_word' id='word_1_673' title='bbox 1095 4831 1150 4895; x_wconf 76' lang='lat' dir='ltr'><strong>aa</strong></span> <span class='ocrx_word' id='word_1_674' title='bbox 1166 4829 1249 4908; x_wconf 78' lang='lat' dir='ltr'><strong>laer,</strong></span> <span class='ocrx_word' id='word_1_675' title='bbox 1272 4833 1380 4896; x_wconf 79' lang='lat' dir='ltr'><strong>aare</strong></span> <span class='ocrx_word' id='word_1_676' title='bbox 1430 4838 1524 4902; x_wconf 74' lang='lat' dir='ltr'><strong>reeta</strong></span> <span class='ocrx_word' id='word_1_677' title='bbox 1545 4841 1573 4900; x_wconf 84' lang='lat' dir='ltr'><strong>a</strong></span> <span class='ocrx_word' id='word_1_678' title='bbox 1592 4836 1667 4912; x_wconf 78' lang='lat' dir='ltr'><strong>otta,</strong></span> <span class='ocrx_word' id='word_1_679' title='bbox 1689 4833 1799 4896; x_wconf 72' lang='lat' dir='ltr'><strong>maa</strong></span> <span class='ocrx_word' id='word_1_680' title='bbox 1819 4830 1971 4896; x_wconf 72' lang='lat' dir='ltr'><strong>naemu</strong></span> <span class='ocrx_word' id='word_1_681' title='bbox 1991 4829 2117 4897; x_wconf 73' lang='lat' dir='ltr'><strong>Panna</strong></span> <span class='ocrx_word' id='word_1_682' title='bbox 2138 4831 2171 4916; x_wconf 90' lang='lat'><strong>(1</strong></span> <span class='ocrx_word' id='word_1_683' title='bbox 2187 4831 2261 4897; x_wconf 79' lang='lat' dir='ltr'><strong>(lor.</strong></span> <span class='ocrx_word' id='word_1_684' title='bbox 2285 4837 2332 4909; x_wconf 85' lang='lat'><strong>15,</strong></span> <span class='ocrx_word' id='word_1_685' title='bbox 2355 4833 2411 4918; x_wconf 78' lang='grc' dir='ltr'><strong>ιι)</strong></span> 
     </span>
     <span class='ocr_line' id='line_1_47' title="bbox 401 4913 2410 5002; baseline 0.003 -25"><span class='ocrx_word' id='word_1_686' title='bbox 401 4913 636 4994; x_wconf 85' lang='lat' dir='ltr'><strong>Monotbelitas,</strong></span> <span class='ocrx_word' id='word_1_687' title='bbox 674 4917 816 4982; x_wconf 80' lang='lat' dir='ltr'><strong>aidanus</strong></span> <span class='ocrx_word' id='word_1_688' title='bbox 846 4923 881 4982; x_wconf 91' lang='lat' dir='ltr'><strong>ut</strong></span> <span class='ocrx_word' id='word_1_689' title='bbox 912 4938 994 4982; x_wconf 90' lang='lat' dir='ltr'><strong>nunc</strong></span> <span class='ocrx_word' id='word_1_690' title='bbox 1026 4917 1194 4983; x_wconf 76' lang='lat' dir='ltr'><strong>sannam</strong></span> <span class='ocrx_word' id='word_1_691' title='bbox 1225 4913 1379 4980; x_wconf 80' lang='lat' dir='ltr'><strong>bomnnm</strong></span> <span class='ocrx_word' id='word_1_692' title='bbox 1431 4922 1579 4988; x_wconf 76' lang='lat' dir='ltr'><strong>aboldam</strong></span> <span class='ocrx_word' id='word_1_693' title='bbox 1610 4938 1675 4984; x_wconf 85' lang='lat' dir='ltr'><strong>csse</strong></span> <span class='ocrx_word' id='word_1_694' title='bbox 1705 4916 1813 4997; x_wconf 70' lang='lat' dir='ltr'><strong>lidan,</strong></span> <span class='ocrx_word' id='word_1_695' title='bbox 1846 4917 1996 4982; x_wconf 86' lang='lat' dir='ltr'><strong>etinane</strong></span> <span class='ocrx_word' id='word_1_696' title='bbox 2020 4917 2186 5000; x_wconf 81' lang='lat' dir='ltr'><strong>falianque</strong></span> <span class='ocrx_word' id='word_1_697' title='bbox 2207 4918 2410 5002; x_wconf 67' lang='lat' dir='ltr'><strong>eaanqelitmn</strong></span> 
     </span>
     <span class='ocr_line' id='line_1_48' title="bbox 400 4999 2408 5084; baseline 0.003 -21"><span class='ocrx_word' id='word_1_698' title='bbox 400 4999 546 5078; x_wconf 79' lang='lat' dir='ltr'><strong>noluerit,</strong></span> <span class='ocrx_word' id='word_1_699' title='bbox 587 5002 669 5080; x_wconf 88' lang='lat' dir='ltr'><strong>qnod</strong></span> <span class='ocrx_word' id='word_1_700' title='bbox 700 5003 817 5068; x_wconf 71' lang='lat' dir='ltr'><strong>aonbat</strong></span> <span class='ocrx_word' id='word_1_701' title='bbox 847 5005 1015 5069; x_wconf 85' lang='lat' dir='ltr'><strong>secundum</strong></span> <span class='ocrx_word' id='word_1_702' title='bbox 1046 5002 1188 5068; x_wconf 87' lang='lat' dir='ltr'><strong>diuinam</strong></span> <span class='ocrx_word' id='word_1_703' title='bbox 1219 5005 1377 5066; x_wconf 86' lang='lat' dir='ltr'><strong>naturam.</strong></span> <span class='ocrx_word' id='word_1_704' title='bbox 1430 5007 1496 5073; x_wconf 88' lang='lat' dir='ltr'><strong>nisi</strong></span> <span class='ocrx_word' id='word_1_705' title='bbox 1528 5004 1648 5071; x_wconf 69' lang='lat' dir='ltr'><strong>Onon</strong></span> <span class='ocrx_word' id='word_1_706' title='bbox 1679 5003 1861 5068; x_wconf 79' lang='lat' dir='ltr'><strong>resurrectio</strong></span> <span class='ocrx_word' id='word_1_707' title='bbox 1893 5002 2039 5069; x_wconf 78' lang='lat' dir='ltr'><strong>cordibm</strong></span> <span class='ocrx_word' id='word_1_708' title='bbox 2069 5005 2188 5070; x_wconf 85' lang='lat' dir='ltr'><strong>nostris</strong></span> <span class='ocrx_word' id='word_1_709' title='bbox 2218 5005 2261 5068; x_wconf 86' lang='lat' dir='ltr'><strong>sit</strong></span> <span class='ocrx_word' id='word_1_710' title='bbox 2295 5003 2408 5084; x_wconf 73' lang='lat' dir='ltr'><strong>lupina</strong></span> 
     </span>
     <span class='ocr_line' id='line_1_49' title="bbox 393 5083 2411 5170; baseline 0.002 -20"><span class='ocrx_word' id='word_1_711' title='bbox 393 5083 520 5150; x_wconf 77' lang='lat' dir='ltr'><strong>ammo</strong></span> <span class='ocrx_word' id='word_1_712' title='bbox 541 5086 621 5165; x_wconf 87' lang='lat' dir='ltr'><strong>quod</strong></span> <span class='ocrx_word' id='word_1_713' title='bbox 642 5092 771 5166; x_wconf 82' lang='lat' dir='ltr'><strong>nectam,</strong></span> <span class='ocrx_word' id='word_1_714' title='bbox 793 5089 830 5154; x_wconf 85' lang='lat' dir='ltr'><strong>de</strong></span> <span class='ocrx_word' id='word_1_715' title='bbox 850 5110 910 5170; x_wconf 86' lang='lat' dir='ltr'><strong>quo</strong></span> <span class='ocrx_word' id='word_1_716' title='bbox 932 5089 1052 5170; x_wconf 86' lang='lat' dir='ltr'><strong>loquuti</strong></span> <span class='ocrx_word' id='word_1_717' title='bbox 1072 5106 1195 5164; x_wconf 80' lang='lat' dir='ltr'><strong>nemus,</strong></span> <span class='ocrx_word' id='word_1_718' title='bbox 1222 5089 1378 5152; x_wconf 78' lang='lat' dir='ltr'><strong>oanan</strong></span> <span class='ocrx_word' id='word_1_719' title='bbox 1431 5092 1507 5157; x_wconf 85' lang='lat' dir='ltr'><strong>Ideo</strong></span> <span class='ocrx_word' id='word_1_720' title='bbox 1528 5090 1619 5169; x_wconf 84' lang='lat' dir='ltr'><strong>alibi,</strong></span> <span class='ocrx_word' id='word_1_721' title='bbox 1636 5093 1808 5170; x_wconf 81' lang='lat' dir='ltr'><strong>postquam</strong></span> <span class='ocrx_word' id='word_1_722' title='bbox 1827 5088 1865 5153; x_wconf 88' lang='lat' dir='ltr'><strong>in</strong></span> <span class='ocrx_word' id='word_1_723' title='bbox 1887 5086 2007 5154; x_wconf 62' lang='lat' dir='ltr'><strong>(limati</strong></span> <span class='ocrx_word' id='word_1_724' title='bbox 2027 5095 2123 5155; x_wconf 87' lang='lat' dir='ltr'><strong>morte</strong></span> <span class='ocrx_word' id='word_1_725' title='bbox 2144 5091 2298 5156; x_wconf 71' lang='lat' dir='ltr'><strong>adrasus</strong></span> <span class='ocrx_word' id='word_1_726' title='bbox 2318 5090 2411 5154; x_wconf 73' lang='lat' dir='ltr'><strong>dam</strong></span> 
     </span>
     <span class='ocr_line' id='line_1_50' title="bbox 399 5169 2412 5258; baseline 0.004 -24"><span class='ocrx_word' id='word_1_727' title='bbox 399 5169 511 5252; x_wconf 77' lang='lat' dir='ltr'><strong>affeetu</strong></span> <span class='ocrx_word' id='word_1_728' title='bbox 523 5169 653 5253; x_wconf 84' lang='lat' dir='ltr'><strong>subiqot.</strong></span> <span class='ocrx_word' id='word_1_729' title='bbox 685 5173 792 5254; x_wconf 84' lang='lat' dir='ltr'><strong>Neque</strong></span> <span class='ocrx_word' id='word_1_730' title='bbox 812 5177 896 5240; x_wconf 77' lang='lat' dir='ltr'><strong>enin</strong></span> <span class='ocrx_word' id='word_1_731' title='bbox 914 5175 1045 5241; x_wconf 86' lang='lat' dir='ltr'><strong>obscura</strong></span> <span class='ocrx_word' id='word_1_732' title='bbox 1064 5176 1109 5238; x_wconf 88' lang='lat' dir='ltr'><strong>est</strong></span> <span class='ocrx_word' id='word_1_733' title='bbox 1126 5171 1187 5237; x_wconf 84' lang='lat' dir='ltr'><strong>illa</strong></span> <span class='ocrx_word' id='word_1_734' title='bbox 1202 5191 1378 5255; x_wconf 83' lang='lat' dir='ltr'><strong>repnqnan-</strong></span> <span class='ocrx_word' id='word_1_735' title='bbox 1429 5177 1568 5244; x_wconf 69' lang='lat' dir='ltr'><strong>maionis</strong></span> <span class='ocrx_word' id='word_1_736' title='bbox 1587 5181 1719 5240; x_wconf 77' lang='lat' dir='ltr'><strong>terrores</strong></span> <span class='ocrx_word' id='word_1_737' title='bbox 1738 5175 1895 5256; x_wconf 85' lang='lat' dir='ltr'><strong>qloriatus</strong></span> <span class='ocrx_word' id='word_1_738' title='bbox 1914 5180 1974 5255; x_wconf 85' lang='lat' dir='ltr'><strong>est,</strong></span> <span class='ocrx_word' id='word_1_739' title='bbox 1997 5176 2215 5258; x_wconf 74' lang='lat' dir='ltr'><strong>amplifieandi</strong></span> <span class='ocrx_word' id='word_1_740' title='bbox 2234 5195 2333 5242; x_wconf 91' lang='lat' dir='ltr'><strong>causa</strong></span> <span class='ocrx_word' id='word_1_741' title='bbox 2354 5177 2412 5241; x_wconf 89' lang='lat' dir='ltr'><strong>ad-</strong></span> 
     </span>
     <span class='ocr_line' id='line_1_51' title="bbox 398 5256 2412 5347; baseline 0.004 -28"><span class='ocrx_word' id='word_1_742' title='bbox 398 5256 461 5320; x_wconf 90' lang='lat' dir='ltr'><strong>tiae</strong></span> <span class='ocrx_word' id='word_1_743' title='bbox 479 5257 610 5337; x_wconf 80' lang='lat' dir='ltr'><strong>species:</strong></span> <span class='ocrx_word' id='word_1_744' title='bbox 633 5264 728 5338; x_wconf 86' lang='lat' dir='ltr'><strong>pater</strong></span> <span class='ocrx_word' id='word_1_745' title='bbox 753 5259 852 5326; x_wconf 88' lang='lat' dir='ltr'><strong>libera</strong></span> <span class='ocrx_word' id='word_1_746' title='bbox 875 5281 924 5325; x_wconf 91' lang='lat' dir='ltr'><strong>me</strong></span> <span class='ocrx_word' id='word_1_747' title='bbox 945 5281 984 5326; x_wconf 84' lang='lat' dir='ltr'><strong>en</strong></span> <span class='ocrx_word' id='word_1_748' title='bbox 1002 5260 1061 5324; x_wconf 90' lang='lat' dir='ltr'><strong>bac</strong></span> <span class='ocrx_word' id='word_1_749' title='bbox 1080 5257 1173 5337; x_wconf 87' lang='lat' dir='ltr'><strong>bora,·</strong></span> <span class='ocrx_word' id='word_1_750' title='bbox 1203 5258 1259 5323; x_wconf 85' lang='lat' dir='ltr'><strong>sed</strong></span> <span class='ocrx_word' id='word_1_751' title='bbox 1278 5279 1377 5340; x_wconf 90' lang='lat' dir='ltr'><strong>prop-</strong></span> <span class='ocrx_word' id='word_1_752' title='bbox 1429 5264 1477 5330; x_wconf 85' lang='lat' dir='ltr'><strong>dit</strong></span> <span class='ocrx_word' id='word_1_753' title='bbox 1499 5262 1609 5347; x_wconf 86' lang='lat' dir='ltr'><strong>(Rom.</strong></span> <span class='ocrx_word' id='word_1_754' title='bbox 1628 5265 1658 5340; x_wconf 84' lang='lat'><strong>8,</strong></span> <span class='ocrx_word' id='word_1_755' title='bbox 1680 5259 1755 5344; x_wconf 83' lang='lat'><strong>34).·</strong></span> <span class='ocrx_word' id='word_1_756' title='bbox 1786 5260 1850 5324; x_wconf 83' lang='lat' dir='ltr'><strong>imo</strong></span> <span class='ocrx_word' id='word_1_757' title='bbox 1876 5261 1959 5326; x_wconf 66' lang='lat' dir='ltr'><strong>man</strong></span> <span class='ocrx_word' id='word_1_758' title='bbox 1985 5263 2041 5342; x_wconf 87' lang='lat' dir='ltr'><strong>qui</strong></span> <span class='ocrx_word' id='word_1_759' title='bbox 2068 5268 2211 5329; x_wconf 78' lang='lat' dir='ltr'><strong>marmus</strong></span> <span class='ocrx_word' id='word_1_760' title='bbox 2235 5267 2281 5327; x_wconf 88' lang='lat' dir='ltr'><strong>est</strong></span> <span class='ocrx_word' id='word_1_761' title='bbox 2305 5282 2412 5327; x_wconf 87' lang='lat' dir='ltr'><strong>resur-</strong></span> 
     </span>
     <span class='ocr_line' id='line_1_52' title="bbox 397 5342 2410 5432; baseline 0.003 -26"><span class='ocrx_word' id='word_1_762' title='bbox 397 5345 481 5408; x_wconf 89' lang='lat' dir='ltr'><strong>terea</strong></span> <span class='ocrx_word' id='word_1_763' title='bbox 513 5344 584 5407; x_wconf 88' lang='lat' dir='ltr'><strong>oeni</strong></span> <span class='ocrx_word' id='word_1_764' title='bbox 620 5345 657 5408; x_wconf 91' lang='lat' dir='ltr'><strong>in</strong></span> <span class='ocrx_word' id='word_1_765' title='bbox 689 5344 799 5410; x_wconf 80' lang='lat' dir='ltr'><strong>bmam</strong></span> <span class='ocrx_word' id='word_1_766' title='bbox 834 5346 933 5412; x_wconf 87' lang='lat' dir='ltr'><strong>bano:</strong></span> <span class='ocrx_word' id='word_1_767' title='bbox 965 5351 1061 5427; x_wconf 82' lang='lat' dir='ltr'><strong>pater</strong></span> <span class='ocrx_word' id='word_1_768' title='bbox 1091 5342 1233 5431; x_wconf 61' lang='lat' dir='ltr'><strong>damma</strong></span> <span class='ocrx_word' id='word_1_769' title='bbox 1267 5363 1378 5410; x_wconf 86' lang='lat' dir='ltr'><strong>nornen</strong></span> <span class='ocrx_word' id='word_1_770' title='bbox 1429 5350 1522 5430; x_wconf 74' lang='lat' dir='ltr'><strong>redit,</strong></span> <span class='ocrx_word' id='word_1_771' title='bbox 1544 5354 1573 5416; x_wconf 88' lang='lat' dir='ltr'><strong>et</strong></span> <span class='ocrx_word' id='word_1_772' title='bbox 1592 5367 1677 5413; x_wconf 91' lang='lat' dir='ltr'><strong>nunc</strong></span> <span class='ocrx_word' id='word_1_773' title='bbox 1696 5365 1802 5423; x_wconf 88' lang='lat' dir='ltr'><strong>coram</strong></span> <span class='ocrx_word' id='word_1_774' title='bbox 1818 5345 1887 5412; x_wconf 89' lang='lat' dir='ltr'><strong>Deo</strong></span> <span class='ocrx_word' id='word_1_775' title='bbox 1903 5367 1966 5428; x_wconf 87' lang='lat' dir='ltr'><strong>pro</strong></span> <span class='ocrx_word' id='word_1_776' title='bbox 1986 5348 2076 5413; x_wconf 81' lang='lat' dir='ltr'><strong>nabis</strong></span> <span class='ocrx_word' id='word_1_777' title='bbox 2096 5353 2229 5432; x_wconf 86' lang='lat' dir='ltr'><strong>apparet</strong></span> <span class='ocrx_word' id='word_1_778' title='bbox 2248 5347 2410 5413; x_wconf 86' lang='lat' dir='ltr'><strong>mediator.</strong></span> 
     </span>
     <span class='ocr_line' id='line_1_53' title="bbox 398 5428 2412 5518; baseline 0.002 -26"><span class='ocrx_word' id='word_1_779' title='bbox 398 5432 487 5492; x_wconf 88' lang='lat' dir='ltr'><strong>tmnn</strong></span> <span class='ocrx_word' id='word_1_780' title='bbox 508 5428 638 5512; x_wconf 80' lang='lat' dir='ltr'><strong>(Ioann.</strong></span> <span class='ocrx_word' id='word_1_781' title='bbox 661 5434 709 5510; x_wconf 85' lang='lat'><strong>12,</strong></span> <span class='ocrx_word' id='word_1_782' title='bbox 729 5435 779 5496; x_wconf 79' lang='lat'><strong>27.</strong></span> <span class='ocrx_word' id='word_1_783' title='bbox 801 5431 867 5516; x_wconf 81' lang='lat'><strong>28).</strong></span> <span class='ocrx_word' id='word_1_784' title='bbox 907 5431 951 5497; x_wconf 93' lang='lat' dir='ltr'><strong>In</strong></span> <span class='ocrx_word' id='word_1_785' title='bbox 971 5452 1035 5514; x_wconf 88' lang='lat' dir='ltr'><strong>qna</strong></span> <span class='ocrx_word' id='word_1_786' title='bbox 1054 5435 1158 5496; x_wconf 75' lang='lat' dir='ltr'><strong>tannen</strong></span> <span class='ocrx_word' id='word_1_787' title='bbox 1172 5429 1378 5513; x_wconf 75' lang='lat' dir='ltr'><strong>perplexitate</strong></span> <span class='ocrx_word' id='word_1_788' title='bbox 1429 5434 1574 5516; x_wconf 89' lang='lat' dir='ltr'><strong>Deinde,</strong></span> <span class='ocrx_word' id='word_1_789' title='bbox 1606 5431 1880 5516; x_wconf 84' lang='lat' dir='ltr'><strong>quemadmodum</strong></span> <span class='ocrx_word' id='word_1_790' title='bbox 1908 5440 1985 5497; x_wconf 84' lang='lat' dir='ltr'><strong>ante</strong></span> <span class='ocrx_word' id='word_1_791' title='bbox 2013 5435 2225 5518; x_wconf 88' lang='lat' dir='ltr'><strong>exposuimus</strong></span> <span class='ocrx_word' id='word_1_792' title='bbox 2255 5453 2298 5497; x_wconf 84' lang='lat' dir='ltr'><strong>ex</strong></span> <span class='ocrx_word' id='word_1_793' title='bbox 2319 5454 2412 5499; x_wconf 89' lang='lat' dir='ltr'><strong>oom-</strong></span> 
     </span>
     <span class='ocr_line' id='line_1_54' title="bbox 327 5513 2410 5601; baseline 0 -19"><span class='ocrx_word' id='word_1_794' title='bbox 327 5524 331 5529; x_wconf 87' lang='lat'>&#39;</span> <span class='ocrx_word' id='word_1_795' title='bbox 398 5513 489 5577; x_wconf 78' lang='lat' dir='ltr'><strong>nuda</strong></span> <span class='ocrx_word' id='word_1_796' title='bbox 512 5515 578 5596; x_wconf 87' lang='lat' dir='ltr'><strong>fuit</strong></span> <span class='ocrx_word' id='word_1_797' title='bbox 603 5518 813 5601; x_wconf 74' lang='lat' dir='ltr'><strong>intemperies,</strong></span> <span class='ocrx_word' id='word_1_798' title='bbox 846 5519 953 5598; x_wconf 88' lang='lat' dir='ltr'><strong>qualis</strong></span> <span class='ocrx_word' id='word_1_799' title='bbox 978 5518 1015 5582; x_wconf 88' lang='lat' dir='ltr'><strong>in</strong></span> <span class='ocrx_word' id='word_1_800' title='bbox 1035 5517 1123 5583; x_wconf 85' lang='lat' dir='ltr'><strong>nobis</strong></span> <span class='ocrx_word' id='word_1_801' title='bbox 1143 5516 1281 5582; x_wconf 75' lang='lat' dir='ltr'><strong>corniton</strong></span> <span class='ocrx_word' id='word_1_802' title='bbox 1301 5516 1378 5581; x_wconf 86' lang='lat' dir='ltr'><strong>darn</strong></span> <span class='ocrx_word' id='word_1_803' title='bbox 1430 5520 1652 5588; x_wconf 86' lang='lat' dir='ltr'><strong>municatione</strong></span> <span class='ocrx_word' id='word_1_804' title='bbox 1685 5518 1789 5585; x_wconf 88' lang='lat' dir='ltr'><strong>crucis</strong></span> <span class='ocrx_word' id='word_1_805' title='bbox 1821 5517 1964 5601; x_wconf 85' lang='lat' dir='ltr'><strong>pendere</strong></span> <span class='ocrx_word' id='word_1_806' title='bbox 1994 5521 2101 5584; x_wconf 83' lang='lat' dir='ltr'><strong>carnis</strong></span> <span class='ocrx_word' id='word_1_807' title='bbox 2134 5526 2267 5584; x_wconf 83' lang='lat' dir='ltr'><strong>nostrae</strong></span> <span class='ocrx_word' id='word_1_808' title='bbox 2294 5521 2410 5584; x_wconf 87' lang='lat' dir='ltr'><strong>morti-</strong></span> 
     </span>
     <span class='ocr_line' id='line_1_55' title="bbox 399 5599 2408 5684; baseline 0.004 -21"><span class='ocrx_word' id='word_1_809' title='bbox 399 5599 537 5663; x_wconf 81' lang='lat' dir='ltr'><strong>macnne</strong></span> <span class='ocrx_word' id='word_1_810' title='bbox 558 5602 692 5667; x_wconf 89' lang='lat' dir='ltr'><strong>nitimur</strong></span> <span class='ocrx_word' id='word_1_811' title='bbox 713 5603 757 5668; x_wconf 93' lang='lat' dir='ltr'><strong>ad</strong></span> <span class='ocrx_word' id='word_1_812' title='bbox 778 5623 835 5667; x_wconf 85' lang='lat' dir='ltr'><strong>nos</strong></span> <span class='ocrx_word' id='word_1_813' title='bbox 855 5602 1033 5667; x_wconf 67' lang='lat' dir='ltr'><strong>damian</strong></span> <span class='ocrx_word' id='word_1_814' title='bbox 1430 5609 1624 5684; x_wconf 86' lang='lat' dir='ltr'><strong>ficationem,</strong></span> <span class='ocrx_word' id='word_1_815' title='bbox 1646 5606 1693 5671; x_wconf 88' lang='lat' dir='ltr'><strong>sic</strong></span> <span class='ocrx_word' id='word_1_816' title='bbox 1710 5610 1744 5669; x_wconf 90' lang='lat' dir='ltr'><strong>et</strong></span> <span class='ocrx_word' id='word_1_817' title='bbox 1760 5603 1901 5667; x_wconf 82' lang='lat' dir='ltr'><strong>alterum</strong></span> <span class='ocrx_word' id='word_1_818' title='bbox 1919 5624 1961 5667; x_wconf 85' lang='lat' dir='ltr'><strong>ex</strong></span> <span class='ocrx_word' id='word_1_819' title='bbox 1978 5604 2047 5669; x_wconf 85' lang='lat' dir='ltr'><strong>eius</strong></span> <span class='ocrx_word' id='word_1_820' title='bbox 2066 5605 2303 5670; x_wconf 87' lang='lat' dir='ltr'><strong>resurrectione</strong></span> <span class='ocrx_word' id='word_1_821' title='bbox 2319 5605 2408 5671; x_wconf 69' lang='lat' dir='ltr'><strong>stuc-</strong></span> 
     </span>
    </p>
   </div>
   <div class='ocr_carea' id='block_1_3' title="bbox 490 5685 2408 5775">
    <p class='ocr_par' dir='ltr' id='par_1_3' title="bbox 490 5685 2408 5775">
     <span class='ocr_line' id='line_1_56' title="bbox 490 5685 2408 5775; baseline 0.005 -28"><span class='ocrx_word' id='word_1_822' title='bbox 490 5687 538 5749; x_wconf 86' lang='lat'><strong>13.</strong></span> <span class='ocrx_word' id='word_1_823' title='bbox 585 5685 735 5770; x_wconf 78' lang='lat' dir='ltr'><strong>Sequimr</strong></span> <span class='ocrx_word' id='word_1_824' title='bbox 766 5708 788 5752; x_wconf 94' lang='lat' dir='ltr'><strong>a</strong></span> <span class='ocrx_word' id='word_1_825' title='bbox 821 5687 953 5753; x_wconf 80' lang='lat' dir='ltr'><strong>mortuis</strong></span> <span class='ocrx_word' id='word_1_826' title='bbox 983 5689 1183 5767; x_wconf 67' lang='lat' dir='ltr'><strong>ressurectio,</strong></span> <span class='ocrx_word' id='word_1_827' title='bbox 1217 5688 1285 5754; x_wconf 78' lang='lat' dir='ltr'><strong>snae</strong></span> <span class='ocrx_word' id='word_1_828' title='bbox 1311 5709 1377 5772; x_wconf 85' lang='lat' dir='ltr'><strong>qua</strong></span> <span class='ocrx_word' id='word_1_829' title='bbox 1430 5700 1502 5759; x_wconf 91' lang='lat' dir='ltr'><strong>tum</strong></span> <span class='ocrx_word' id='word_1_830' title='bbox 1522 5715 1582 5759; x_wconf 85' lang='lat' dir='ltr'><strong>nos</strong></span> <span class='ocrx_word' id='word_1_831' title='bbox 1603 5691 1764 5767; x_wconf 87' lang='lat' dir='ltr'><strong>obtinere,</strong></span> <span class='ocrx_word' id='word_1_832' title='bbox 1791 5686 1840 5751; x_wconf 87' lang='lat' dir='ltr'><strong>illi</strong></span> <span class='ocrx_word' id='word_1_833' title='bbox 1862 5687 2126 5770; x_wconf 86' lang='lat' dir='ltr'><strong>respondentem,</strong></span> <span class='ocrx_word' id='word_1_834' title='bbox 2153 5689 2408 5775; x_wconf 80' lang='lat' dir='ltr'><strong>intelligendum</strong></span> 
     </span>
    </p>
   </div>
   <div class='ocr_carea' id='block_1_4' title="bbox 0 0 2804 6806">
    <p class='ocr_par' dir='ltr' id='par_1_4' title="bbox 0 0 2804 6806">
     <span class='ocr_line' id='line_1_57' title="bbox 0 0 2804 6806; baseline 0 0"><span class='ocrx_word' id='word_1_835' title='bbox 0 0 2804 6806; x_wconf 95' lang='lat' dir='ltr'><strong> </strong></span> 
     </span>
    </p>
   </div>
  </div>
 </body>
</html>
