5600 6809
395 769 459 830 259
1043 762 1310 833 INSTI'FUTIO
1332 765 1438 833 ΗΕΒ.
1462 761 1643 829 CHRIS'P.
1669 765 1762 831 1559.
2346 765 2415 829 260

397 954 544 1020 faciendo
572 969 605 1017 et
632 975 719 1020 nova
746 953 832 1019 dona
859 952 1054 1019 cumulando
1078 974 1249 1036 nunquam
1270 956 1378 1036 ipsum
1430 950 1616 1016 testimonia
1638 971 1795 1035 congero,
1824 972 1927 1033 quum
1947 952 2116 1035 proprium
2138 974 2221 1036 opus
2242 952 2416 1034 scripserit

396 1040 536 1123 fatigari.
550 1040 575 1125 ¹)
1430 1045 1564 1103 sanetus
1580 1036 1636 1101 ille
1647 1038 1708 1116 vir,
1732 1037 1784 1103 cui
1800 1037 1936 1101 titulum
1952 1038 2041 1103 fecit:
2061 1038 2101 1102 de
2118 1039 2236 1123 spiritu
2253 1046 2288 1103 et
2303 1039 2413 1105 litera.

484 1129 513 1188 8.
559 1123 658 1206 Quod
686 1132 797 1189 autem
824 1127 971 1189 omnium
996 1131 1147 1189 nostrum
1165 1126 1320 1209 iniquitas
1345 1134 1378 1191 et
1431 1121 1622 1189 Secundum
1649 1123 1831 1205 profectum
1859 1145 1925 1188 non
1951 1131 2020 1188 tam
2042 1125 2266 1209 significanter
2288 1124 2414 1190 deseri·

398 1210 567 1276 damnatio
588 1212 671 1294 logis
692 1211 879 1276 testimonio
901 1210 1127 1294 consignatur,
1154 1233 1221 1275 non
1245 1212 1318 1276 ideo
1339 1213 1379 1276 fit
1428 1209 1493 1288 bit,
1517 1209 1570 1274 vel
1591 1209 1678 1291 quod
1701 1207 1884 1292 dependere
1907 1231 1948 1274 ex
1969 1211 2026 1274 illo
2047 1212 2155 1294 priore
2177 1218 2330 1289 noverat,
2356 1210 2416 1278 vel

400 1296 443 1381 (si
466 1304 578 1361 tamen
599 1298 662 1361 rite
684 1298 719 1361 in
741 1318 780 1361 ea
801 1294 1003 1380 proficimus)
1031 1302 1070 1359 ut
1091 1296 1299 1363 concidamus
1322 1295 1377 1361 de-
1430 1293 1518 1377 quod
1547 1315 1614 1359 non
1642 1295 1690 1359 ita
1716 1294 1818 1377 probe
1836 1296 1991 1373 tenebat,
2024 1297 2078 1362 vel
2103 1295 2189 1380 quod
2216 1295 2318 1362 verba
2342 1317 2415 1363 non

399 1384 585 1466 speratione
612 1403 650 1447 ac
673 1382 841 1466 desponsis
863 1381 981 1446 animis
1002 1381 1039 1444 in
1058 1382 1286 1466 praecipitium
1307 1404 1377 1448 cor·
1430 1380 1574 1446 habebat
1597 1381 1716 1462 quibus
1740 1388 1864 1446 tectum
1891 1382 2014 1465 alioqui
2034 1404 2168 1448 sensum
2188 1384 2239 1470 ita·
2257 1382 2414 1449 dmtinote

399 1490 544 1534 ruamus.
589 1469 631 1532 In
656 1470 744 1533 hunc
771 1473 857 1532 certe
879 1464 1012 1531 modum
1034 1467 1126 1532 illinc
1147 1470 1379 1534 examinantur
1431 1475 1465 1531 et
1488 1467 1657 1549 perspicue
1686 1467 1873 1549 explicaret
1919 1468 2034 1551 Neque
2062 1477 2172 1532 tamen
2198 1470 2234 1532 in
2261 1467 2414 1552 reprobis

399 1555 545 1639 reprobi,
579 1552 635 1619 sed
668 1554 708 1618 ob
737 1554 836 1617 animi
861 1553 1123 1618 obstinationem.
1168 1553 1267 1638 Apud
1294 1555 1378 1620 filios
1430 1573 1558 1635 quoque
1595 1553 1677 1634 ipsis
1716 1553 1862 1635 primum
1900 1554 1963 1617 hoc
1995 1555 2077 1637 legis
2115 1555 2260 1619 officium
2292 1560 2413 1620 cessat

398 1640 464 1705 Dei
486 1641 586 1705 alium
608 1661 678 1704 esse
701 1638 889 1704 eruditionis
907 1640 1007 1703 finem
1025 1639 1186 1705 convenit.
1219 1639 1289 1705 Nos
1306 1641 1378 1723 qui·
1431 1637 1629 1720 Quanquam
1658 1639 1746 1702 enim
1768 1659 1844 1704 cum
1866 1639 1943 1704 filiis
1964 1640 2030 1705 Dei
2057 1660 2124 1704 non
2143 1641 2313 1722 hucusque
2334 1662 2415 1725 per-

399 1725 475 1790 dem
502 1726 621 1790 iudicio
650 1726 731 1807 legis
758 1723 930 1791 damnatos
954 1745 1029 1813 esse
1050 1731 1191 1791 testatur
1213 1726 1378 1808 apostolus
1430 1732 1525 1807 gunt,
1548 1732 1587 1787 ut
1608 1729 1683 1806 post
1699 1725 1808 1788 carnis
1818 1725 2013 1790 maionem
2034 1726 2189 1790 interiore
2207 1727 2342 1792 homine
2358 1747 2416 1792 re-

400 1811 509 1894 (Rom.
531 1815 560 1888 3,
582 1811 651 1894 19),
682 1831 744 1892 quo
767 1831 863 1875 omne
891 1831 927 1875 os
948 1810 1139 1876 obstruatur
1161 1819 1195 1875 et
1217 1813 1378 1896 obnoxius
1430 1816 1593 1876 noventur
1614 1831 1652 1874 ac
1674 1812 1901 1889 reflorescant,
1924 1811 1982 1876 sed
2003 1812 2109 1894 primo
2130 1819 2255 1877 terrore
2277 1813 2417 1878 attoniti

398 1896 556 1961 reddatur
588 1898 695 1960 omnis
725 1895 870 1962 mundus
896 1897 978 1961 Deo.
1028 1896 1124 1962 Idem
1155 1904 1266 1962 tamen
1300 1898 1379 1963 alibi
1430 1896 1465 1959 in
1488 1895 1715 1977 desperatione
1736 1897 1852 1976 iacent,
1875 1898 2017 1979 pertinet
2029 1895 2053 1981 ¹)
2075 1905 2187 1962 tamen
2208 1897 2250 1962 ad
2271 1899 2416 1966 maniie'·

278 2032 284 2054 ,
399 1981 490 2066 (ibid.
513 1984 642 2066 11,32)
665 1982 771 2061 docet,
800 1983 910 2046 Deum
932 2003 1046 2047 omnes
1068 1984 1128 2048 sub
1149 1982 1378 2049 incredulitate
1431 1980 1583 2046 standam
1605 1981 1710 2046 divini
1731 1982 1845 2049 iudicii
1863 1985 2060 2065 aequitatem
2079 1983 2239 2048 eiusmodi
2256 1984 2417 2051 fluctibus

391 2067 606 2153 conclusisse,
629 2089 698 2132 non
719 2075 758 2132 ιιι
778 2067 909 2150 perdat,
939 2076 997 2133 aut
1018 2090 1131 2135 omnes
1152 2071 1259 2152 perire
1281 2071 1377 2149 sinat,
1431 2089 1544 2131 eorum
1584 2069 1799 2133 conscientias
1837 2070 2006 2153 exagitari.
2062 2066 2233 2151 Siquidem
2271 2070 2418 2137 libenter

398 2153 455 2218 sed
477 2161 516 2217 ut
537 2154 685 2218 omnium
703 2155 905 2218 misereatur.
938 2153 1066 2237 Nempe
1087 2163 1134 2234 ut,
1158 2156 1279 2221 omissa
1301 2177 1379 2221 suae
1432 2174 1561 2235 semper
1583 2155 1720 2237 cupiunt
1741 2154 1900 2219 adversus
1922 2155 1986 2219 Dei
2008 2152 2167 2220 iudicium
2183 2157 2417 2240 tergiversari3

397 2240 529 2305 virtutis
551 2239 670 2305 stolida
691 2240 857 2322 opinione,
880 2241 951 2306 sola
971 2241 1035 2305 Dei
1056 2263 1159 2306 manu
1181 2250 1268 2307 stare
1289 2263 1325 2307 se
1346 2248 1381 2306 et
1431 2261 1520 2304 nunc
1552 2240 1609 2304 illo
1638 2237 1787 2304 nondum
1811 2240 1989 2322 patefacto,
2022 2241 2105 2323 legis
2133 2249 2245 2306 tamen
2272 2249 2307 2307 et
2334 2263 2418 2309 eon·

399 2326 577 2391 consistere
598 2325 800 2408 intelligant,
829 2332 867 2390 ut
886 2325 969 2390 nudi
990 2333 1024 2390 et
1045 2329 1141 2393 vacui
1163 2327 1206 2392 ad
1227 2331 1297 2392 eius
1316 2329 1379 2392 mi-
1431 2325 1585 2390 scientiae
1607 2326 1792 2390 testimonio
1814 2326 1861 2390 sic
1882 2328 2096 2404 consternati,
2119 2327 2154 2390 in
2176 2349 2211 2392 se
2232 2328 2315 2411 ipsis
2336 2349 2419 2412 pro-

397 2411 608 2477 sericordiam
630 2413 828 2495 confugiant,
851 2412 886 2475 in
908 2413 994 2477 hanc
1015 2433 1050 2476 se
1072 2415 1133 2477 toti
1152 2414 1320 2492 reclinent,
1342 2415 1379 2476 in
1432 2410 1517 2475 dunt
1537 2411 1616 2493 quid
1638 2410 1748 2475 meriti
1769 2411 1845 2476 sint.

398 2499 484 2565 bane
507 2499 640 2579 penitus
662 2518 697 2561 se
720 2496 856 2576 abdant,
884 2497 970 2563 hanc
995 2520 1096 2563 unam
1118 2521 1177 2581 pro
1197 2501 1323 2564 iustitia
1345 2506 1379 2564 et
1521 2501 1569 2560 10.
1615 2495 1807 2563 Secundum
1824 2495 1907 2581 legis
1929 2498 2074 2562 officium
2095 2505 2153 2575 est,
2183 2500 2302 2582 utqui
2322 2501 2421 2568 nulla

401 2584 529 2650 meritis
550 2584 823 2665 arripiant,'quae
845 2583 995 2649 omnibus
1017 2585 1053 2648 in
1075 2584 1208 2649 Christo
1232 2587 1379 2667 exposita
1431 2583 1512 2646 iusti
1544 2583 1689 2665 rectique
1722 2603 1816 2662 cura,
1849 2583 1914 2648 nisi
1950 2585 2067 2662 coacti,
2101 2592 2302 2667 tanguntur,
2335 2584 2421 2652 dnm

396 2675 456 2749 est,
480 2669 664 2751 quicunque
686 2688 759 2733 eam
780 2690 860 2734 vera
881 2667 945 2734 fide
963 2677 997 2734 et
1015 2677 1176 2752 expetunt
1192 2677 1226 2735 et
1244 2691 1378 2754 exspee·
1432 2668 1573 2733 audiunt
1598 2667 1687 2732 diras
1710 2668 1746 2731 in
1773 2689 1813 2733 ea
1834 2668 2033 2748 sanctiones,
2063 2678 2275 2735 coerceantur
2296 2672 2421 2740 saltem

396 2761 477 2820 tant.
523 2755 616 2820 Deus
649 2755 737 2818 enim
768 2755 803 2819 in
829 2755 914 2838 legis
937 2757 1116 2837 praeceptis
1146 2758 1277 2822 nonnisi
1303 2778 1378 2841 per·
1430 2775 1612 2837 poenarum
1633 2753 1817 2818 formidine.
1863 2753 2065 2821 Ooercentur
2087 2762 2212 2835 autem,
2238 2778 2305 2821 non
2327 2757 2421 2841 quod

395 2842 499 2907 fectae
525 2839 679 2918 iustitiae,
707 2860 772 2923 qua
798 2862 858 2906 nos
880 2862 992 2906 omnes
1015 2841 1163 2906 destituti
1181 2864 1304 2922 sumus,
1326 2864 1378 2908 re-
1430 2840 1568 2904 interior
1594 2861 1709 2904 eorum
1737 2840 1868 2905 animus
1893 2849 2126 2923 permoveatur
2155 2850 2213 2907 aut
2239 2843 2420 2925 afficiatur,

396 2933 600 3005 munerator,
635 2933 749 2991 contra
780 2933 888 2991 autem
923 2947 1057 2992 severus
1089 2928 1250 2992 scelerum
1277 2928 1377 2993 iudex
1431 2925 1488 2990 sed
1510 2926 1600 3008 quia,
1629 2933 1787 3007 tanquam
1809 2926 1929 2992 iniecto
1951 2928 2079 3004 fraeno,
2108 2948 2228 2994 manus
2257 2929 2298 2994 ab
2320 2937 2420 2994 exte-

396 3019 540 3096 apparet
595 3012 637 3075 In
664 3011 798 3077 Christo
826 3019 936 3078 autem
961 3013 1061 3078 facies
1088 3015 1160 3078 eius
1187 3015 1312 3097 gratiae
1339 3036 1377 3080 ae
1431 3013 1509 3075 riori
1539 3032 1637 3094 opere
1659 3011 1836 3090 continent,
1863 3018 2005 3077 etsuam
2027 3014 2226 3096 pravitatem
2245 3015 2336 3079 intus
2358 3034 2419 3080 oo-

396 3099 540 3164 lenitatis
561 3097 667 3179 plena,
690 3118 771 3181 erga
791 3098 928 3164 miseros
950 3101 1052 3164 etiam
1074 3120 1112 3164 ao
1128 3099 1280 3183 indignos
1302 3121 1377 3184 pee-
1430 3097 1555 3176 hibent,
1577 3117 1676 3180 quam
1698 3097 1821 3180 alioqui
1842 3099 2031 3181 petulanter
2053 3099 2189 3165 effusuri
2210 3107 2310 3165 erant
2355 3100 2420 3166 Ex

395 3192 520 3250 catores
542 3183 673 3248 relucet.
1431 3204 1468 3248 eo
1496 3205 1557 3249 nec
1583 3183 1735 3248 meliores
1758 3182 1892 3265 quidem
1914 3192 2005 3263 sunt,
2035 3207 2097 3250 nec
2119 3183 2207 3268 apud
2226 3185 2338 3251 Deum
2359 3186 2419 3251 iu·

482 3273 510 3334 9.
547 3269 599 3333 De
620 3269 768 3351 profectu
788 3268 830 3332 ad
847 3269 1087 3351 implorandam
1105 3270 1219 3335 auxilii
1237 3273 1378 3443 {retiam
1431 3270 1557 3334 stiores.
1600 3269 1689 3334 Nam
1710 3269 1844 3334 tametsi
1865 3270 1919 3335 vel
1941 3277 2066 3336 terrore
2088 3271 2142 3337 vel
2162 3269 2285 3354 pudore
2306 3272 2421 3356 impe-

282 3406 287 3425 .
395 3374 491 3440 saepe
513 3356 737 3438 Augustinus3
760 3361 798 3418 ut
819 3375 921 3436 quum
943 3357 1055 3421 scribit
1076 3356 1245 3422 Hilarioz²
1288 3359 1380 3423 iubet
1431 3355 1490 3419 diti
1511 3375 1664 3420 exercere
1682 3375 1750 3419 non
1773 3355 1911 3436 audent,
1942 3356 2030 3439 quod
2052 3358 2162 3422 animo
2183 3365 2422 3441 conceperunt,

394 3443 450 3507 lex
477 3449 516 3507 ut
541 3442 648 3506 facere
668 3442 759 3506 iussa
781 3440 904 3519 eonati,
932 3448 965 3505 et
991 3442 1027 3506 in
1049 3449 1163 3508 nostra
1185 3444 1378 3510 infirmitate
1430 3461 1492 3507 neo
1520 3462 1600 3507 suae
1627 3439 1775 3505 libidinis
1803 3441 1905 3507 furias
1926 3443 2037 3526 palam
2061 3443 2188 3522 efflare,
2217 3450 2423 3510 certamen

394 3529 455 3593 sub
477 3528 550 3612 lege
572 3527 717 3610 fatigati,
747 3525 946 3592 adiutorium
972 3528 1099 3612 gratiae
1120 3537 1255 3613 poscere
1276 3551 1377 3597 nove-
1430 3548 1498 3591 non
1519 3527 1644 3592 habent
1665 3527 1890 3611 compositum
1905 3527 1948 3593 ad
1964 3529 2118 3593 timorem
2136 3536 2171 3594 et
2194 3528 2423 3596 obedientiam

393 3615 507 3680 rimus.
537 3612 624 3678 Item
641 3612 818 3698 Asellio:⁸)
840 3612 966 3678 utilitas
986 3613 1070 3698 legis
1087 3622 1139 3680 est
1154 3622 1194 3678 ut
1209 3615 1378 3681 bominem
1429 3613 1509 3693 Dei;
1537 3614 1604 3676 imo
1631 3633 1697 3695 quo
1718 3613 1826 3698 magis
1846 3634 1917 3678 sese
1939 3614 2101 3693 retinent,
2123 3636 2162 3680 eo
2183 3616 2302 3682 fortius
2324 3616 2423 3682 intus

394 3700 435 3765 de
468 3719 529 3766 sua
548 3699 740 3765 infirmitate
762 3699 934 3766 convincat
959 3707 994 3766 et
1021 3701 1147 3785 gratiae
1168 3701 1376 3782 medicinam,
1430 3697 1663 3777 accenduntur,
1685 3699 1824 3779 fervent,
1846 3700 1998 3779 bulliunt,
2022 3702 2130 3784 parati
2148 3701 2278 3784 quidvis
2293 3701 2419 3783 faeere,

393 3806 475 3867 quae
497 3786 533 3849 in
554 3784 687 3850 Christo
710 3792 773 3865 est,
801 3784 978 3868 implorare
1000 3786 1184 3871 compellat.
1225 3788 1312 3852 Item
1334 3789 1378 3853 ad
1430 3791 1463 3849 et
1484 3785 1600 3866 quovis
1619 3804 1842 3868 prorumpere,
1866 3785 1931 3849 nisi
1951 3786 2006 3851 bic
2028 3794 2136 3851 terror
2156 3787 2240 3872 legis
2257 3787 2417 3854 obseret.

393 3871 624 3935 Innocentium
648 3870 891 3958 Romanum:⁴)
923 3873 1015 3939 iubet
1047 3873 1115 3954 lex;
1149 3874 1256 3958 gratia
1287 3874 1376 3939 vires
1428 3869 1499 3934 Nec
1531 3869 1565 3934 id
1595 3870 1717 3950 solum,
1751 3869 1810 3936 sed
1837 3871 1946 3954 legem
1972 3893 2101 3955 quoquc
2132 3874 2238 3955 ipsam
2270 3872 2419 3957 pessime

394 3955 513 4039 agendi
534 3956 768 4022 subministrat
813 3957 900 4023 Item
920 3957 1155 4110 Valentiam?
1176 3961 1267 4025 iubet
1283 3960 1376 4039 Deus
1429 3955 1579 4035 oderunt,
1602 3963 1636 4021 et
1651 3956 1763 4021 Deum
1785 3956 2007 4041 legislatorem
2023 3967 2246 4039 exsecrantur,
2268 3967 2308 4023 ut
2327 3978 2419 4041 eum,

394 4063 478 4125 quae
499 4063 566 4106 non
584 4061 775 4124 possumus,
804 4050 842 4107 ut
863 4045 1051 4111 noverimus
1076 4047 1132 4129 qui
1177 4045 1296 4111 abillo
1318 4068 1375 4131 pe·
1429 4043 1458 4107 si
1480 4049 1626 4126 possent,
1655 4043 1799 4108 maxime
1820 4043 1926 4109 velint
1946 4043 2075 4124 tollere,
2105 4065 2204 4127 quem
2232 4066 2294 4111 nec
2322 4051 2419 4113 rech

393 4135 463 4194 tere
491 4127 674 4193 debeamus.
718 4127 861 4211 Item:⁶)
891 4130 968 4194 data
996 4139 1046 4196 est
1072 4130 1128 4196 lex
1158 4139 1196 4197 ut
1217 4153 1275 4198 vos
1303 4154 1377 4199 reos
1428 4128 1611 4207 iubentem,
1640 4149 1702 4194 nec
1731 4149 1810 4194 suae
1835 4129 2017 4195 maiestatis
2044 4137 2285 4214 contemptores
2313 4130 2418 4197 ulcis-

393 4215 530 4294 iaceret3
559 4215 607 4279 rei
628 4214 720 4293 facti,
742 4214 917 4294 timeretis;
945 4218 1114 4297 timentes,
1136 4217 1377 4303 indulgentiam
1429 4220 1561 4285 centem
1579 4215 1666 4280 ferre
1687 4223 1833 4296 possunt
1872 4215 1960 4281 Aliis
1981 4214 2114 4298 quidem
2136 4216 2315 4295 obscurius,
2339 4215 2419 4283 aliis
2444 4218 2451 4234 '
2473 4276 2476 4286 .

394 4303 571 4389 peteretis3
613 4298 653 4364 de
693 4300 817 4366 viribus
857 4303 976 4368 vestris
1014 4325 1082 4368 non
1114 4306 1376 4386 praesumeretis.
1430 4300 1566 4380 clarius,
1608 4301 1759 4365 omnibus
1796 4309 1908 4366 tamen
1942 4302 2089 4366 nondum
2122 4302 2323 4387 regeneratis
2356 4302 2419 4369 bie

394 4388 534 4474 Item:⁷)
555 4385 597 4451 ad
619 4387 681 4452 hoc
703 4385 781 4451 data
802 4394 853 4451 est
870 4386 926 4451 lex
947 4395 985 4452 ut
1003 4387 1043 4453 de
1060 4409 1181 4472 magno
1201 4391 1376 4474 parvulum
1430 4407 1547 4452 sensus
1573 4387 1675 4466 inest,
1710 4394 1749 4450 ut
1775 4407 1844 4451 non
1870 4386 2060 4452 voluntaria
2087 4388 2317 4468 submissione,
2350 4387 2416 4452 sed

395 4478 531 4555 ieceret;
559 4481 597 4538 ut
618 4480 651 4538 te
673 4471 715 4536 ad
736 4472 896 4538 iustitiam
916 4474 1003 4540 vires
1026 4474 1066 4539 de
1087 4481 1144 4540 tuo
1166 4498 1233 4541 non
1256 4477 1377 4543 habere
1429 4473 1527 4539 inviti
1559 4492 1597 4537 ae
1623 4473 1828 4552 restitantes,
1862 4479 1995 4537 tantum
2027 4474 2156 4540 timoris
2182 4472 2337 4540 violentia
2366 4472 2416 4537 ad

396 4568 610 4640 monstraret,
640 4581 678 4625 ac
701 4559 786 4644 sic⁸)
808 4559 918 4641 inops,
945 4559 1101 4643 indignus
1130 4583 1167 4627 ac
1190 4584 1313 4646 egenus
1336 4561 1378 4625 ad
1429 4559 1512 4642 legis
1541 4558 1690 4623 studium
1716 4558 1901 4623 trahantur.
1953 4557 2020 4624 Sed
2048 4567 2160 4626 tamen
2186 4560 2267 4625 baec
2297 4565 2417 4624 coacta

397 4649 537 4732 gratiam
570 4646 771 4730 confugeres.
821 4646 942 4710 Postea
974 4667 1159 4711 sermonem
1192 4648 1234 4711 ad
1266 4649 1378 4713 Deum
1431 4664 1650 4728 expressaque
1678 4644 1806 4708 iustitia
1833 4645 2019 4710 necessaria
2052 4653 2103 4709 est
2129 4644 2277 4729 publicae
2300 4643 2416 4710 homi·

397 4733 522 4816 dirigit:
551 4734 598 4797 ita
618 4733 670 4799 fae
691 4731 849 4811 Domine,
872 4732 919 4795 ita
940 4733 990 4796 fac
1012 4733 1196 4799 misericors
1216 4735 1376 4799 Domine:
1429 4752 1512 4794 num
1530 4730 1770 4808 communitati,
1789 4730 1883 4795 cuius
1900 4730 1954 4796 hic
1972 4731 2204 4813 tranquillitati
2220 4731 2414 4810 consulitur,

396 4820 522 4901 impera
566 4818 653 4901 quod
696 4840 763 4883 non
807 4818 912 4901 possit
950 4817 1100 4900 impleri;
1145 4820 1213 4882 imo
1251 4821 1378 4904 impera
1430 4816 1511 4880 dum
1550 4821 1686 4880 cavetur
1725 4836 1768 4879 ne
1812 4817 1924 4880 omnia
1961 4817 2223 4898 permisceantur
2253 4816 2414 4898 tumultu,

397 4902 484 4987 quod
516 4925 582 4968 non
613 4903 678 4969 nisi
709 4926 768 4987 per
801 4905 942 4989 gratiam
976 4912 1068 4969 tuam
1101 4906 1204 4987 possit
1229 4906 1376 4989 impleri;
1430 4900 1666 5051 quod²l))fieret
1685 4901 1714 4964 si
1733 4901 1844 4966 omnia
1861 4901 2015 4967 omnibus
2031 4903 2177 4969 licerent
2206 4903 2415 4985 Quinetiam

397 4998 436 5055 ut
463 5010 565 5071 quum
592 4989 742 5055 homines
770 4989 804 5055 id
833 4991 972 5074 implere
1004 5011 1064 5074 per
1097 5011 1174 5055 suas
1200 4992 1289 5056 vires
1318 5013 1377 5057 ne-
1429 4987 1507 5052 filiis
1567 4988 1598 5051 ei
1624 5006 1691 5050 non
1721 4993 1773 5051 est
1798 4987 1915 5053 inutile
1942 4989 2004 5054 bac
2031 4989 2232 5074 paedagogia
2253 4987 2412 5069 exerceri,

397 5074 578 5159 quiverint,
606 5095 702 5138 omne
729 5097 765 5141 os
792 5077 997 5154 obstruatur,
1026 5083 1061 5142 et
1081 5098 1178 5141 nemo
1200 5077 1262 5143 sibi
1284 5098 1377 5162 mag·
1429 5074 1621 5157 quantisper
1653 5080 1730 5137 ante
1752 5074 1965 5153 vocationem,
1997 5076 2115 5158 spiritu
2142 5074 2412 5141 sanctificationis

397 5182 463 5226 nus
480 5159 645 5239 videatur;
668 5160 735 5224 sint
754 5182 866 5227 omnes
883 5162 1023 5246 parvuli,
1047 5170 1081 5227 et
1103 5184 1178 5228 reus
1194 5165 1255 5228 fiat
1271 5165 1378 5229 omnis
1430 5158 1592 5237 destituti,
1621 5157 1811 5240 insipientia
1837 5161 1945 5226 carnis
1972 5160 2155 5226 lasciviunt
2199 5162 2292 5227 Dum
2320 5159 2412 5227 enim

397 5246 542 5313 mundus
564 5266 674 5312 eoram
695 5246 777 5311 Deo.
820 5245 889 5314 Sed
916 5270 977 5334 ego
999 5249 1133 5333 ineptus
1155 5271 1229 5315 sum
1251 5250 1307 5333 qui
1329 5256 1379 5315 tot
1430 5242 1561 5310 divinae
1587 5243 1724 5308 ultionis
1756 5252 1881 5311 terrore
1913 5247 1967 5312 vel
1994 5247 2035 5312 ab
2065 5255 2203 5312 externa
2225 5245 2413 5330 petulantia

528 5373 543 5377 --
554 5373 563 5376 --
1429 5331 1657 5410 retrahuntur,
1679 5337 1845 5414 utcunque
1863 5331 2010 5398 nondum
2027 5334 2137 5399 animo
2155 5333 2271 5399 domiti
2291 5352 2412 5416 parum

399 5417 1378 5610 mammmaamme

400 5528 529 5608 bibrsde
580 5562 616 5608 et.
636 5504 664 5607 el
681 5526 774 5608 lssrb.
793 5571 814 5607 ο.
835 5486 881 5608 ld‘
936 5554 966 5620 6)
983 5557 1016 5610 In
1058 5528 1105 5611 sal:
1125 5557 1167 5611 70.
1187 5530 1272 5612 Serm.
1292 5556 1316 5623 1,
1336 5556 1376 5610 19.
1500 5554 1529 5621 1)
1559 5553 1634 5608 Edd.
1662 5556 1812 5610 aoamlloe
1841 5558 2003 5610 reeeafiorse
2029 5556 2113 5610 mck:
2147 5557 2288 5676 pemmoni
2316 5552 2410 5623 (1611.

399 5623 430 5692 7)
448 5625 480 5677 In
499 5624 569 5676 Psa.
589 5623 647 5677 118.
667 5625 752 5677 Serm.
770 5621 813 5688 27,
831 5621 856 5676 3.
952 5623 983 5689 8)
1002 5625 1041 5679 sic
1063 5628 1128 5682 tenc
1148 5627 1209 5681 edd.
1228 5641 1319 5682 omnes
1336 5642 1377 5680 re·
1431 5621 1586 5676 165421667
1605 5629 1631 5678 et
1647 5623 1790 5680 lactucas·
1803 5626 1906 5693 prior).
1966 5624 2083 5690 9)an
2097 5623 2146 5678 161
2167 5623 2272 5678 ‚loca
2290 5626 2410 5679 tumultu

397 5695 543 5757 rectiorem
560 5693 624 5746 olim
640 5693 723 5747 mele:
740 5693 803 5746 acsi.
869 5737 873 5749 ,
1431 5693 1521 5762 qnid.
1539 5732 1546 5746 .
1565 5694 1595 5746 .?
