5600 6809
380 850 383 861 Ι
433 763 495 824 ιιι
1087 749 1351 819 nonnemo
1373 750 1477 817 anu.
1499 749 1682 817 onarsn
1705 756 1796 817 isso.
2387 755 2458 818 sco

433 944 519 1098 quod
541 941 750 1021 contendunt,
774 942 845 1027 regi
867 961 887 1004 ι
908 940 1025 1023 spiritu
1047 947 1169 1018 sancte,
1193 962 1292 1023 quam
1312 939 1413 1004 fidem
1463 941 1586 1004 fanum.
1631 940 1677 1003 Et
1698 948 1827 1005 caetera
1848 960 1930 1022 quae
1957 940 2126 1022 subiungit
2147 939 2182 1002 in
2205 960 2281 1004 eum
2303 961 2451 1005 sensum.

446 1031 582 1106 scofina,
610 1029 804 1112 congregari
820 1027 867 1091 ‘in
896 1025 1021 1091 Christi
1049 1027 1190 1090 nomine.
1241 1025 1413 1109 Siquidem
1465 1024 1600 1091 Similes
1624 1025 1845 1107 querimoniae
1862 1026 1983 1107 passim
2001 1032 2134 1090 exstant
2150 1025 2187 1089 in
2203 1025 2385 1109 prophetis:
2410 1032 2454 1089 ut

433 1125 503 1182 tam
541 1123 678 1198 possunt
713 1115 808 1197 impii
844 1112 1047 1194 improbique
1078 1112 1221 1194 episcopi
1255 1112 1413 1178 adversus
1465 1110 1550 1176 nihil
1570 1110 1637 1175 illic
1659 1112 1863 1193 frequentius
1885 1119 2039 1175 recurrat

433 1202 606 1269 Christum
622 1261 624 1269 ,
640 1200 842 1282 conspirare,
876 1219 974 1281 quam
1002 1197 1136 1261 boniet
1160 1198 1254 1279 probi
1280 1200 1315 1263 in
1343 1199 1412 1262 eius
1551 1203 1580 1260 4.
1626 1194 1694 1261 Sed
1722 1197 1811 1261 enim
1837 1197 1871 1261 id
1897 1198 1980 1261 forte
2008 1196 2095 1260 inter
2123 1194 2264 1260 Iudaeos
2290 1196 2452 1276 valuerit;

432 1287 567 1354 nomine
589 1287 682 1351 coire.
720 1286 830 1350 Huius
851 1285 899 1349 rei
916 1283 1081 1348 luculento
1103 1283 1196 1348 nobis
1218 1284 1413 1349 documento
1465 1291 1616 1348 nostrum
1643 1304 1722 1347 vero
1750 1282 1915 1348 saeculum
1943 1304 1963 1346 a
1990 1288 2082 1346 tanto
2108 1282 2194 1345 malo
2216 1283 2361 1347 immune
2384 1291 2451 1347 est.

433 1383 513 1440 sunt
539 1372 681 1455 plurima
709 1371 847 1437 decreta·
866 1391 949 1453 quae
976 1390 997 1433 a
1024 1368 1144 1434 talibus
1172 1370 1316 1436 conciliis
1338 1391 1413 1453 pro-
1465 1369 1603 1435 Utinam
1635 1369 1767 1450 quidem
1802 1375 1902 1446 esset;
1935 1389 2051 1433 verum
2086 1367 2182 1432 alitor
2214 1368 2282 1432 fore
2309 1369 2453 1451 spiritus

434 1460 532 1525 diere.
570 1457 638 1523 Sed
660 1457 721 1522 hoc
742 1464 855 1539 postea
874 1454 1048 1519 videbitur.
1084 1455 1182 1520 Nunc
1200 1462 1329 1520 tantum
1347 1476 1413 1520 uno
1466 1463 1598 1520 sanctus
1625 1453 1840 1519 denuntiavit.
1886 1453 1986 1518 Clara
2013 1454 2102 1517 enim
2130 1462 2208 1517 sunt
2234 1455 2326 1518 Petri
2344 1455 2454 1519 verba

434 1547 534 1612 verbo
569 1543 763 1626 respondeo,
795 1541 963 1606 Christum
993 1540 1078 1603 nihil
1103 1541 1249 1623 polliceri
1282 1541 1346 1606 nisi
1374 1542 1413 1605 iis
1466 1541 1500 1624 (2
1529 1541 1619 1605 Petr.
1646 1543 1679 1616 2,
1701 1542 1752 1623 ’1);
1782 1538 2072 1622 quemadmodum,
2101 1540 2221 1621 inquit,
2251 1541 2386 1604 fuerunt
2412 1540 2453 1604 in

435 1633 493 1714 qui
514 1632 551 1694 in
578 1651 637 1694 suo
665 1629 796 1692 nomine
824 1634 1073 1709 congregantur.
1118 1625 1210 1705 Quid
1232 1649 1308 1710 crgo
1331 1626 1414 1690 illud
1465 1626 1584 1708 populo
1602 1626 1704 1690 veteri
1722 1624 2034 1709 pseudoprophetae,
2053 1626 2099 1689 sic
2117 1632 2151 1689 et
2167 1625 2255 1689 inter
2271 1647 2330 1690 vos
2348 1633 2453 1690 erunt
2532 1675 2535 1680 ,

436 1718 481 1782 sit
506 1715 707 1780 definiamus.
751 1714 844 1795 Nego
865 1714 901 1775 in
923 1709 1048 1776 Christi
1067 1712 1199 1777 nomine
1221 1713 1414 1796 congregari
1465 1712 1539 1775 falsi
1573 1711 1734 1789 doctores,
1769 1719 1873 1776 sectas
1901 1708 2093 1793 perditionis
2124 1711 2339 1776 insinuantes
2386 1710 2453 1775 Vi·

436 1825 491 1867 eos
519 1802 573 1883 qui
602 1799 727 1863 abiecto
755 1799 820 1862 Dei
848 1797 1019 1870 mandato,
1044 1817 1107 1878 quo
1130 1805 1220 1861 vetat
1237 1798 1413 1880 quidquam
1467 1796 1531 1862 den
1559 1808 1597 1860 ut
1627 1817 1695 1860 non
1729 1817 1749 1860 a
1780 1795 1916 1878 plebeiis
1942 1796 2115 1861 imminere
2143 1797 2325 1879 periculum
2352 1817 2453 1879 prae·

437 1887 511 1952 addi
541 1886 640 1951 verbo
669 1905 727 1948 suo
754 1892 812 1948 aut
834 1882 964 1946 detrahi
986 1880 1100 1966 (Deut.
1125 1889 1154 1959 4,
1179 1887 1213 1961 2,
1236 1884 1336 1966 Apoc.
1362 1887 1412 1960 22,
1467 1882 1562 1960 (hcet,
1596 1882 1653 1946 sed
1681 1884 1721 1947 ab
1749 1883 1790 1947 iis
1818 1884 1874 1964 qui
1902 1882 2071 1946 doctorum
2100 1889 2135 1946 ct
2160 1890 2329 1964 pastorum
2352 1883 2452 1947 titulo

359 2011 373 2020 -
439 1972 503 2057 18),
526 1971 656 2053 proprio
678 1969 812 2035 arbitrio
835 1968 964 2051 quidvis
982 1974 1147 2046 statuunt;
1169 1969 1225 2051 qui
1247 1991 1314 2033 non
1336 1990 1414 2032 eon·
1467 1990 1502 2034 se
1520 1960 1761 2033 venditabu‘nt‘?
1797 1969 1986 2046 Praeterea,
2005 1967 2130 2049 quoties
2148 1967 2312 2033 aChristo
2331 1969 2451 2034 eteius

436 2058 518 2123 tenti
541 2057 722 2139 scripturae
739 2055 888 2130 oraculis,
911 2053 973 2117 hoe
996 2060 1045 2117 est
1066 2054 1162 2118 unica
1183 2056 1344 2136 perfectae
1362 2074 1414 2119 sa-
1467 2054 1620 2136 apostolis
1638 2062 1688 2118 est
1704 2053 1908 2137 praedictum
1924 2054 1993 2117 fore
2011 2060 2049 2117 ut
2071 2075 2091 2116 a
2112 2055 2296 2135 pastoribus
2318 2075 2452 2119 summa

436 2145 577 2227 pientiae
603 2141 732 2225 regula,
761 2140 800 2205 de
828 2161 886 2205 suo
914 2140 1019 2221 capite
1041 2160 1162 2204 novum
1186 2140 1308 2222 aliquid
1328 2162 1415 2204 cem-
1467 2140 1622 2205 ecclesiae
1649 2139 1794 2222 pericula
1815 2138 2063 2221 impenderent?
2108 2138 2180 2202 lmo
2207 2140 2316 2222 pelam
2338 2150 2452 2204 osten-

436 2230 667 2294 miniscuntur.
713 2225 811 2291 Certe
839 2247 940 2308 quum
963 2245 1031 2289 non
1053 2225 1196 2290 conciliis
1218 2226 1416 2306 quibuslibet
1468 2226 1516 2290 dit
1536 2225 1659 2290 Paulus
1686 2225 1720 2310 (2
1744 2226 1857 2290 Thess.
1882 2228 1911 2304 2,
1935 2223 1981 2307 4),
2009 2245 2076 2288 non
2105 2225 2182 2290 alibi
2205 2247 2373 2290 sessurum
2391 2246 2454 2290 an·
2508 2257 2510 2265 ‚

437 2337 472 2381 se
499 2314 690 2379 adfuturum
717 2311 905 2394 promiserit
933 2310 1100 2388 Christus,
1133 2310 1190 2375 sed
1218 2311 1417 2395 peculiarem
1468 2312 1656 2377 tichristum
1672 2333 1771 2394 quam
1788 2311 1824 2375 in
1842 2309 1963 2393 templo
1981 2311 2053 2374 Dei.
2090 2309 2164 2390 Quo
2186 2311 2358 2395 signifieat,
2382 2333 2453 2376 non

436 2407 550 2466 notam
569 2399 756 2481 apposuerit
777 2399 841 2479 qua
862 2416 941 2462 vera
966 2403 999 2460 et
1023 2396 1171 2479 legitima
1193 2398 1233 2462 ab
1256 2397 1329 2462 aliis
1350 2396 1416 2462 dis·
1468 2397 1600 2462 aliunde
1623 2404 1797 2463 venturam
1818 2394 2016 2461 horrendem
2036 2395 2128 2460 illam
2150 2397 2381 2477 calamitatem,
2409 2397 2451 2463 de
2546 2451 2548 2456 .

437 2492 603 2561 cerneret,
630 2504 690 2547 nos
720 2483 804 2547 hanc
831 2481 1060 2547 discretionem
1086 2483 1221 2549 minime
1249 2483 1417 2566 negligere
1469 2505 1533 2566 qua
1559 2485 1610 2547 ibi
1630 2483 1784 2566 loquitur,
1813 2483 1877 2547 nisi
1905 2481 1945 2546 ab
1973 2482 2014 2546 iis
2042 2482 2098 2563 qui
2125 2503 2184 2564 pro
2206 2484 2392 2564 pasbrribus
2413 2484 2452 2548 in

437 2572 599 2637 convenit.
643 2569 716 2633 Hoc
738 2576 788 2634 est
814 2575 947 2650 pactum
970 2565 1057 2649 quod
1080 2567 1157 2631 olim
1179 2588 1255 2633 cum
1275 2569 1417 2634 leviticis
1469 2569 1605 2634 ecclesia
1626 2569 1793 2633 sedebunt
1829 2570 1876 2634 Et
1897 2567 1974 2632 alibi
1997 2568 2085 2716 (Αιι.
2105 2571 2156 2647 20,
2175 2569 2242 2652 29),
2265 2569 2349 2634 tanti
2369 2570 2451 2634 mali

437 2656 659 2721 sacerdotibus
686 2655 778 2719 Deus
804 2653 941 2736 pepigit:
972 2659 1009 2716 ut
1036 2652 1189 2718 docerent
1217 2676 1260 2719 ex
1280 2677 1336 2719 ore
1358 2676 1417 2720 suo
1468 2653 1604 2720 exordia
1629 2655 1697 2718 iam
1725 2675 1825 2737 prope
1852 2655 1975 2718 instare
2022 2661 2210 2718 amonstrat
2255 2655 2342 2719 Nam
2369 2654 2452 2720 dum

438 2741 534 2825 (Mal.
566 2744 600 2819 2,
629 2740 672 2824 7).
723 2740 796 2804 Hoc
828 2761 956 2821 semper
987 2759 1008 2802 a
1033 2738 1202 2821 prophetis
1229 2741 1400 2823 requisivit
1407 2764 1416 2819 ;
1469 2742 1643 2823 ephesinos
1676 2743 1841 2824 episcopos
1869 2739 2061 2822 alloquitur:
2091 2741 2171 2816 scio,
2205 2740 2333 2823 inquit,
2362 2740 2451 2823 quod

438 2828 526 2892 hanc
553 2846 679 2908 quoque
705 2825 813 2908 legem
839 2824 989 2890 videmus
1017 2825 1170 2906 apostolis
1191 2826 1292 2890 fuisse
1313 2828 1416 2908 impo-
1468 2833 1543 2910 post
1560 2826 1742 2891 discessum
1758 2848 1871 2890 meum
1891 2825 2064 2889 intrabunt
2083 2826 2119 2889 in
2140 2847 2199 2890 vos
2216 2826 2285 2909 lupi
2302 2848 2448 2908 rapaces,

380 2939 382 2944 ι
439 2914 546 2978 sitam.
601 2909 668 2991 Qui
698 2911 761 2975 hoc
786 2917 918 2993 paetum
947 2910 1087 2988 violant,
1122 2931 1177 2974 eos
1205 2933 1267 2976 nec
1293 2912 1417 2976 honore
1469 2933 1536 2976 non
1565 2922 1736 2994 parcentes
1766 2913 1858 2995 gregi
1865 2935 1873 2991 ;
1907 2919 1940 2975 et
1962 2932 2009 2998 ,ex
2036 2911 2129 2976 vobis
2156 2911 2236 2994 ipsis
2264 2920 2362 2976 erunt
2390 2914 2450 2994 qui

440 2997 622 3075 sacerdotii,
644 3016 706 3061 nec
723 2996 790 3059 ulla
807 2996 979 3060 autoritate
1001 2995 1158 3079 dignatur
1178 2998 1278 3063 Deus.
1316 2998 1417 3063 Hune
1469 2998 1646 3079 loquantur
1667 3020 1837 3081 perversa,
1866 3004 1904 3061 ut
1925 2995 2090 3062 abducant
2111 2996 2283 3079 discipulos
2305 3004 2379 3079 post
2400 3019 2448 3062 se.

442 3083 567 3147 nodum
584 3082 666 3146 mihi
685 3081 814 3146 solvant
831 3081 1020 3159 adversarii,
1039 3081 1183 3147 sivelint
1200 3081 1299 3148 fidem
1309 3104 1417 3148 meam
1470 3082 1642 3164 Quantum
1669 3086 1755 3148 inter
1781 3091 1928 3166 pastores
1950 3083 2068 3147 afferre
2096 3083 2311 3166 corruptionis
2338 3084 2449 3165 potuit

440 3169 611 3233 hominum
639 3168 768 3249 placitis
794 3168 878 3232 citra
898 3167 964 3231 Dei
985 3165 1123 3232 verbum
1144 3170 1340 3252 mancipare.
1469 3169 1569 3252 longa
1595 3190 1757 3234 annorum
1785 3169 1894 3246 series,
1922 3189 2024 3250 quum
2045 3169 2174 3233 tantulo
2195 3168 2351 3251 temporis
2373 3189 2451 3251 spa-

527 3259 554 3318 3.
598 3254 686 3318 Nam
714 3253 800 3335 quod
826 3254 861 3317 in
888 3252 1023 3319 ecelesia
1049 3274 1219 3319 remanere
1246 3255 1418 3319 veritatem
1470 3256 1515 3319 tio
1538 3254 1735 3338 degenerare
1764 3257 1810 3321 sie
1836 3253 2023 3337 potuerint?
2068 3255 2127 3332 Ae,
2156 3276 2199 3318 ne
2227 3253 2451 3320 enumerando

439 3360 507 3405 non
524 3348 642 3422 putant
662 3340 830 3404 nisiinter
850 3351 998 3421 pastores
1015 3347 1149 3418 constet,
1171 3362 1231 3406 nec
1248 3340 1418 3406 ecclesiam
1470 3340 1611 3405 multum
1639 3341 1828 3407 chartarum
1856 3339 2020 3423 impleam,
2048 3341 2195 3404 omnium
2215 3341 2284 3405 fere
2304 3341 2451 3406 saeculo-

389 3426 390 3429 ’
438 3427 546 3509 ipsam
580 3426 757 3490 consistere
785 3426 851 3490 nisi
878 3426 912 3488 in
935 3425 1079 3490 conciliis
1105 3427 1312 3508 generalibus
1337 3428 1418 3491 enu-
1470 3449 1546 3491 rum
1572 3428 1731 3510 exemplis
1757 3448 1939 3505 monemur,
1967 3447 2029 3491 nec
2055 3427 2231 3491 veritatem
2257 3447 2387 3510 semper
2414 3428 2450 3491 in

438 3519 526 3589 neat,
546 3512 689 3575 multum
709 3512 801 3576 abest
822 3511 901 3593 quin
922 3511 956 3575 id
977 3532 1094 3576 verum
1111 3532 1239 3594 semper
1259 3513 1366 3590 fuerit,
1390 3513 1419 3578 si
1470 3514 1545 3578 sinu
1573 3521 1742 3595 pastorum
1769 3512 1827 3590 ali,
1855 3534 1916 3578 nee
1944 3513 2099 3577 ecclcsiae
2125 3512 2386 3577 incolumitatem
2408 3512 2448 3577 ab

438 3618 520 3664 vera
541 3597 581 3661 de
601 3598 669 3661 suis
687 3597 887 3679 temporibus
904 3597 1090 3661 testimonia
1106 3598 1200 3662 nobis
1217 3598 1418 3680 reliquerunt
1470 3619 1584 3662 eorum
1611 3606 1698 3665 statu
1726 3599 1877 3682 pendere.
1927 3596 2074 3664 Docebat
2099 3598 2232 3679 quidem
2251 3598 2326 3663 illos
2348 3599 2450 3665 eccle·

439 3683 627 3832 Prophetae.
672 3684 756 3747 Erat
782 3683 908 3748 Iesaiae
937 3689 1081 3765 tempore
1104 3683 1240 3749 ecclesia
1261 3684 1417 3750 Hieroso-
1470 3685 1621 3750 siasticae
1639 3685 1728 3768 pacis
1750 3705 1788 3750 ac
1810 3685 1935 3761 salutis,
1958 3685 2012 3749 cui
2033 3684 2274 3749 conservandae
2297 3683 2450 3750 destinati

452 3768 554 3852 ymis,
581 3789 681 3849 quam
701 3768 795 3834 Deus
821 3768 968 3833 nondum
995 3769 1191 3834 deseruerat.
1234 3770 1288 3835 De
1309 3778 1418 3853 pasto-
1470 3778 1556 3848 sunt,
1575 3770 1741 3854 praesides
1759 3791 1830 3836 esse
1848 3792 1886 3835 ao
1903 3769 2067 3848 custodes3
2089 3768 2147 3834 scd
2170 3768 2259 3834 aliud
2282 3780 2332 3834 est
2353 3791 2448 3853 prae·

441 3854 532 3917 ribus
558 3874 636 3919 vero
663 3855 709 3919 sic
735 3854 879 3937 loquitur
906 3855 984 3939 (Ies.
1015 3857 1070 3933 56,
1102 3855 1169 3936 10):
1199 3856 1418 3938 speculatores
1471 3866 1559 3921 stare
1582 3856 1668 3940 quod
1689 3857 1816 3935 debeas,
1840 3855 1937 3933 aliud,
1961 3855 2078 3920 debere
2096 3855 2183 3937 qued
2204 3876 2271 3919 non
2292 3865 2448 3938 praestes

441 3939 512 4002 eius
532 3940 619 4004 caeci
640 3960 761 4019 omnes,
784 3962 889 4023 neque
907 3940 1083 4023 quidquam
1105 3951 1283 4020 noverunt;
1305 3963 1418 4007 omnes
1558 3946 1585 4005 5.
1630 3942 1746 4025 Neque
1763 3951 1874 4008 tamen
1892 3950 2004 4007 nostra
2021 3942 2086 4006 ista
2106 3942 2208 4007 verba
2224 3942 2260 4005 in
2278 3963 2352 4006 eam
2374 3964 2450 4025 par·

441 4045 540 4090 canes
566 4026 666 4103 muti,
700 4024 759 4090 rice
787 4027 900 4091 valent
921 4026 1057 4106 latrare;
1085 4027 1228 4093 iacentes
1253 4027 1419 4093 dormiunt
1470 4036 1538 4092 tom
1558 4029 1631 4111 quis
1653 4029 1798 4110 accipiat,
1821 4028 1916 4111 quasi
1943 4034 2113 4111 pastorum
2139 4028 2347 4092 autoritatem
2375 4049 2451 4111 pas·

441 4116 476 4175 et
498 4118 613 4174 amant
634 4110 871 4192 dormitionem,
894 4119 927 4176 et
948 4118 1094 4195 pastores
1113 4112 1177 4194 ipsi
1198 4114 1282 4178 nihil
1311 4115 1419 4179 sciunt
1470 4115 1534 4181 sim
1559 4134 1597 4177 ac
1624 4121 1748 4180 temere
1775 4115 1931 4197 nulloque
1959 4112 2087 4179 delectu
2114 4114 2310 4178 labefactare
2338 4114 2448 4179 velim

439 4216 501 4262 neo
528 4196 719 4280 intelligunt
746 4207 779 4261 et
806 4199 841 4261 in
866 4197 1056 4263 universum
1086 4199 1265 4282 respiciunt
1286 4200 1328 4264 ad
1347 4200 1419 4265 vias
1471 4201 1616 4264 Tantum
1642 4201 1730 4265 inter
1758 4223 1813 4266 eos
1845 4202 1933 4284 ipsos
1962 4200 2124 4265 delectum
2156 4199 2344 4265 habendum
2377 4221 2451 4265 esse

440 4300 526 4347 suas.
578 4281 621 4346 Ia
652 4283 782 4347 modern
808 4284 933 4348 modam
964 4283 1061 4348 Oscos
1088 4284 1138 4369 (9,
1162 4285 1212 4369 Sl:
1248 4286 1419 4366 speculator
1470 4307 1595 4364 moneo,
1618 4308 1670 4364 ne,
1691 4288 1748 4368 qui
1770 4286 1932 4364 dicuntur,
1962 4307 2033 4351 esse
2053 4292 2347 4368 quoque'pastores
2370 4305 2452 4349 con-

441 4366 602 4447 prrcim
630 4389 700 4432 eum
722 4368 803 4447 Deo,
832 4369 962 4449 laqueus
983 4371 1124 4451 aucupis,
1147 4371 1254 4435 odium
1274 4373 1309 4435 ia
1330 4371 1418 4436 domo
1469 4372 1563 4435 tinuo
1585 4373 1820 4438 existimomus.
1864 4374 1912 4437 At
1932 4393 2017 4454 papa
2038 4393 2113 4436 cum
2134 4380 2202 4436 toto
2224 4371 2454 4454 episcoporum

440 4451 514 4518 Dei.
567 4453 631 4519 Ubi
657 4454 773 4519 ironice
800 4474 850 4519 eos
871 4454 939 4519 Deo
961 4457 1156 4537 coniungens,
1177 4457 1347 4521 woradum
1367 4477 1419 4520 so-
1470 4478 1607 4522 suorum
1635 4479 1751 4541 grege,
1780 4481 1846 4523 non
1873 4458 1938 4522 aha
1964 4458 2091 4521 ratione
2115 4458 2178 4521 nisi
2202 4458 2278 4539 quia
2299 4462 2451 4538 pastores

440 4540 570 4604 cerdatii
590 4545 788 4620 prodactam
814 4561 880 4605 esse
908 4542 998 4605 docet.
1043 4541 1195 4606 Durabat
1215 4562 1343 4625 quoque
1366 4562 1431 4606 ce-¹
1470 4555 1712 4626 nuncupantur,
1735 4565 1872 4610 excussa
1891 4542 1984 4608 verbi
2005 4543 2070 4607 Dei
2094 4541 2286 4618 obedientia,
2310 4542 2452 4607 volvunt

441 4624 541 4689 alesia
562 4623 605 4689 ad
625 4632 755 4708 tempus
776 4626 944 4691 Ieremiae.
988 4627 1171 4692 Audiamus
1192 4626 1272 4710 quid
1299 4628 1339 4693 de
1361 4650 1419 4712 pa·
1470 4631 1580 4694 omnia
1607 4639 1802 4714 versantque
1830 4651 1889 4712 pro
1916 4628 2064 4706 libidine;
2090 4626 2224 4691 interim
2250 4627 2451 4707 persuadere

441 4709 584 4775 storibus
613 4711 700 4776 dicat
727 4711 1052 4796 (6,13ιιι14,14);
1081 4734 1101 4776 a
1129 4714 1289 4796 propheta
1315 4735 1419 4797 usque
1472 4716 1689 4793 contendunt,
1718 4737 1788 4781 sese
1814 4715 1887 4779 luce
1913 4714 2063 4781 veritatis
2090 4711 2224 4777 destitui
2250 4733 2317 4777 non
2339 4734 2450 4795 posse,

444 4793 488 4859 ad
509 4795 709 4861 sacerdotem
732 4798 867 4880 quisque
885 4805 1029 4863 sectatur
1054 4799 1270 4863 mendacium.
1317 4800 1417 4864 Item:
1471 4800 1623 4882 spiritum
1644 4801 1709 4864 Dci
1730 4810 1886 4883 perpetuo
1914 4801 1951 4863 in
1977 4822 2012 4865 se
2033 4797 2192 4877 residere;
2221 4798 2392 4864 ecclesiam
2413 4800 2451 4863 in

442 4880 622 4962 prophetae
655 4883 860 4948 mendacium
888 4884 1087 4965 prophetant
1115 4884 1151 4948 in
1177 4886 1309 4950 nomine
1335 4907 1418 4964 mee,
1471 4907 1506 4952 se
1524 4885 1709 4962 subsistere,
1728 4894 1762 4950 et
1778 4907 1890 4950 secum
1907 4884 2017 4949 emori.
2055 4882 2158 4964 Quasi
2175 4905 2255 4949 vero
2272 4886 2338 4948 iam
2355 4885 2451 4952 nullo

442 4985 544 5046 quum
566 4987 625 5049 ego
647 4988 713 5031 non
735 4969 881 5035 miserim
905 4991 968 5048 eos,
991 4992 1097 5052 neque
1118 4972 1339 5054 praeceperim
1361 4972 1417 5036 eis.
1472 4971 1539 5035 sint
1572 4970 1706 5034 Domini
1740 4969 1875 5035 iudicia:
1910 4978 1948 5034 ιιι
1975 4968 2091 5035 eodem
2114 4991 2238 5052 poenae
2264 4991 2384 5054 genere
2412 4971 2451 5035 in

442 5050 494 5113 Ac
516 5071 557 5113 ne
584 5052 704 5134 prolixi
725 5055 865 5119 nimium
891 5057 926 5120 in
952 5056 1127 5122 recitandis
1154 5058 1223 5123 eius
1245 5057 1353 5123 verbis
1375 5058 1419 5122 si-
1471 5054 1633 5119 mundum
1654 5054 1750 5120 hodie
1772 5055 2013 5121 animadvertat
2040 5078 2104 5139 quo
2124 5057 2235 5139 populi
2257 5055 2376 5121 votens
2397 5057 2450 5121 in·

440 5155 527 5213 mus,
564 5136 715 5220 legantur
743 5162 825 5224 quae
852 5149 919 5206 toto
947 5143 1100 5208 vicesimo
1129 5144 1225 5208 tertio
1253 5142 1359 5225 capito
1387 5148 1421 5205 ct
1472 5139 1706 5224 gratitudinem
1724 5142 1898 5225 aliquando
1916 5143 2006 5208 ultus
2027 5151 2093 5221 est;
2111 5163 2229 5225 nempe
2246 5148 2284 5206 ut
2300 5150 2449 5225 pastores

441 5219 691 5319 quadragesimo
714 5228 853 5311 scripsit
898 5229 991 5292 Tunc
1013 5251 1055 5293 ex
1076 5228 1180 5293 altera
1201 5235 1293 5311 parte
1316 5226 1420 5291 nihilo
1470 5226 1633 5308 percutiat
1661 5230 1815 5295 caecitate
1843 5236 1877 5294 et
1902 5237 2034 5312 stupore
2061 5229 2175 5313 (Zach.
2207 5233 2261 5308 12,
2289 5228 2333 5312 4).
2376 5227 2449 5294 Nec

441 5307 557 5372 mitius
578 5310 613 5373 in
635 5312 767 5377 eosdem
784 5312 1001 5377 invehebatur
1020 5314 1183 5380 Ezechiel.
1220 5311 1418 5389 Coniuratis,
1471 5310 1662 5396 intelligunt
1688 5315 1889 5381 stolidissimi
1918 5316 2082 5392 homines,
2110 5315 2247 5379 eandem
2275 5336 2311 5379 se
2331 5333 2450 5380 canere

441 5392 550 5474 inquit
577 5396 649 5494 (22,
674 5401 745 5482 25),
774 5396 1009 5481 prophetarum
1036 5400 1073 5463 in
1101 5398 1208 5465 medio
1237 5399 1308 5463 cius
1334 5398 1420 5463 siout
1472 5398 1670 5465 cantilenam
1696 5422 1796 5484 quam
1817 5403 1979 5467 canebant
2003 5401 2082 5465 olim
2102 5400 2152 5464 illi
2172 5402 2230 5482 qui
2250 5421 2326 5465 cum
2346 5397 2449 5464 verlo

442 5476 493 5575 leo
521 5502 655 5563 rugiens
682 5490 714 5546 et
742 5483 800 5564 qui
827 5482 912 5563 rapit
939 5483 1107 5564 praedam;
1140 5483 1322 5550 sacerdotes
1350 5483 1420 5549 eius
1473 5484 1537 5548 Dei
1554 5483 1840 5569 belligerabantur.
1875 5486 1933 5553 Sic
1950 5487 2039 5550 enim
2055 5506 2126 5550 sese
2143 5495 2257 5551 contra
2276 5475 2451 5550 vamtatem

443 5563 650 5630 molavcrunt
676 5568 782 5651 legem
810 5589 932 5645 meam,
962 5576 996 5633 et
1020 5572 1279 5652 profanaverunt
1307 5579 1422 5636 sancta
1473 5571 1679 5636 instruebant
1706 5574 1815 5638 hostes
1841 5573 2015 5636 Ieremiae:
2043 5572 2152 5635 venito
2178 5579 2211 5635 ct
2231 5570 2450 5653 cogitabimus

443 5667 531 5728 mea,
558 5673 619 5718 neo
648 5652 824 5719 discrimen
844 5653 992 5718 fecerunt
1012 5657 1099 5721 inter
1120 5665 1272 5722 sanctum
1293 5665 1327 5722 et
1347 5677 1421 5740 pro-
1472 5664 1588 5722 oonlra
1620 5658 1794 5730 Iaremium
1825 5658 2052 5741 cogitationem
2084 5656 2341 5738 quandoquidem
2379 5676 2448 5723 non
