5600 6809
375 758 437 820 865
539 813 543 823 ,
724 747 815 815 LIB.
838 750 900 815 IV.
943 752 1007 816 DE
1025 750 1266 834 ,erramus
1288 748 1456 817 MEDIIS
1478 750 1544 816 AD
1567 750 1799 818 SALUTEM.
1844 752 1943 818 OAP.
1967 753 2029 817 IX.
2324 764 2388 824 866
2465 799 2468 805 ·

375 944 431 1025 qui
453 942 561 1026 alege
580 941 716 1005 Domini
740 961 846 1022 neque
867 940 932 1005 huc
950 961 1055 1021 neque
1073 939 1150 1005 illuc
1169 939 1349 1006 deflectent
1404 940 1552 1005 cussione
1574 939 1699 1017 habita,
1729 939 1951 1006 definitionem
1973 963 2015 1005 ex
2035 944 2197 1025 scriptura
2219 955 2385 1028 sumptam

375 1027 471 1110 Quod
490 1029 517 1092 si
538 1027 630 1091 nulla
651 1027 865 1091 haesitatione
887 1026 1075 1108 accipienda
1097 1036 1147 1090 est
1163 1028 1352 1108 quorumvis
1403 1026 1585 1108 proferant,
1613 1048 1696 1107 quae
1724 1034 1758 1090 et
1785 1026 2020 1092 dubitationem
2042 1030 2078 1092 in
2105 1029 2198 1111 plebe
2221 1031 2328 1106 tollat,
2351 1040 2386 1096 et
2428 1069 2430 1071 ·

374 1125 542 1198 pastorum
573 1113 734 1191 doctrina,
769 1133 925 1194 quorsum
954 1112 1114 1178 attinebat
1142 1112 1237 1176 toties
1266 1122 1351 1176 tam·
1404 1134 1439 1176 os
1461 1111 1611 1176 obstruat
1637 1112 1793 1194 improbis
1813 1122 1846 1176 et
1867 1112 1993 1196 cupidis
2020 1115 2221 1194 homiuibus,
2243 1139 2284 1181 ne
2307 1139 2385 1200 per·

375 1222 438 1283 que
458 1200 595 1264 sollicite
617 1199 751 1262 Domini
773 1219 851 1262 voce
873 1219 933 1262 nos
953 1197 1131 1275 admoneri,
1151 1220 1192 1262 nu
1213 1197 1352 1281 pseudo-
1405 1220 1482 1280 gere
1511 1199 1650 1280 amplius
1678 1198 1828 1262 audeant
1875 1196 1932 1264 Sic
1960 1215 2073 1263 exorto
2094 1201 2176 1264 Ario
2204 1213 2315 1267 coacta
2337 1215 2387 1268 est
2438 1245 2440 1247 >

375 1286 610 1369 prophetarum
639 1285 781 1348 sermoni
809 1283 1053 1348 auscultemus?
1098 1283 1222 1361 Nolite,
1245 1284 1352 1366 inquit
1404 1284 1542 1347 nicaena
1570 1284 1730 1368 synodus,
1761 1306 1844 1366 quae
1871 1306 1932 1348 sua
1954 1286 2128 1350 autoritate
2151 1294 2185 1350 et
2212 1289 2386 1355 sceleratos

375 1394 434 1454 per
461 1373 635 1435 Ieremiam
658 1370 728 1455 (23,
752 1370 818 1452 16),
848 1369 961 1434 audire
991 1370 1091 1435 verba
1118 1370 1351 1452 prophetarum
1405 1370 1500 1452 impii
1523 1369 1663 1434 hominis
1686 1378 1823 1435 conatus
1846 1371 1952 1457 fregit,
1977 1380 2010 1436 et
2031 1392 2145 1453 pacem
2168 1374 2312 1438 restituit
2333 1397 2385 1441 ec·

375 1459 432 1540 qui
461 1457 660 1539 prophetant
687 1456 792 1534 vobis;
825 1457 1005 1519 vanitatem
1026 1457 1115 1520 enim
1137 1477 1194 1520 vos
1224 1455 1349 1533 docent,
1405 1456 1511 1519 elesiis
1538 1477 1620 1537 quas
1643 1465 1835 1533 vexaverat,
1870 1465 1903 1519 et
1930 1467 2096 1522 aeternam
2119 1457 2245 1524 Christi
2267 1458 2386 1524 divini·

377 1555 410 1607 et
437 1565 502 1607 non
531 1566 572 1607 ex
598 1565 654 1607 ore
682 1543 824 1606 Domini.
876 1541 961 1605 Item
991 1542 1268 1625 (Matth.7,15):
1298 1563 1350 1606 ca-
1405 1549 1507 1605 tatem
1525 1550 1639 1606 contra
1658 1543 1853 1624 sacrilegum
1871 1543 1942 1606 eius
1959 1542 2078 1625 dogma
2096 1545 2245 1608 asseruit.
2274 1543 2386 1625 Quum

334 1680 338 1687 .
375 1642 450 1694 vete
472 1629 564 1693 vobis
587 1651 606 1693 a
627 1628 717 1692 falsis
738 1627 915 1709 prophetis,
931 1624 995 1708 ‘qui
1019 1629 1155 1691 veniunt
1173 1627 1214 1690 ad
1236 1649 1294 1693 vos
1316 1629 1351 1690 in
1406 1626 1524 1691 deinde
1547 1649 1649 1692 novas
1677 1629 1790 1692 turbas
1817 1637 1990 1691 moverent
2015 1629 2199 1694 Eunomius
2221 1640 2254 1694 θῖ
2276 1631 2387 1697 Mace·

376 1717 498 1780 vestitu
520 1716 644 1792 ovium,
667 1714 864 1778 intrinsecus
887 1723 996 1777 autem
1018 1722 1096 1777 sunt
1118 1713 1187 1796 lupi
1210 1735 1351 1795 rapaces.
1407 1713 1533 1788 donius,
1557 1714 1655 1777 simili
1678 1712 1820 1777 remedio
1843 1735 1956 1777 eorum
1977 1715 2126 1778 insaniae
2143 1736 2314 1780 occursum
2336 1725 2386 1782 est

374 1802 516 1866 Frustra
545 1811 579 1863 et
610 1801 750 1864 Ioannes
789 1821 848 1863 nos
882 1797 1070 1862 hortaretur
1110 1808 1147 1861 ut
1180 1798 1354 1880 probemus
1406 1820 1465 1880 por
1487 1791 1872 1880 constantinbpolitanam
1902 1798 2074 1882 synodum.
2120 1800 2287 1882 Ephesino
2310 1824 2387 1867 con-

375 1887 510 1970 spiritus
532 1885 692 1968 numquid
714 1907 756 1949 ex
777 1885 848 1949 Deo
878 1886 944 1948 sint
966 1886 996 1967 (l
1019 1885 1132 1949 Ioann.
1153 1892 1182 1962 4,
1206 1885 1246 1968 1).
1291 1883 1354 1949 Oui
1407 1884 1482 1948 cilio
1504 1885 1677 1967 profligata
1699 1897 1748 1948 est
1770 1885 1915 1949 Nestorii
1937 1887 2096 1967 impietas.
2135 1886 2228 1952 Haec
2249 1886 2387 1970 denique

375 1972 495 2036 iudicio
517 1993 558 2035 ne
580 1973 687 2054 angeli
710 1971 838 2053 quidem
870 1971 1075 2048 eximuntur,
1105 1971 1226 2034 nedum
1258 1979 1354 2034 satan
1408 1969 1448 2031 ab
1470 1970 1563 2033 initio
1591 1971 1654 2033 fuit
1674 1971 1840 2035 ordinaria
1866 1973 1902 2034 iu
1924 1971 2060 2036 ecelesia
2085 1973 2167 2035 ratio
2190 1994 2387 2038 conservan-

376 2080 452 2123 cum
480 2059 548 2121 suis
576 2057 761 2121 mendaciis.
807 2055 897 2135 Quid
919 2065 1029 2120 autem
1057 2057 1158 2120 istud:
1189 2057 1217 2119 si
1240 2077 1354 2120 caecus
1409 2054 1469 2119 dae
1491 2056 1636 2132 unitatis,
1662 2058 1787 2139 quoties
1810 2066 1905 2120 satan
1927 2055 2048 2139 aliquid
2069 2057 2251 2122 machinari
2273 2080 2387 2141 coepe-
2482 2076 2487 2084 ·’

377 2164 510 2208 caecum
522 2142 630 2216 ducat,
644 2143 737 2207 ambo
749 2144 783 2204 in
796 2142 925 2205 foveam
938 2141 1056 2206 cadent
1068 2142 1200 2225 (Matth.
1217 2141 1352 2225 15,14)?
1408 2152 1469 2204 rat.
1520 2139 1587 2205 Sed
1615 2143 1877 2219 meminerimus,
1907 2163 1981 2206 non·
2003 2144 2153 2208 omuibus
2175 2145 2313 2208 saeculis
2334 2146 2386 2209 vel

376 2231 500 2293 Annon
522 2229 602 2292 satis
620 2228 763 2292 declarat
779 2226 922 2291 multum
941 2229 1098 2292 interesse
1116 2228 1227 2309 quales
1246 2221 1361 2309 pasto*
1407 2227 1486 2291 locis
1509 2225 1623 2291 haberi
1644 2228 1861 2307 Athanasius,
1884 2228 2040 2306 Basilios,
2065 2228 2222 2313 Oyrillos,
2244 2239 2278 2293 et
2296 2231 2386 2294 simi-

377 2335 430 2378 res
448 2313 633 2392 audiantur,
656 2336 717 2379 neo
734 2322 857 2378 temere
877 2334 989 2378 omnes
1007 2313 1206 2379 audiendos?
1226 2313 1355 2393 Quare
1407 2311 1455 2376 les
1473 2333 1571 2376 verae
1589 2313 1756 2377 doctrinae
1775 2313 1928 2391 vindices,
1952 2335 2032 2396 quos
2050 2323 2129 2379 tuno
2146 2316 2311 2379 Dominus
2329 2337 2387 2380 er·

378 2423 445 2464 non
478 2411 528 2464 est
559 2400 643 2482 quod
672 2401 739 2463 suis
766 2422 826 2464 nos
854 2399 957 2464 titulis
984 2400 1200 2478 absterreant,
1230 2421 1293 2481 quo
1320 2401 1355 2462 in
1408 2399 1531 2462 citavit
1565 2398 1637 2462 Imo
1657 2401 1837 2482 cogitemus
1859 2399 1936 2482 quid
1957 2401 2082 2481 Ephesi
2100 2401 2242 2466 secunda
2260 2403 2387 2484 synodo

379 2486 663 2568 participationem
695 2485 831 2550 trahant
852 2482 936 2550 'suae
965 2487 1141 2550 caecitatis:
1176 2508 1278 2567 quum
1306 2486 1355 2550 vi·
1409 2482 1578 2561 acciderit,
1608 2485 1664 2548 ubi
1686 2486 1886 2568 eutychiana
1908 2485 2053 2549 haeresis
2076 2487 2231 2550 obtinuit:
2255 2496 2387 2553 sanetae

380 2569 514 2636 deamus
527 2571 852 2654 contrasingularem
871 2570 1013 2634 Domino
1034 2593 1146 2636 curam
1164 2573 1264 2636 fuisse
1282 2572 1355 2635 aba·
1408 2569 1585 2633 memoriae
1612 2570 1664 2633 vir
1691 2571 1889 2649 Flavianus,
1921 2573 1957 2635 in
1984 2572 2138 2636 exsilium
2164 2574 2285 2637 eiectus
2312 2595 2386 2638 eum

377 2657 538 2734 terrendi,
562 2678 603 2719 ne
626 2657 732 2721 alieno
756 2678 865 2721 errore
887 2657 961 2721 duci
989 2679 1047 2721 nos
1069 2669 1271 2738 pateremur,
1295 2655 1356 2721 sub
1408 2655 1533 2736 aliquot
1553 2655 1616 2738 piis
1638 2657 1732 2733 viris;
1756 2657 1861 2721 multa
1883 2657 2041 2721 eiusmodi
2060 2658 2187 2740 flagitia
2207 2657 2386 2743 designata.

255 2816 265 2832 s
378 2763 570 2825 quacunque
592 2743 733 2806 nominis
755 2743 847 2807 larva
868 2743 978 2806 lateat.
1013 2743 1099 2807 Nam
1121 2745 1149 2807 si
1172 2765 1288 2807 verum
1306 2751 1356 2807 est
1408 2741 1535 2823 Nempe
1558 2742 1636 2822 quia
1657 2741 1724 2806 illie
1746 2741 1940 2821 Dioscorus,
1965 2742 2062 2807 homo
2084 2743 2238 2809 factiosus
2261 2755 2293 2808 et
2314 2766 2388 2827 pes-

378 2828 503 2892 Ghn'sti
526 2849 730 2909 responsum,
754 2829 840 2891 caeci
863 2829 981 2910 quique
1004 2827 1110 2902 duces,
1134 2830 1203 2894 sive
1226 2830 1356 2892 antisti·
1408 2827 1483 2890 simi
1506 2826 1616 2903 animi,
1640 2847 1706 2890 non
1730 2835 1840 2890 autem
1860 2829 1993 2910 spiritus
2014 2829 2151 2893 Domini
2172 2830 2387 2911 praesidebat

377 2925 444 2990 tes,
477 2915 546 2978 sive
572 2913 752 2995 praesules,
782 2915 850 2977 sive
879 2915 1047 2996 pontifices
1077 2912 1241 2993 dieantur,
1270 2915 1356 2978 nihil
1409 2914 1456 2976 At
1476 2933 1542 2975 non
1565 2921 1636 2975 erat
1657 2912 1724 2977 illic
1744 2913 1887 2976 eeclesia.
1923 2915 2058 2991 Fateor;
2082 2914 2128 2979 sio
2151 2916 2239 2978 enim
2257 2918 2390 2981 omnino

377 3014 514 3081 possunt
541 3020 639 3081 quam
667 3022 742 3064 suos
764 3008 929 3064 consortes
952 3002 986 3063 in
1015 3000 1102 3064 idem
1125 3022 1238 3082 rapere
1261 3021 1355 3083 prae-
1409 3004 1533 3075 statuo,
1574 3019 1641 3061 non
1678 2998 1751 3065 ideo
1789 2999 1925 3062 interire
1963 3000 1999 3062 in
2037 3000 2172 3064 eeclesia
2205 3002 2387 3079 veritatem,

378 3086 533 3168 cipitium.
579 3083 691 3165 Quare
713 3085 804 3149 nulla
824 3085 1045 3163 conciliorum,
1068 3095 1246 3167 pastorum,
1270 3087 1355 3168 epis·
1409 3085 1536 3148 etiamsi
1559 3084 1599 3148 ab
1622 3104 1688 3147 uno
1711 3084 1847 3149 concilio
1870 3084 2088 3166 opprimatur;
2117 3084 2175 3148 sed
2194 3087 2388 3151 mirabiliter

379 3193 533 3253 soporum
554 3172 696 3248 nomina,
717 3191 800 3252 quae
818 3182 884 3234 tam
901 3172 983 3237 falso
1001 3171 1133 3235 obtendi
1157 3193 1256 3253 quam
1278 3193 1355 3237 vere
1410 3192 1430 3232 a
1452 3169 1594 3233 Domino
1617 3169 1756 3248 servari,
1783 3178 1821 3234 ut
1841 3171 1962 3234 iterum
1991 3191 2049 3233 suo
2072 3180 2219 3252 tempore
2242 3179 2389 3254 emergat

378 3258 528 3337 usurpari
557 3266 707 3338 possunt,
737 3278 796 3321 nos
825 3257 1004 3339 impediant
1031 3259 1204 3339 quominus
1227 3267 1260 3322 et
1282 3279 1355 3321 ver·
1410 3264 1444 3319 et
1471 3267 1610 3337 superet.
1661 3255 1735 3320 Hoc
1764 3263 1874 3320 autem
1902 3264 2099 3339 perpetuum
2127 3277 2197 3320 esse
2225 3277 2323 3339 nego,
2354 3266 2391 3321 ut

378 3343 495 3407 borum
517 3357 551 3405 et
576 3363 686 3405 rerum
709 3342 911 3408 documentis
938 3345 1052 3407 moniti
1074 3364 1187 3407 omnes
1208 3344 1357 3408 omnium
1410 3362 1490 3405 vera
1517 3342 1561 3404 sit
1588 3348 1621 3404 ot
1643 3351 1733 3406 certa
1755 3343 1936 3423 scripturae
1964 3342 2188 3424 interpretatio
2210 3363 2292 3423 quae
2314 3362 2391 3405 con-

379 3429 511 3510 spiritus
534 3427 576 3491 ad
598 3427 700 3491 divini
723 3430 813 3494 verbi
832 3430 980 3513 regulam
998 3430 1179 3512 exigamus,
1197 3451 1259 3511 quo
1280 3450 1357 3512 pro·
1410 3427 1476 3492 cilii
1498 3427 1664 3510 suffragiis
1686 3428 1786 3492 fuerit
1808 3436 1945 3511 recepta.

378 3515 494 3578 bemus
516 3535 597 3577 num
619 3535 660 3576 er
682 3514 754 3578 Deo
776 3515 849 3578 sint.
1501 3519 1547 3576 14,
1593 3514 1721 3577 Verum
1749 3513 1812 3578 alio
1840 3521 1989 3596 spectant
2016 3512 2257 3590 Romanenses,
2290 3535 2391 3596 quum

468 3603 515 3662 13.
561 3597 725 3679 Quoniam
753 3601 964 3683 probavimus
987 3622 1053 3665 non
1080 3623 1150 3666 esse
1173 3600 1284 3666 datam
1305 3623 1357 3667 ec·
1409 3606 1606 3682 potestatem
1632 3600 1872 3682 interpretandi
1898 3601 2092 3681 scripturam
2127 3619 2226 3681 penes
2254 3599 2416 3664 concilia

379 3685 494 3750 olesiae
523 3693 718 3767 potestatem
741 3686 916 3769 erigendae
938 3708 1042 3752 novae
1065 3686 1244 3766 doctrinae,
1270 3687 1357 3753 dica·
1412 3708 1482 3751 esse
1505 3684 1648 3764 tradunt,
1672 3694 1705 3749 θῖ
1727 3707 1800 3750 eam
1823 3686 1893 3751 sine
1921 3684 2161 3769 provocatione.
2206 3685 2281 3749 Hoc
2303 3686 2391 3751 enim

379 3792 452 3834 mus
474 3793 562 3836 nunc
584 3771 624 3835 de
652 3781 814 3853 potestate
836 3793 933 3853 quam
958 3772 1007 3835 illi
1028 3774 1177 3838 tribuunt
1198 3775 1235 3836 in
1257 3775 1319 3838 sori
1411 3772 1517 3837 colore
1538 3771 1729 3849 abutuntur,
1752 3779 1790 3835 ut
1810 3774 1991 3853 scripturae
2012 3771 2317 3853 interpretationem
2334 3793 2391 3836 vo-

379 3866 472 3921 turae
499 3858 774 3938 interpretatione.
825 3858 894 3923 Nos
920 3867 1007 3922 certe
1039 3858 1178 3923 libenter
1209 3881 1307 3924 conce
1333 3859 1358 3908 '·
1411 3867 1488 3922 cent
1509 3856 1665 3940 quidquid
1686 3859 1722 3921 in
1743 3857 1888 3922 conciliis
1910 3865 2071 3922 statutum
2099 3857 2150 3920 sit
2196 3857 2248 3921 De
2269 3877 2392 3940 purga·

379 3965 461 4019 mus,
485 3944 512 4007 si
534 3963 597 4024 quo
620 3943 660 4007 de
682 3943 833 4026 dogmate
855 3944 979 4009 incidat
1000 3943 1205 4027 disceptatio,
1229 3945 1356 4009 nullum
1410 3945 1509 4020 torio,
1544 3944 1585 4007 de
1617 3951 1807 4008 sanctorum
1838 3944 2084 4020 intercessione,
2119 3940 2160 4005 de
2190 3942 2391 4008 confessione

380 4050 450 4092 esse
472 4051 531 4093 nco
553 4027 669 4092 melius
697 4051 757 4094 nee
779 4031 899 4093 certius
927 4031 1109 4094 remedium
1131 4052 1229 4112 quam
1252 4033 1279 4094 si
1302 4052 1357 4094 ve·
1411 4028 1603 4107 auriculari,
1627 4039 1661 4092 et
1682 4029 1857 4107 similibus,
1880 4049 1948 4093 non
1971 4029 2154 4111 reperietur
2175 4050 2242 4093 una
2263 4027 2390 4111 syllaba

379 4135 492 4178 rorum
520 4113 744 4195 episcoporum
766 4115 911 4198 synodus
934 4116 1121 4193 conveniat,
1151 4115 1206 4179 ubi
1228 4124 1357 4181 contro-
1409 4116 1446 4179 in
1468 4116 1645 4196 scripturis.
1691 4115 1820 4179 Verum
1839 4115 1916 4197 quia
1937 4113 2092 4180 ecclesiae
2114 4114 2292 4178 autoritate
2314 4135 2390 4178 san·

377 4221 510 4264 versum
537 4197 655 4282 dogma
687 4202 881 4265 excutiatur.
934 4201 1041 4264 Multo
1063 4203 1150 4264 onim
1175 4202 1249 4283 plus
1276 4224 1356 4283 pou·
1409 4202 1475 4266 cita
1496 4211 1575 4265 sunt
1596 4201 1677 4264 haee
1698 4200 1817 4278 omnia,
1841 4201 1903 4266 hoc
1925 4208 1976 4265 est
1997 4199 2051 4284 (ut
2071 4201 2181 4264 rarius
2203 4198 2389 4289 loquamur)

377 4286 463 4351 deris
482 4285 615 4350 habebit
632 4285 791 4350 eiusmodi
809 4286 955 4350 definitio
975 4288 1010 4349 in
1029 4307 1128 4368 quam
1141 4288 1357 4352 communiter
1410 4287 1563 4369 opinione
1587 4294 1620 4350 et
1640 4307 1703 4350 usu
1730 4295 1874 4368 recepta,
1908 4307 1967 4369 pro
1990 4286 2171 4366 scripturae
2192 4285 2390 4365 interpreta-

279 4429 286 4437 .
376 4372 584 4437 ecelesiarum
611 4379 772 4453 pastores,
802 4371 1101 4449 invocatoOhristi
1123 4373 1255 4455 spiritu,
1280 4395 1356 4438 eon·
1411 4374 1498 4436 tione
1516 4371 1769 4520 unumpuodque
1788 4371 1975 4436 habendum
1994 4372 2064 4436 orit
2093 4370 2208 4451 Neque
2225 4367 2261 4431 id
2277 4366 2387 4432 modo:
2487 4383 2492 4394 ‘

376 4459 547 4534 senserint,
572 4479 670 4539 quam
693 4458 720 4522 si
738 4458 873 4539 quisque
896 4478 1042 4521 seorsum
1061 4457 1147 4521 domi
1166 4468 1356 4541 conceptam
1409 4458 1468 4523 sed
1500 4459 1528 4523 si
1560 4458 1615 4540 qui
1671 4457 1871 4523 reclamante
1904 4458 2067 4539 scriptura
2099 4454 2252 4518 statuerit
2281 4454 2389 4519 conci·

376 4544 495 4623 populo
525 4542 684 4624 traderet,
718 4543 770 4609 vel
809 4544 904 4625 pauci
938 4542 1088 4608 homines
1124 4545 1244 4626 privati
1282 4567 1355 4609 eam
1408 4543 1491 4607 lium
1509 4544 1790 4627 interpretationis
1808 4542 1941 4610 habebit
1957 4561 2085 4605 nomen.
2119 4539 2217 4603 Iubet
2234 4538 2389 4603 Christus

376 4628 579 4692 conficerent.
614 4628 744 4694 Deinde
764 4628 820 4693 ubi
843 4628 968 4694 collecti
990 4631 1024 4693 iu
1048 4651 1150 4694 unum
1173 4640 1250 4694 sunt
1270 4632 1355 4713 epis·
1409 4629 1544 4713 (Matth.
1565 4634 1614 4709 26,
1635 4629 1691 4713 26)
1713 4649 1827 4694 omnes
1847 4628 1888 4692 de
1907 4627 2007 4693 calice
2025 4645 2122 4706 quem
2141 4623 2177 4685 in
2195 4644 2296 4688 coena
2313 4645 2388 4706 por-

375 4714 461 4794 copi‚
495 4714 694 4781 commodius
722 4718 756 4780 in
785 4736 956 4780 commune
984 4715 1166 4780 deliberant
1187 4715 1266 4797 quid
1293 4716 1355 4781 sibi
1408 4717 1494 4799 rigit,
1518 4715 1642 4780 bibere:
1665 4716 1905 4781 constantiense
1926 4709 2101 4776 concilium
2119 4710 2225 4773 vetuit
2241 4731 2284 4774 ne
2325 4708 2388 4774 lebi

375 4808 409 4860 et
429 4818 493 4879 qua
514 4797 618 4860 forma
639 4799 821 4867 docendum
843 4803 894 4879 sit,
918 4823 959 4866 ne
982 4800 1155 4866 diversitas
1176 4801 1354 4868 offendicu-
1408 4802 1550 4881 daretur,
1574 4800 1631 4866 sed
1653 4801 1759 4866 solum
1781 4797 1982 4864 sacerdotem
2003 4793 2114 4859 biber'e
2135 4793 2248 4859 voluit.
2290 4731 2387 4875 duod

375 4883 445 4946 lum
467 4883 582 4964 pariat.
627 4885 745 4964 Tertio,
768 4887 853 4952 hano
876 4890 1036 4952 rationem
1054 4889 1247 4970 praescribit
1264 4888 1354 4953 Pau·
1407 4889 1454 4953 sie
1487 4908 1529 4951 ex
1561 4887 1719 4952 diametro
1752 4889 1880 4968 pugnat
1908 4902 1983 4946 cum
2017 4880 2221 4945 institutione
2250 4880 2385 4956 Christi,

374 4969 426 5033 lus
449 4967 480 5050 (l
503 4966 576 5031 Cor.
601 4972 647 5045 14,
667 4975 722 5054 29)
750 4974 786 5034 in
814 4971 1030 5039 diiudicandis
1057 4973 1221 5039 doctrinis.
1266 4975 1354 5039 Nam
1406 4995 1465 5055 pro
1482 4974 1552 5038 eius
1563 4971 1828 5055 interpretatione
1839 4966 1954 5032 haberi
1966 4965 2090 5031 volunt
2113 4966 2239 5031 Paulus
2253 4967 2286 5050 (l
2301 4967 2384 5031 rim.

375 5076 475 5136 quum
516 5052 654 5136 singulis
692 5057 835 5122 ecelesiis
876 5060 1033 5124 attribuat
1076 5059 1351 5139 diiudicationem,
1406 5065 1435 5138 4,
1454 5059 1485 5143 1)
1503 5058 1645 5142 coniugii
1662 5054 1916 5140 prohibitionem
1934 5058 2029 5116 vocat
2046 5051 2237 5135 hypocrisin
2254 5051 2386 5118 daemo-

374 5138 518 5204 ostendit
538 5139 610 5221 quis
632 5141 667 5203 in
695 5140 898 5221 gravioribus
919 5145 1027 5206 causis
1055 5147 1098 5208 sit
1118 5145 1196 5210 ordo
1218 5147 1351 5230 agendi:
1404 5147 1534 5211 nicrum
1541 5170 1549 5226 ;
1572 5151 1721 5210 sanetum
1743 5160 1821 5205 vero
1842 5139 1879 5202 in
1896 5137 2049 5203 omnibus
2065 5139 2255 5221 coniugium
2272 5148 2305 5204 θῖ
2326 5139 2386 5202 ho·

374 5246 493 5310 nempe
515 5236 553 5289 ut
575 5226 728 5290 ecelesiae
749 5227 837 5288 inter
857 5248 891 5289 se
909 5248 1113 5292 communem
1132 5233 1351 5313 cognitionem
1404 5232 1552 5296 norabile
1569 5229 1703 5310 spiritus
1721 5224 1799 5290 alibi
1811 5224 1929 5308 (Hebr.
1946 5228 1994 5303 13,
2006 5223 2042 5308 l)
2056 5225 2256 5306 pronuntiat.
2287 5221 2384 5304 Quod

375 5312 562 5393 suscipiant
615 5313 725 5394 Atque
751 5312 798 5374 ita
825 5331 886 5374 nos
912 5312 981 5392 ipse
1010 5314 1141 5394 pietatis
1164 5337 1279 5382 sensus
1301 5320 1351 5382 in-
1404 5325 1516 5400 postea
1538 5310 1758 5379 saeerdotibus
1780 5310 2023 5375 interdixerunt
2044 5310 2248 5392 coniugium,
2271 5310 2305 5373 id
2326 5330 2384 5373 ve·

374 5399 497 5475 stituit,
526 5406 564 5461 ut
593 5399 622 5482 si
649 5400 721 5480 quis
749 5397 860 5460 turbet
880 5396 1050 5461 ecclesiam
1077 5397 1228 5480 dogmate
1250 5403 1351 5467 inusi-
1404 5424 1476 5467 ram
1506 5408 1539 5463 et
1567 5398 1714 5462 nativam
1739 5398 1920 5479 scripturae
1941 5397 2246 5478 interpretationem
2269 5394 2384 5458 haberi

375 5490 450 5561 tato,
475 5493 572 5565 atque
594 5505 632 5548 eo
653 5504 707 5548 res
728 5483 899 5566 perveniat
920 5490 959 5546 ut
979 5483 1023 5547 sit
1040 5483 1225 5564 periculum
1240 5506 1261 5548 a
1277 5506 1351 5568 gra-
1404 5485 1586 5569 postulant:
1619 5504 1721 5565 quum
1750 5482 1835 5547 nihil
1861 5482 1967 5567 magis
1989 5481 2134 5545 alienum
2162 5481 2208 5543 fin
2234 5481 2240 5492 '
2276 5488 2382 5561 queat

374 5571 464 5634 viore
487 5568 633 5648 dissidio,
667 5569 863 5635 conveniant
891 5569 1036 5651 primum
1058 5569 1225 5648 ecelesiae;
1253 5592 1351 5653 quae-
1405 5572 1443 5636 ai
1465 5571 1538 5651 quis
1560 5569 1685 5633 hiscere
1707 5575 1821 5635 contra
1843 5569 1945 5647 ausit,
1968 5567 2150 5631 haereticus
2171 5566 2206 5628 iu
2228 5565 2381 5630 icabitur:

373 5656 514 5720 ationem
540 5656 741 5739 propositam
767 5655 970 5735 examinent3
998 5654 1144 5732 demum,
1176 5655 1264 5719 iusta
1286 5656 1352 5720 dis·
1404 5655 1533 5736 quando
1555 5655 1627 5719 sine
1648 5658 1876 5738 provocatione
1898 5661 1949 5720 est
1968 5652 2122 5718 ecelesiae
2145 5649 2383 5729 determinatio,

479 5758 592 5814 Caluini
602 5773 696 5826 opera.
733 5757 792 5812 Vel.
807 5757 851 5816 11.
2144 5749 2179 5804 56
