5600 6809
393 744 458 806 aee
1041 725 1306 794 marianum
1328 727 1434 794 aaa.
1456 726 1636 794 enarer.
1662 732 1754 827 issa
2337 733 2405 794 eoo

392 925 562 1013 profundit
569 949 577 1002 ;
605 924 633 989 si
659 943 774 987 servus
802 921 919 985 herum
941 916 1081 982 ludibrio
1101 916 1215 994 habet,
1244 916 1272 980 si
1297 916 1368 980 eius
1423 915 1521 979 ritate
1550 917 1652 978 nimia
1673 915 1842 994 divexant,
1871 938 1937 981 non
1964 916 2194 981 contumeliose
2220 917 2402 999 accipiant;

393 1033 512 1080 arcana
533 1010 689 1092 divulgat,
714 1009 741 1071 si
764 1007 830 1071 ullo
853 1003 949 1068 modo
972 1013 1044 1066 tum
1061 1003 1172 1079 vitam,
1194 1007 1266 1064 tum
1283 1002 1368 1066 bona
1424 998 1617 1082 sedpotius
1639 1011 1817 1084 agnoscant
1838 1002 1900 1067 sibi
1921 1004 2039 1066 fratres
2062 1024 2146 1080 esse,
2176 1024 2315 1084 suosque
2337 1003 2402 1068 sub

392 1102 462 1164 eius
484 1095 606 1181 prodit;
630 1095 658 1158 si
680 1093 831 1157 dominus
853 1111 985 1154 rursum
1005 1087 1163 1150 familiam
1181 1086 1367 1150 immaniter
1424 1086 1555 1150 coelesti
1577 1087 1717 1151 Domino
1750 1108 1936 1167 conservos,
1970 1108 2049 1170 quos
2082 1095 2195 1151 mutuo
2228 1110 2338 1152 amare
2367 1097 2402 1153 et

392 1191 505 1251 vexat:
528 1182 607 1245 furti
630 1178 716 1262 apud
738 1179 847 1242 Deum
869 1183 1005 1239 tenetur.
1050 1173 1206 1236 Alienum
1228 1174 1388 1236 enimet
1423 1170 1610 1235 humaniter
1627 1180 1768 1237 tractare
1786 1173 1933 1238 debeant.
1967 1172 2022 1237 Ad
2040 1172 2136 1251 hunc,
2160 1174 2304 1255 inquam,
2327 1195 2401 1238 mo-

394 1271 514 1334 retinet
540 1276 574 1331 et
600 1265 792 1350 praevertit,
821 1263 876 1344 qui
903 1282 969 1323 non
997 1259 1185 1340 exsequitur
1213 1258 1300 1339 quod
1328 1280 1369 1322 ex
1418 1255 1497 1319 dum
1528 1258 1663 1338 quisque
1692 1267 1837 1339 reputet,
1871 1258 1949 1341 quid
1976 1260 2011 1322 in
2040 1280 2098 1323 suo
2127 1257 2239 1323 ordine
2266 1281 2304 1324 ac
2325 1260 2399 1324 loco

394 1377 472 1421 suae
494 1353 673 1419 vocationis
694 1370 829 1414 munere
851 1347 923 1408 aliis
945 1343 1049 1407 debet.
1418 1343 1580 1423 proximis
1610 1341 1740 1422 debeat,
1770 1352 1803 1408 et
1830 1344 1915 1427 quod
1944 1344 2038 1408 debet
2065 1345 2179 1408 solvat.
2224 1344 2278 1408 Ad
2305 1344 2398 1424 haec,

481 1444 531 1502 46.
576 1439 653 1502 Rite
683 1456 759 1518 ergo
782 1434 828 1498 sic
846 1431 1032 1514 parebimus
1060 1429 1230 1506 mandatu,
1261 1428 1289 1492 si
1311 1450 1370 1493 no·
1420 1426 1590 1492 referenda
1617 1450 1744 1511 semper
1773 1452 1866 1494 mens
1889 1429 1930 1494 ad
1951 1429 2185 1512 legislatorem;
2214 1437 2251 1494 ut
2278 1432 2400 1496 animis

396 1534 465 1590 stra
494 1531 579 1588 sorte
607 1521 749 1586 contenti
778 1518 907 1581 nullum
928 1517 993 1579 nisi
1014 1515 1188 1579 honesturn
1209 1522 1242 1578 et
1262 1515 1370 1597 legiti-
1421 1513 1558 1593 perinde
1586 1535 1623 1579 ac
1650 1515 1801 1580 manibus
1829 1516 1976 1598 regulam
2005 1516 2090 1580 hanc
2112 1517 2299 1580 noverimus
2320 1538 2400 1580 con-

396 1633 488 1675 mum
515 1611 642 1674 lucrum
669 1606 774 1669 faeere
803 1602 1005 1679 studeamus3
1039 1601 1067 1663 si
1089 1621 1156 1663 non
1178 1608 1369 1682 appetamus
1422 1599 1527 1675 suan,
1558 1621 1621 1681 quo
1649 1600 1788 1665 aliorum
1815 1602 1992 1664 commodis
2020 1609 2119 1682 atque
2140 1601 2335 1666 utilitatibus
2365 1608 2402 1666 et

396 1718 472 1762 eum
499 1690 815 1765 iniuria'ditescere‚
848 1699 908 1752 ne'c
935 1687 1073 1750 fortunis
1103 1685 1232 1750 diruere
1258 1685 1368 1768 proxi·
1421 1682 1551 1763 tuendis
1572 1691 1606 1748 et
1625 1686 1855 1767 promovendis
1876 1687 2036 1752 studeant

397 1803 488 1845 mum
520 1778 707 1856 moliamur,
741 1797 804 1856 quo
833 1794 886 1838 res
910 1772 1004 1836 nobis
1031 1779 1207 1849 accrescas
1241 1773 1269 1834 si
1300 1793 1368 1834 non

616 1884 650 1926 es
697 1869 730 1925 et
762 1883 804 1924 ex
837 1860 976 1923 aliorum
1008 1879 1067 1922 san
1092 1857 1167 1921 uine
1199 1879 1240 1921 ex
1263 1878 1368 1922 rossus

396 1865 564 2017 dildiitilriic
574 1884 832 2024 (biintbndamuffi
855 1946 883 2008 si
902 1965 970 2007 non
991 1878 1368 2024 interirpcranterpunde-
1704 1924 1952 1978 PRAEOEPTUM
1969 1924 2110 1977 ΝΟΜ

397 2028 1068 2130 ⁰U11q¹1⁰P⁰ffan³l11ef³⁸⁰0fflllafflub
1092 2027 1368 2126 ‘1¹1⁰‚V0105P1022'
1421 2047 1493 2114 Non
1521 2047 1583 2114 eris
1617 2047 1766 2118 adversus
1793 2050 1975 2142 proximum
2004 2061 2096 2118 tuum
2124 2050 2213 2119 testis
2240 2051 2396 2122 mendax.

397 2129 452 2186 tur
473 2127 585 2186 nostra
611 2125 765 2195 avarrtia,
792 2116 845 2181 vel
867 2114 1089 2196 prodigentrae
1112 2115 1256 2177 satisfiat.
1300 2114 1368 2180 Vc·

397 2229 471 2271 rum
503 2229 521 2271 e
553 2224 709 2270 converso
749 2202 793 2266 sit
823 2199 917 2264 nobis
951 2206 1127 2282 perpetuus
1157 2199 1210 2262 hic
1243 2220 1366 2280 scopus,
1507 2200 1557 2261 47.
1589 2199 1684 2263 Finis
1706 2200 1788 2264 eius:
1812 2200 1966 2281 quoniam
1986 2198 2191 2264 mendacium
2209 2201 2301 2266 Deus
2324 2201 2399 2287 (qui

398 2313 511 2356 omnes
542 2289 647 2372 quoad
679 2289 755 2353 licet
785 2286 918 2352 consilio
952 2293 1049 2367 atque
1077 2305 1136 2366 ope
1164 2284 1303 2349 fideliter
1334 2286 1370 2347 in
1421 2285 1543 2349 veritas
1565 2284 1629 2368 θεῖ)
1652 2293 1848 2362 exsecratur,
1869 2286 2042 2350 veritatem
2065 2286 2134 2350 sine
2155 2286 2229 2351 fuco
2252 2308 2324 2352 esse
2345 2290 2399 2353 in·

397 2375 578 2442 retinendis
600 2375 668 2439 suis
689 2374 816 2450 iuvare;
844 2370 930 2454 quod
952 2371 980 2434 si
1002 2392 1076 2435 cum
1096 2370 1228 2451 perfidis
1250 2390 1287 2433 ac
1308 2370 1368 2433 fal·
1421 2373 1552 2435 ternos
1582 2370 1758 2434 colendam.
1803 2369 1942 2435 Summe
1969 2371 2070 2453 igitur
2097 2372 2172 2449 erit,
2202 2393 2244 2435 ne
2266 2373 2320 2438 vel
2342 2395 2398 2440 oa·

397 2462 521 2528 lacibus
548 2461 716 2542 negotium
743 2458 857 2535 fuerit,
892 2477 934 2520 ex
965 2463 1075 2519 nostro
1106 2457 1214 2536 potius
1246 2455 1369 2537 aliquid
1420 2459 1554 2525 lumniis
1580 2456 1733 2539 falsisque
1764 2455 2041 2521 criminationibus
2067 2455 2226 2521 violemus
2258 2458 2398 2527 alicuius

397 2547 511 2612 cedere
532 2545 638 2628 parati
656 2545 766 2623 simus,
786 2564 885 2626 quam
901 2548 939 2605 ut
956 2540 1189 2606 contendamus
1207 2563 1281 2607 cum
1292 2541 1367 2604 illis.
1421 2565 1558 2620 nomen,
1592 2541 1645 2607 vel
1677 2541 1845 2605 mendacio
1877 2542 1913 2604 in
1944 2542 2012 2604 suis
2038 2542 2176 2606 fortunis
2205 2564 2399 2626 gravemus;

397 2632 511 2714 Neque
532 2630 567 2694 id
587 2629 696 2694 modo:
726 2629 782 2694 sed
804 2649 884 2710 quos
905 2649 1016 2691 rerum
1038 2626 1226 2691 difficultate
1249 2626 1368 2691 videri·
1422 2632 1561 2713 denique
1600 2648 1643 2691 ne
1679 2626 1925 2694 maledicendos
1958 2634 1991 2690 et
2021 2628 2228 2708 procacitatis
2260 2628 2399 2698 libidine

397 2739 472 2780 mus
504 2715 622 2799 premi,
660 2710 772 2778 eorum
803 2712 1051 2778 necessitatibus
1083 2713 1367 2791 communicemus,
1421 2715 1607 2800 quempiam
1638 2711 1814 2776 laedamus.
1860 2712 1923 2777 Oui
1955 2711 2127 2778 interdicto
2152 2715 2307 2780 cohaeret
2334 2717 2398 2782 im·

397 2823 435 2868 ac
466 2808 579 2866 nostra
610 2801 701 2884 copia
728 2798 934 2864 sublevemus
967 2817 1079 2862 eorum
1106 2797 1258 2879 inopiam.
1303 2798 1368 2861 Po·
1420 2803 1563 2885 perium,
1591 2805 1630 2863 ut
1655 2798 1831 2880 unicuique
1852 2797 1982 2862 fidelem
2004 2817 2151 2880 operam,
2181 2800 2288 2882 quoad
2309 2800 2398 2882 licet,

396 2895 517 2952 stremo
535 2886 687 2969 respiciat
702 2885 840 2966 unusq'
882 2905 922 2948 ue
939 2890 1097 2966 quatenus
1115 2903 1158 2947 ex
1175 2883 1279 2948 officio
1296 2882 1369 2949 aliis
1420 2889 1456 2950 in
1477 2881 1652 2951 asserenda
1670 2884 1809 2948 veritate
1830 2881 2087 2962 commodemus,
2115 2883 2157 2948 ad
2182 2885 2341 2951 tuendam
2362 2898 2398 2952 et

397 2975 440 3038 sit
465 2972 640 3055 obligatus,
675 2992 712 3035 ac
741 2905 962 3052 quodmdebet,
996 2969 1083 3033 bona
1110 2967 1173 3033 fide
1193 2968 1366 3050 persolvat
1420 2972 1563 3037 nominis
1595 2976 1629 3033 et
1659 2990 1770 3033 rerum
1804 2990 1938 3034 suarum
1968 2969 2200 3051 integritatem.
2248 2969 2396 3037 Sensum

395 3059 470 3124 Hac
488 3059 613 3121 ratione
629 3056 767 3138 populus
785 3075 898 3119 omnes
916 3055 977 3119 sibi
996 3053 1176 3136 praefectos
1193 3055 1229 3117 in
1246 3054 1368 3119 honoro
1420 3057 1567 3122 mandati
1593 3055 1644 3119 sui
1661 3054 1792 3120 videtur
1813 3075 1974 3137 exponere
1996 3055 2137 3120 voluisse
2158 3057 2318 3122 Dominus
2339 3058 2394 3126 his

396 3145 523 3221 habeat,
547 3163 660 3206 eorum
682 3139 934 3206 dominationem
952 3161 1054 3222 aequo
1074 3140 1183 3203 animo
1205 3140 1297 3218 ferat,
1321 3138 1368 3204 le-
1420 3142 1529 3208 verbis
1547 3139 1667 3223 (Exod.
1687 3144 1737 3219 23,
1753 3140 1800 3224 1):
1824 3161 1891 3203 non
1912 3141 2066 3222 suscipies
2084 3162 2198 3212 vocem
2218 3140 2393 3224 mendacii,

396 3229 492 3312 gibus
514 3235 547 3293 et
564 3228 662 3293 iussis
684 3232 805 3308 pareat,
828 3226 913 3291 nihil
935 3225 1099 3302 detrectet,
1122 3224 1208 3307 quod
1229 3226 1368 3308 propitio
1420 3250 1480 3294 nec
1502 3228 1618 3310 iunges
1635 3247 1771 3290 manum
1788 3232 1887 3303 tuam,
1910 3232 1948 3289 ut
1964 3247 2023 3307 pro
2044 3226 2145 3309 impio
2166 3224 2253 3292 dicas
2270 3227 2396 3294 falsum

394 3316 466 3379 Deo
498 3314 583 3378 ferre
610 3312 720 3395 possit
764 3308 913 3376 Rursum
944 3311 992 3375 illi
1020 3309 1124 3392 plebis
1151 3332 1229 3375 suae
1256 3331 1368 3376 curam
1420 3313 1650 3379 testimonium.
1694 3310 1780 3375 Item
1802 3310 1893 3396 (ibid.
1911 3334 1942 3376 v.
1964 3310 2013 3394 7);
2041 3310 2246 3378 mendacium
2274 3313 2394 3397 fugies.

395 3398 592 3476 sustineant,
619 3397 782 3480 publicam
809 3418 924 3480 pacem
949 3403 1155 3474 conservent,
1188 3396 1281 3461 bonis
1303 3397 1369 3461 sint
1419 3399 1494 3464 Alio
1516 3399 1616 3462 etiam
1637 3396 1707 3460 loeo
1729 3395 1851 3480 (Lavit
1876 3401 1929 3474 19,
1952 3397 2006 3481 16)
2033 3399 2099 3462 non
2121 3419 2159 3462 ea
2179 3397 2277 3463 modo
2298 3407 2396 3481 parte
2446 3440 2449 3447 ι

300 3480 303 3485 ’
395 3484 572 3568 praesidio,
595 3483 699 3549 malos
725 3490 919 3564 coerceant3·
935 3482 982 3547 sic
1007 3483 1117 3546 omnia
1140 3480 1369 3555 administrent
1420 3505 1441 3548 a
1461 3482 1631 3548 mendacio
1659 3502 1720 3546 nos
1741 3489 1888 3560 revocat,
1916 3504 1958 3546 ne
1986 3483 2087 3547 simus
2109 3484 2335 3550 criminatores
2357 3508 2396 3553 ao

395 3571 487 3653 quasi
509 3590 661 3652 supremo
681 3567 783 3634 iudici
802 3568 875 3633 Deo
902 3567 1077 3633 functionis
1104 3588 1181 3631 suae
1208 3567 1368 3631 rationem
1420 3589 1612 3634 susurrones
1633 3569 1670 3630 in
1690 3567 1824 3650 populo;
1855 3567 1912 3631 sed
1937 3589 1979 3631 ne
2002 3569 2074 3649 quis
2097 3568 2237 3651 decipiat
2257 3570 2397 3636 fratrem

396 3654 564 3722 reddituri
607 3653 830 3720 Ecclesiamm
856 3652 1000 3718 ministri
1026 3652 1165 3717 fideliter
1186 3653 1279 3719 verbi
1306 3654 1367 3717 mi-
1420 3676 1524 3733 suum
1567 3653 1752 3734 Utrumque
1784 3653 1873 3717 enim
1904 3652 2064 3718 danucia
2097 3653 2261 3719 mandatis
2289 3663 2394 3722 cavet

395 3742 530 3804 nisterio
547 3738 746 3819 incumbant,
767 3760 828 3804 nec
846 3738 959 3803 salutis
977 3737 1157 3802 doctrinam
1175 3737 1366 3817 adulterent,
1420 3738 1509 3804 Sane
1529 3738 1665 3803 dubium
1685 3759 1752 3802 non
1773 3748 1823 3802 est
1844 3738 1932 3821 quin,
1954 3745 1991 3801 ut
2008 3738 2277 3821 praecedentibus
2298 3762 2393 3806 man·

396 3824 453 3889 sed
480 3845 599 3907 puram
625 3832 658 3889 et
684 3824 843 3891 sinceram
874 3824 992 3907 populo
1018 3825 1083 3888 Dei
1116 3823 1254 3888 tradant.
1298 3823 1367 3889 Neo
1420 3824 1504 3889 datis
1536 3823 1682 3889 cohibuit
1709 3825 1891 3902 saevitiam,
1923 3823 2173 3905 impudicitiam,
2208 3826 2393 3908 avaritiam,

396 3908 542 3974 doctrina
561 3908 676 3987 solum,
700 3908 757 3973 sed
781 3910 865 3974 vitae
887 3910 1035 3992 exemplo
1056 3910 1245 3988 instituant;
1273 3930 1367 3990 prae-
1419 3912 1466 3973 ita
1487 3910 1540 3975 hic
1562 3909 1737 3973 falsitatem
1758 3917 1916 3989 coereeat;
1939 3910 2031 3974 euius
2053 3908 2116 3974 duo
2139 3919 2217 3975 sunt
2234 3912 2394 3993 membra,

397 3995 463 4058 sint
485 3991 636 4074 denique,
664 3999 702 4056 ut
722 3992 797 4058 boni
817 4001 963 4077 pastores
983 3996 1105 4060 ovibus.
1150 3995 1295 4077 Populus
1317 3995 1367 4059 vi·
1419 4017 1502 4077 quae
1533 3995 1624 4076 prius
1657 3996 1851 4060 notavimus.
1906 3998 1975 4059 Aut
2007 3997 2096 4059 enim
2126 3997 2333 4080 malignitate
2361 4006 2395 4064 et

396 4078 506 4144 cissirn
538 4097 593 4141 cos
623 4097 683 4158 pro
714 4079 839 4144 nuntiis
868 4087 901 4143 et
928 4080 1081 4162 apostolis
1110 4079 1175 4145 Dei
1201 4081 1366 4164 suscipiat,
1420 4079 1624 4145 obtrectandi
1642 4080 1804 4162 pravitate
1828 4078 2045 4162 delinquimus
2073 4083 2108 4145 in
2135 4082 2257 4146 famam
2280 4085 2392 4165 proxi·
2462 4097 2476 4139 .·

396 4185 471 4228 cum
497 4163 537 4226 iis
567 4162 723 4226 honorem
751 4163 866 4227 reddat
892 4186 956 4247 quo
977 4186 1118 4232 wmarus
1140 4168 1286 4250 mapistcr
1313 4188 1367 4231 eos
1419 4188 1560 4245 morum;
1584 4172 1642 4229 aut
1658 4166 1854 4243 mentiendo,
1877 4166 2044 4231 interdum
2061 4168 2161 4231 etiam
2179 4167 2390 4250 obloquendo,

397 4248 549 4332 dignatus
582 4253 648 4313 est:
690 4268 773 4329 quae
806 4270 919 4314 corum
950 4252 1037 4316 vitae
1076 4253 1258 4317 necessaria
1291 4260 1368 4315 sunt
1419 4251 1622 4317 detrahimus
1643 4273 1755 4315 eorum
1776 4252 1960 4316 commodis.
2000 4252 2092 4316 Nihil
2114 4261 2223 4317 autem
2244 4255 2393 4335 interest,

395 4333 558 4417 praebeat.
602 4332 762 4398 Parentes
783 4332 917 4413 liberos,
940 4343 979 4399 ut
1000 4336 1062 4400 sibi
1083 4358 1103 4400 a
1124 4338 1195 4402 Deo
1217 4338 1366 4402 commis-
1419 4338 1551 4402 solenne
1569 4346 1602 4401 et
1613 4336 1819 4402 iudiciariam
1836 4339 2059 4402 testimonium
2078 4338 2131 4404 hic
2150 4338 2313 4402 nominari
2330 4362 2394 4424 pu-

289 4467 293 4475 ·
395 4440 457 4498 sos,
480 4417 621 4496 alendos,
644 4418 813 4500 regendos,
832 4418 993 4486 docendos
1011 4422 1187 4503 suscipiant
1194 4446 1202 4502 ;
1225 4444 1284 4488 nec
1296 4444 1366 4487 sae-
1419 4430 1477 4501 tes,
1501 4445 1544 4487 an
1565 4424 1709 4506 vulgare,
1732 4421 1819 4506 quod
1838 4425 1874 4487 in
1896 4424 2033 4505 privatis
2051 4423 2255 4488 sermonibus
2275 4425 2392 4491 fertur.

395 4505 476 4572 vitia
497 4525 610 4569 eorum
631 4505 756 4568 animos
778 4513 972 4587 exasperent
988 4514 1022 4571 et
1039 4529 1059 4571 a
1077 4529 1111 4571 se
1128 4515 1286 4586 avertant,
1309 4507 1367 4573 sed
1419 4507 1557 4591 Semper
1584 4509 1672 4572 enim
1700 4530 1737 4572 eo
1764 4509 2000 4579 recurrendum
2025 4520 2087 4574 est:
2117 4531 2159 4573 ex
2181 4509 2317 4593 singulis
2338 4512 2391 4576 vi·

395 4589 529 4655 lenitate
551 4610 590 4654 ac
603 4588 814 4674 indulgentia
835 4612 917 4673 quae
938 4613 1034 4657 suam
1054 4614 1227 4674 personam
1244 4593 1364 4672 deceat,
1419 4595 1540 4658 tiorum
1569 4594 1742 4677 generibus
1769 4595 1909 4675 speciem
1936 4616 2037 4659 unam
2059 4594 2292 4678 paradigmatis
2318 4595 2391 4662 loco

396 4679 452 4739 eos
478 4675 609 4739 foveant
636 4683 670 4740 et
697 4676 943 4759 amplectantur.
989 4676 1063 4757 Quo
1090 4677 1185 4742 modo
1213 4684 1246 4742 et
1273 4701 1366 4742 suam
1417 4681 1568 4762 proponi,
1598 4678 1640 4742 ad
1667 4700 1766 4759 quam
1786 4686 1932 4744 caeterae
1954 4681 2150 4760 referantur3
2178 4701 2251 4744 eam
2279 4688 2392 4747 autem

396 4759 462 4824 illis
490 4760 732 4826 observantiam
758 4762 909 4827 aliberis
930 4761 1040 4827 deberi
1064 4771 1139 4827 ante
1162 4763 1284 4828 dictum
1305 4771 1364 4829 est.
1417 4765 1623 4847 potissimum
1651 4763 1764 4847 deligi,
1797 4766 1831 4828 in
1859 4786 1924 4846 qua
1951 4767 2021 4829 vitii
2049 4766 2217 4850 turpitudo
2246 4768 2391 4832 maxime

396 4844 547 4909 Iuniores
565 4846 699 4911 senilem
721 4855 863 4913 aetatem
883 4857 1103 4924 revereantur,
1125 4856 1163 4912 ut
1183 4870 1256 4913 eam
1278 4857 1365 4913 aeta·
1417 4851 1566 4915 emineat.
1607 4847 1804 4930 Quanquam
1821 4849 2005 4933 generalius
2022 4853 2178 4917 extendere
2194 4854 2331 4918 convenit
2347 4853 2390 4919 ad

325 4989 339 5012 ,
396 4936 466 4995 tem
482 4930 706 4996 honorabilem
733 4954 804 4998 esse
825 4934 986 4998 Dominus
1007 4934 1117 4998 voluit
1163 4933 1266 4999 Senes
1287 4956 1365 5015 quo-
1417 4935 1592 4999 calamaios
1609 4940 1635 4998 et
1652 4936 1800 4998 circuires
1817 4937 2046 5014 obtrectationes,
2066 4938 2177 5019 quibus
2194 4939 2301 5018 iiiique
2315 4960 2390 5021 qra-

316 5034 321 5045 “
397 5035 459 5097 que
481 5015 660 5080 iuventutis
680 5018 934 5084 imbecillitatem
956 5040 1015 5084 sua
1035 5019 1223 5103 prudentia,
1249 5027 1282 5083 et
1303 5040 1365 5101 quo
1416 5026 1530 5084 cantur
1541 5021 1699 5101 proximi:
1721 5020 1796 5100 quio
1813 5022 1950 5085 lorensis
1968 5024 2146 5103 testimonii
2162 5023 2288 5089 falsitas
2303 5046 2390 5088 nun-

396 5101 502 5184 magis
523 5122 621 5182 quam
642 5101 691 5164 illi
712 5102 834 5183 pollent
854 5126 963 5168 rerum
981 5126 1043 5168 usu
1060 5104 1277 5182 moderentur,
1300 5126 1366 5168 non
1417 5128 1517 5187 quam
1537 5106 1677 5189 periurio
1699 5114 1794 5170 caret.
1831 5107 1991 5171 Periuriis
2012 5117 2128 5186 autem,
2151 5114 2303 5189 qaetciias
2323 5109 2390 5174 Dei

398 5187 522 5269 asperis
548 5186 760 5268 clamosisque
787 5189 1054 5255 insectationibus
1081 5211 1135 5256 eos
1157 5192 1364 5267 incessentes,
1417 5212 1526 5254 acmen
1541 5192 1713 5271 profanant
1734 5211 1770 5255 uu
1789 5193 1918 5271 violant,
1945 5193 1981 5256 in
2008 5193 2161 5258 mandato
2189 5195 2286 5258 tertio
2309 5195 2388 5258 satis

398 5271 455 5336 sed
483 5277 701 5352 temperantes
727 5275 877 5339 comitate
904 5297 942 5340 ac
969 5276 1122 5341 facilitate
1149 5277 1364 5341 severitatem.
1419 5284 1469 5339 est
1489 5277 1661 5341 obviatum.
1695 5275 1837 5341 Proinde
1857 5276 2004 5361 legitima
2024 5281 2188 5362 praecepti
2206 5280 2389 5345 observatio

399 5354 498 5422 Servi
517 5377 552 5420 se
574 5356 616 5420 ad
633 5355 820 5439 obsequium
839 5360 966 5426 sedulos
984 5368 1016 5426 et
1033 5362 1211 5447 morigeros
1229 5361 1367 5425 dominis
1419 5369 1481 5438 est,
1515 5369 1552 5424 ut
1576 5362 1691 5445 lingua
1717 5363 1753 5426 in
1781 5363 1957 5428 asserenda
1983 5365 2132 5443 veritate,
2165 5366 2390 5446 proximorum

398 5447 580 5524 praestent;
601 5463 706 5524 neque
726 5442 761 5507 id
782 5443 821 5507 ad
845 5446 989 5524 oculum,
1012 5446 1070 5512 sed
1091 5470 1133 5512 ex
1154 5447 1271 5526 animo,
1294 5453 1367 5509 tan-
1419 5453 1490 5510 tum
1506 5445 1609 5511 bonae
1625 5448 1739 5524 famae,
1762 5455 1832 5512 tum
1852 5448 2050 5514 utilitatibus
2067 5450 2194 5513 serviat
2228 5450 2390 5533 Aequitas

400 5546 498 5607 quam
517 5528 589 5591 Deo
610 5528 672 5610 ipsi
694 5527 880 5594 servientes.
925 5531 1005 5596 Heri
1026 5553 1153 5614 quoque
1174 5555 1241 5597 non
1261 5551 1367 5595 moro·
1418 5531 1612 5615 plusquam
1633 5534 1806 5600 manifesta
1826 5540 1884 5599 est.
1929 5534 2014 5599 Nam
2035 5534 2064 5597 si
2089 5534 2288 5616 quibuslibet
2314 5537 2389 5601 the-

401 5630 453 5674 sos
476 5630 510 5676 se
530 5621 564 5676 et
579 5612 800 5679 intractabiles
817 5635 895 5697 erga
912 5636 1023 5682 servos
1037 5626 1162 5701 gerant,
1184 5637 1252 5682 non
1274 5636 1366 5699 aspe-
1419 5619 1523 5683 sauris
1550 5620 1721 5701 pretiosius
1748 5628 1799 5685 est
1825 5640 1944 5684 nomen
1965 5619 2100 5697 bonum,
2129 5620 2233 5685 nihilo
2261 5622 2390 5689 minore
