<?xml version="1.0" encoding="UTF-8"?>
<!DOCTYPE html PUBLIC "-//W3C//DTD XHTML 1.0 Transitional//EN"
    "http://www.w3.org/TR/xhtml1/DTD/xhtml1-transitional.dtd">
<html xmlns="http://www.w3.org/1999/xhtml" xml:lang="en" lang="en">
 <head>
  <title>
</title>
<meta http-equiv="Content-Type" content="text/html;charset=utf-8" />
  <meta name='ocr-system' content='tesseract 3.04.00' />
  <meta name='ocr-capabilities' content='ocr_page ocr_carea ocr_par ocr_line ocrx_word'/>
</head>
<body>
  <div class='ocr_page' id='page_1' title='image "./ioanniscalvinio10calvgoog_0389.png"; bbox 0 0 5600 6809; ppageno 0'>
   <div class='ocr_carea' id='block_1_1' title="bbox 399 774 2412 847">
    <p class='ocr_par' dir='ltr' id='par_1_1' title="bbox 399 774 2412 847">
     <span class='ocr_line' id='line_1_1' title="bbox 399 774 2412 847; baseline 0.001 -4"><span class='ocrx_word' id='word_1_1' title='bbox 399 782 461 844; x_wconf 81' lang='lat'><strong>809</strong></span> <span class='ocrx_word' id='word_1_2' title='bbox 756 776 847 842; x_wconf 84' lang='lat' dir='ltr'><strong>LIB.</strong></span> <span class='ocrx_word' id='word_1_3' title='bbox 868 776 929 842; x_wconf 86' lang='lat' dir='ltr'><strong>IV.</strong></span> <span class='ocrx_word' id='word_1_4' title='bbox 975 775 1040 840; x_wconf 85' lang='lat' dir='ltr'><strong>DE</strong></span> <span class='ocrx_word' id='word_1_5' title='bbox 1063 774 1300 845; x_wconf 77' lang='lat' dir='ltr'><strong>EX&#39;PERNJS</strong></span> <span class='ocrx_word' id='word_1_6' title='bbox 1326 775 1494 842; x_wconf 80' lang='lat' dir='ltr'><strong>MEDIIS</strong></span> <span class='ocrx_word' id='word_1_7' title='bbox 1515 774 1582 842; x_wconf 82' lang='lat' dir='ltr'><strong>AD</strong></span> <span class='ocrx_word' id='word_1_8' title='bbox 1604 775 1835 844; x_wconf 67' lang='lat' dir='ltr'><strong>SALUTEM.</strong></span> <span class='ocrx_word' id='word_1_9' title='bbox 1880 776 1980 845; x_wconf 84' lang='lat' dir='ltr'><strong>CAP.</strong></span> <span class='ocrx_word' id='word_1_10' title='bbox 2003 777 2045 840; x_wconf 77' lang='lat' dir='ltr'><strong>V.</strong></span> <span class='ocrx_word' id='word_1_11' title='bbox 2347 785 2412 847; x_wconf 87' lang='lat'><strong>810</strong></span> 
     </span>
    </p>
   </div>
   <div class='ocr_carea' id='block_1_2' title="bbox 399 963 2412 2766">
    <p class='ocr_par' dir='ltr' id='par_1_2' title="bbox 399 963 2412 2163">
     <span class='ocr_line' id='line_1_2' title="bbox 400 963 2412 1050; baseline 0.001 -19"><span class='ocrx_word' id='word_1_12' title='bbox 400 967 486 1050; x_wconf 91' lang='lat' dir='ltr'><strong>quod</strong></span> <span class='ocrx_word' id='word_1_13' title='bbox 516 966 655 1031; x_wconf 87' lang='lat' dir='ltr'><strong>dabatur</strong></span> <span class='ocrx_word' id='word_1_14' title='bbox 684 976 720 1029; x_wconf 93' lang='lat' dir='ltr'><strong>ut</strong></span> <span class='ocrx_word' id='word_1_15' title='bbox 748 964 967 1031; x_wconf 77' lang='lat' dir='ltr'><strong>distribueret,</strong></span> <span class='ocrx_word' id='word_1_16' title='bbox 1012 967 1109 1032; x_wconf 91' lang='lat' dir='ltr'><strong>Nunc</strong></span> <span class='ocrx_word' id='word_1_17' title='bbox 1138 990 1179 1033; x_wconf 85' lang='lat' dir='ltr'><strong>ex</strong></span> <span class='ocrx_word' id='word_1_18' title='bbox 1201 966 1266 1032; x_wconf 91' lang='lat' dir='ltr'><strong>illis</strong></span> <span class='ocrx_word' id='word_1_19' title='bbox 1295 966 1379 1031; x_wconf 91' lang='lat' dir='ltr'><strong>elee-</strong></span> <span class='ocrx_word' id='word_1_20' title='bbox 1432 963 1508 1030; x_wconf 89' lang='lat' dir='ltr'><strong>Non</strong></span> <span class='ocrx_word' id='word_1_21' title='bbox 1525 966 1656 1042; x_wconf 86' lang='lat' dir='ltr'><strong>frustra,</strong></span> <span class='ocrx_word' id='word_1_22' title='bbox 1678 966 1838 1048; x_wconf 91' lang='lat' dir='ltr'><strong>inquiunt,</strong></span> <span class='ocrx_word' id='word_1_23' title='bbox 1858 965 1940 1030; x_wconf 89' lang='lat' dir='ltr'><strong>haec</strong></span> <span class='ocrx_word' id='word_1_24' title='bbox 1956 966 2050 1030; x_wconf 91' lang='lat' dir='ltr'><strong>Dcus</strong></span> <span class='ocrx_word' id='word_1_25' title='bbox 2069 966 2224 1031; x_wconf 88' lang='lat' dir='ltr'><strong>ecclesiae</strong></span> <span class='ocrx_word' id='word_1_26' title='bbox 2242 987 2320 1033; x_wconf 88' lang='lat' dir='ltr'><strong>suae</strong></span> <span class='ocrx_word' id='word_1_27' title='bbox 2337 990 2412 1050; x_wconf 89' lang='lat' dir='ltr'><strong>pro·</strong></span> 
     </span>
     <span class='ocr_line' id='line_1_3' title="bbox 399 1050 2411 1138; baseline 0.002 -22"><span class='ocrx_word' id='word_1_28' title='bbox 399 1053 548 1136; x_wconf 85' lang='lat' dir='ltr'><strong>mosynis</strong></span> <span class='ocrx_word' id='word_1_29' title='bbox 575 1052 680 1116; x_wconf 90' lang='lat' dir='ltr'>nihilo</span> <span class='ocrx_word' id='word_1_30' title='bbox 706 1053 780 1134; x_wconf 87' lang='lat' dir='ltr'><strong>plus</strong></span> <span class='ocrx_word' id='word_1_31' title='bbox 800 1053 950 1134; x_wconf 89' lang='lat' dir='ltr'><strong>pervenit</strong></span> <span class='ocrx_word' id='word_1_32' title='bbox 979 1051 1021 1116; x_wconf 90' lang='lat' dir='ltr'><strong>ad</strong></span> <span class='ocrx_word' id='word_1_33' title='bbox 1041 1074 1203 1138; x_wconf 87' lang='lat' dir='ltr'><strong>pauperes</strong></span> <span class='ocrx_word' id='word_1_34' title='bbox 1232 1053 1380 1134; x_wconf 90' lang='lat' dir='ltr'><strong>quamsi</strong></span> <span class='ocrx_word' id='word_1_35' title='bbox 1432 1052 1535 1115; x_wconf 83' lang='lat' dir='ltr'><strong>misit:</strong></span> <span class='ocrx_word' id='word_1_36' title='bbox 1566 1051 1702 1115; x_wconf 81' lang='lat' dir='ltr'><strong>venient</strong></span> <span class='ocrx_word' id='word_1_37' title='bbox 1729 1072 1837 1134; x_wconf 89' lang='lat' dir='ltr'><strong>reges,</strong></span> <span class='ocrx_word' id='word_1_38' title='bbox 1867 1050 2050 1115; x_wconf 89' lang='lat' dir='ltr'><strong>adorabunt</strong></span> <span class='ocrx_word' id='word_1_39' title='bbox 2077 1054 2112 1116; x_wconf 92' lang='lat' dir='ltr'><strong>in</strong></span> <span class='ocrx_word' id='word_1_40' title='bbox 2141 1063 2317 1135; x_wconf 89' lang='lat' dir='ltr'><strong>conspectu</strong></span> <span class='ocrx_word' id='word_1_41' title='bbox 2345 1062 2411 1134; x_wconf 90' lang='lat' dir='ltr'><strong>tuo,</strong></span> 
     </span>
     <span class='ocr_line' id='line_1_4' title="bbox 400 1137 2412 1223; baseline 0.001 -20"><span class='ocrx_word' id='word_1_42' title='bbox 400 1139 435 1203; x_wconf 92' lang='grc'><strong>111</strong></span> <span class='ocrx_word' id='word_1_43' title='bbox 458 1158 549 1202; x_wconf 88' lang='lat' dir='ltr'><strong>mare</strong></span> <span class='ocrx_word' id='word_1_44' title='bbox 571 1138 816 1220; x_wconf 87' lang='lat' dir='ltr'><strong>proiicerentur.</strong></span> <span class='ocrx_word' id='word_1_45' title='bbox 853 1137 993 1202; x_wconf 84' lang='lat' dir='ltr'><strong>Ludunt</strong></span> <span class='ocrx_word' id='word_1_46' title='bbox 1010 1159 1088 1223; x_wconf 87' lang='lat' dir='ltr'><strong>ergo</strong></span> <span class='ocrx_word' id='word_1_47' title='bbox 1111 1139 1282 1205; x_wconf 87' lang='lat' dir='ltr'><strong>ecelesiam</strong></span> <span class='ocrx_word' id='word_1_48' title='bbox 1304 1160 1380 1203; x_wconf 89' lang='lat' dir='ltr'><strong>eum</strong></span> <span class='ocrx_word' id='word_1_49' title='bbox 1433 1137 1495 1202; x_wconf 93' lang='lat' dir='ltr'><strong>tibi</strong></span> <span class='ocrx_word' id='word_1_50' title='bbox 1520 1137 1660 1201; x_wconf 89' lang='lat' dir='ltr'><strong>afferent</strong></span> <span class='ocrx_word' id='word_1_51' title='bbox 1686 1158 1840 1215; x_wconf 91' lang='lat' dir='ltr'><strong>munera;</strong></span> <span class='ocrx_word' id='word_1_52' title='bbox 1872 1158 2046 1220; x_wconf 91' lang='lat' dir='ltr'><strong>consurge,</strong></span> <span class='ocrx_word' id='word_1_53' title='bbox 2077 1159 2252 1222; x_wconf 85' lang='lat' dir='ltr'><strong>consurge,</strong></span> <span class='ocrx_word' id='word_1_54' title='bbox 2275 1139 2412 1205; x_wconf 91' lang='lat' dir='ltr'><strong>induere</strong></span> 
     </span>
     <span class='ocr_line' id='line_1_5' title="bbox 400 1220 2412 1308; baseline 0.001 -20"><span class='ocrx_word' id='word_1_55' title='bbox 400 1224 464 1288; x_wconf 81' lang='lat' dir='ltr'><strong>iste</strong></span> <span class='ocrx_word' id='word_1_56' title='bbox 490 1223 641 1290; x_wconf 76' lang='lat' dir='ltr'>mendaci</span> <span class='ocrx_word' id='word_1_57' title='bbox 659 1222 684 1307; x_wconf 91' lang='lat'><strong>¹)</strong></span> <span class='ocrx_word' id='word_1_58' title='bbox 719 1222 901 1289; x_wconf 77' lang='lat' dir='ltr'><strong>diacomtu.</strong></span> <span class='ocrx_word' id='word_1_59' title='bbox 953 1223 1052 1289; x_wconf 87' lang='lat' dir='ltr'><strong>Certe</strong></span> <span class='ocrx_word' id='word_1_60' title='bbox 1080 1225 1114 1288; x_wconf 90' lang='lat' dir='ltr'><strong>in</strong></span> <span class='ocrx_word' id='word_1_61' title='bbox 1143 1241 1181 1290; x_wconf 92' lang='lat' dir='ltr'><strong>ec</strong></span> <span class='ocrx_word' id='word_1_62' title='bbox 1214 1244 1275 1290; x_wconf 93' lang='lat' dir='ltr'><strong>nec</strong></span> <span class='ocrx_word' id='word_1_63' title='bbox 1304 1244 1380 1288; x_wconf 90' lang='lat' dir='ltr'><strong>cum</strong></span> <span class='ocrx_word' id='word_1_64' title='bbox 1433 1221 1625 1286; x_wconf 76' lang='lat' dir='ltr'><strong>fortitudine</strong></span> <span class='ocrx_word' id='word_1_65' title='bbox 1657 1229 1716 1286; x_wconf 91' lang='lat' dir='ltr'><strong>tua</strong></span> <span class='ocrx_word' id='word_1_66' title='bbox 1748 1220 1849 1301; x_wconf 81' lang='lat' dir='ltr'><strong>Sion,</strong></span> <span class='ocrx_word' id='word_1_67' title='bbox 1883 1220 2018 1287; x_wconf 89' lang='lat' dir='ltr'><strong>induere</strong></span> <span class='ocrx_word' id='word_1_68' title='bbox 2051 1224 2257 1288; x_wconf 86' lang='lat' dir='ltr'><strong>vestimentis</strong></span> <span class='ocrx_word' id='word_1_69' title='bbox 2288 1226 2412 1308; x_wconf 87' lang='lat' dir='ltr'><strong>gloriae</strong></span> 
     </span>
     <span class='ocr_line' id='line_1_6' title="bbox 402 1305 2412 1392; baseline 0.001 -19"><span class='ocrx_word' id='word_1_70' title='bbox 402 1310 576 1392; x_wconf 89' lang='lat' dir='ltr'><strong>apostolica</strong></span> <span class='ocrx_word' id='word_1_71' title='bbox 597 1309 819 1387; x_wconf 88' lang='lat' dir='ltr'><strong>institutione,</strong></span> <span class='ocrx_word' id='word_1_72' title='bbox 848 1330 908 1375; x_wconf 91' lang='lat' dir='ltr'><strong>nec</strong></span> <span class='ocrx_word' id='word_1_73' title='bbox 931 1331 1006 1374; x_wconf 92' lang='lat' dir='ltr'><strong>cum</strong></span> <span class='ocrx_word' id='word_1_74' title='bbox 1026 1311 1130 1375; x_wconf 86' lang='lat' dir='ltr'><strong>veteri</strong></span> <span class='ocrx_word' id='word_1_75' title='bbox 1153 1310 1380 1375; x_wconf 86' lang='lat' dir='ltr'><strong>observatione</strong></span> <span class='ocrx_word' id='word_1_76' title='bbox 1434 1314 1509 1373; x_wconf 92' lang='lat' dir='ltr'><strong>tuae</strong></span> <span class='ocrx_word' id='word_1_77' title='bbox 1530 1308 1711 1373; x_wconf 90' lang='lat' dir='ltr'><strong>Ierusalem</strong></span> <span class='ocrx_word' id='word_1_78' title='bbox 1718 1331 1726 1386; x_wconf 89' lang='grc'><strong>;</strong></span> <span class='ocrx_word' id='word_1_79' title='bbox 1748 1330 1862 1373; x_wconf 92' lang='lat' dir='ltr'><strong>omnes</strong></span> <span class='ocrx_word' id='word_1_80' title='bbox 1885 1308 1925 1373; x_wconf 89' lang='lat' dir='ltr'><strong>de</strong></span> <span class='ocrx_word' id='word_1_81' title='bbox 1947 1305 2036 1373; x_wconf 82' lang='lat' dir='ltr'><strong>Saba</strong></span> <span class='ocrx_word' id='word_1_82' title='bbox 2063 1310 2211 1387; x_wconf 85' lang='lat' dir='ltr'><strong>venient,</strong></span> <span class='ocrx_word' id='word_1_83' title='bbox 2239 1332 2356 1374; x_wconf 90' lang='lat' dir='ltr'><strong>aurum</strong></span> <span class='ocrx_word' id='word_1_84' title='bbox 2378 1320 2412 1375; x_wconf 93' lang='lat' dir='ltr'><strong>et</strong></span> 
     </span>
     <span class='ocr_line' id='line_1_7' title="bbox 401 1387 2410 1477; baseline 0.001 -17"><span class='ocrx_word' id='word_1_85' title='bbox 401 1395 507 1460; x_wconf 90' lang='lat' dir='ltr'><strong>simile</strong></span> <span class='ocrx_word' id='word_1_86' title='bbox 527 1393 693 1477; x_wconf 78' lang='lat' dir='ltr'><strong>quidpiam</strong></span> <span class='ocrx_word' id='word_1_87' title='bbox 715 1395 845 1460; x_wconf 91' lang='lat' dir='ltr'><strong>habent.</strong></span> <span class='ocrx_word' id='word_1_88' title='bbox 890 1396 1003 1477; x_wconf 83' lang='lat' dir='ltr'>Ipsam</span> <span class='ocrx_word' id='word_1_89' title='bbox 1024 1417 1103 1460; x_wconf 83' lang='lat' dir='ltr'><strong>vero</strong></span> <span class='ocrx_word' id='word_1_90' title='bbox 1131 1396 1292 1460; x_wconf 91' lang='lat' dir='ltr'><strong>bonorum</strong></span> <span class='ocrx_word' id='word_1_91' title='bbox 1315 1394 1380 1460; x_wconf 92' lang='lat' dir='ltr'><strong>dis·</strong></span> <span class='ocrx_word' id='word_1_92' title='bbox 1433 1393 1512 1459; x_wconf 90' lang='lat' dir='ltr'><strong>thus</strong></span> <span class='ocrx_word' id='word_1_93' title='bbox 1541 1393 1739 1471; x_wconf 88' lang='lat' dir='ltr'><strong>deferentes,</strong></span> <span class='ocrx_word' id='word_1_94' title='bbox 1774 1402 1807 1459; x_wconf 94' lang='lat' dir='ltr'><strong>et</strong></span> <span class='ocrx_word' id='word_1_95' title='bbox 1834 1393 1965 1459; x_wconf 90' lang='lat' dir='ltr'><strong>laudem</strong></span> <span class='ocrx_word' id='word_1_96' title='bbox 1990 1395 2135 1459; x_wconf 90' lang='lat' dir='ltr'><strong>Domino</strong></span> <span class='ocrx_word' id='word_1_97' title='bbox 2164 1387 2410 1476; x_wconf 76' lang='lat' dir='ltr'><strong>annuntiantes,</strong></span> 
     </span>
     <span class='ocr_line' id='line_1_8' title="bbox 401 1478 2410 1565; baseline 0 -20"><span class='ocrx_word' id='word_1_98' title='bbox 401 1483 627 1564; x_wconf 76' lang='lat' dir='ltr'><strong>pausationem</strong></span> <span class='ocrx_word' id='word_1_99' title='bbox 649 1482 711 1545; x_wconf 91' lang='lat' dir='ltr'><strong>alio</strong></span> <span class='ocrx_word' id='word_1_100' title='bbox 735 1480 990 1559; x_wconf 88' lang='lat' dir='ltr'><strong>transtulerunt,</strong></span> <span class='ocrx_word' id='word_1_101' title='bbox 1013 1482 1111 1545; x_wconf 91' lang='lat' dir='ltr'><strong>etita</strong></span> <span class='ocrx_word' id='word_1_102' title='bbox 1128 1487 1381 1565; x_wconf 88' lang='lat' dir='ltr'><strong>composuerunt</strong></span> <span class='ocrx_word' id='word_1_103' title='bbox 1433 1500 1530 1543; x_wconf 93' lang='lat' dir='ltr'><strong>omne</strong></span> <span class='ocrx_word' id='word_1_104' title='bbox 1552 1501 1650 1561; x_wconf 89' lang='lat' dir='ltr'><strong>pecus</strong></span> <span class='ocrx_word' id='word_1_105' title='bbox 1671 1478 1779 1544; x_wconf 90' lang='lat' dir='ltr'><strong>Cedar</strong></span> <span class='ocrx_word' id='word_1_106' title='bbox 1800 1479 2053 1563; x_wconf 77' lang='lat' dir='ltr'><strong>congregabitur</strong></span> <span class='ocrx_word' id='word_1_107' title='bbox 2075 1479 2134 1543; x_wconf 94' lang='lat' dir='ltr'><strong>tibi</strong></span> <span class='ocrx_word' id='word_1_108' title='bbox 2157 1480 2258 1561; x_wconf 86' lang='lat' dir='ltr'><strong>(Psal.</strong></span> <span class='ocrx_word' id='word_1_109' title='bbox 2284 1484 2333 1560; x_wconf 76' lang='lat'><strong>72,</strong></span> <span class='ocrx_word' id='word_1_110' title='bbox 2357 1488 2410 1561; x_wconf 88' lang='lat'><strong>10;</strong></span> 
     </span>
     <span class='ocr_line' id='line_1_9' title="bbox 401 1565 2411 1651; baseline 0.002 -21"><span class='ocrx_word' id='word_1_111' title='bbox 401 1575 440 1630; x_wconf 94' lang='lat' dir='ltr'><strong>ut</strong></span> <span class='ocrx_word' id='word_1_112' title='bbox 464 1566 548 1630; x_wconf 92' lang='lat' dir='ltr'><strong>nihil</strong></span> <span class='ocrx_word' id='word_1_113' title='bbox 575 1567 658 1650; x_wconf 88' lang='lat' dir='ltr'><strong>fingi</strong></span> <span class='ocrx_word' id='word_1_114' title='bbox 681 1579 780 1649; x_wconf 81' lang='lat' dir='ltr'><strong>queat</strong></span> <span class='ocrx_word' id='word_1_115' title='bbox 807 1567 913 1651; x_wconf 90' lang='lat' dir='ltr'><strong>magis</strong></span> <span class='ocrx_word' id='word_1_116' title='bbox 935 1565 1167 1632; x_wconf 91' lang='lat' dir='ltr'><strong>inordinatum.</strong></span> <span class='ocrx_word' id='word_1_117' title='bbox 1213 1566 1380 1647; x_wconf 91' lang='lat' dir='ltr'><strong>Quemad-</strong></span> <span class='ocrx_word' id='word_1_118' title='bbox 1433 1565 1495 1629; x_wconf 86' lang='grc'><strong>161.</strong></span> <span class='ocrx_word' id='word_1_119' title='bbox 1516 1568 1566 1643; x_wconf 76' lang='grc'><strong>52,</strong></span> <span class='ocrx_word' id='word_1_120' title='bbox 1589 1570 1601 1627; x_wconf 95' lang='lat' dir='ltr'><strong>l</strong></span> <span class='ocrx_word' id='word_1_121' title='bbox 1628 1574 1662 1629; x_wconf 89' lang='lat' dir='ltr'><strong>et</strong></span> <span class='ocrx_word' id='word_1_122' title='bbox 1682 1568 1732 1642; x_wconf 88' lang='lat'><strong>60,</strong></span> <span class='ocrx_word' id='word_1_123' title='bbox 1752 1568 1795 1648; x_wconf 81' lang='lat' dir='ltr'><strong>e).</strong></span> <span class='ocrx_word' id='word_1_124' title='bbox 1840 1566 1883 1631; x_wconf 90' lang='lat' dir='ltr'><strong>In</strong></span> <span class='ocrx_word' id='word_1_125' title='bbox 1900 1565 1961 1631; x_wconf 90' lang='lat' dir='ltr'><strong>hac</strong></span> <span class='ocrx_word' id='word_1_126' title='bbox 1983 1566 2191 1647; x_wconf 83' lang='lat' dir='ltr'><strong>improbitate</strong></span> <span class='ocrx_word' id='word_1_127' title='bbox 2213 1568 2411 1634; x_wconf 84' lang='lat' dir='ltr'><strong>confutanda</strong></span> 
     </span>
     <span class='ocr_line' id='line_1_10' title="bbox 399 1651 2410 1736; baseline 0 -20"><span class='ocrx_word' id='word_1_128' title='bbox 399 1652 536 1716; x_wconf 91' lang='lat' dir='ltr'><strong>modum</strong></span> <span class='ocrx_word' id='word_1_129' title='bbox 559 1654 646 1716; x_wconf 92' lang='lat' dir='ltr'><strong>enim</strong></span> <span class='ocrx_word' id='word_1_130' title='bbox 670 1652 813 1717; x_wconf 81' lang='lat' dir='ltr'><strong>latrones</strong></span> <span class='ocrx_word' id='word_1_131' title='bbox 835 1652 993 1734; x_wconf 85' lang='lat' dir='ltr'><strong>iugulatis</strong></span> <span class='ocrx_word' id='word_1_132' title='bbox 1015 1653 1202 1719; x_wconf 90' lang='lat' dir='ltr'><strong>hominibus</strong></span> <span class='ocrx_word' id='word_1_133' title='bbox 1224 1653 1380 1736; x_wconf 89' lang='lat' dir='ltr'><strong>praedam</strong></span> <span class='ocrx_word' id='word_1_134' title='bbox 1433 1651 1461 1715; x_wconf 93' lang='lat' dir='ltr'><strong>si</strong></span> <span class='ocrx_word' id='word_1_135' title='bbox 1482 1651 1623 1714; x_wconf 90' lang='lat' dir='ltr'><strong>multum</strong></span> <span class='ocrx_word' id='word_1_136' title='bbox 1645 1653 1805 1729; x_wconf 89' lang='lat' dir='ltr'><strong>insistam,</strong></span> <span class='ocrx_word' id='word_1_137' title='bbox 1828 1672 1943 1717; x_wconf 82' lang='lat' dir='ltr'><strong>vereor</strong></span> <span class='ocrx_word' id='word_1_138' title='bbox 1960 1672 2002 1715; x_wconf 91' lang='grc'><strong>116</strong></span> <span class='ocrx_word' id='word_1_139' title='bbox 2019 1651 2151 1734; x_wconf 89' lang='lat' dir='ltr'><strong>ineptus</strong></span> <span class='ocrx_word' id='word_1_140' title='bbox 2172 1653 2292 1717; x_wconf 86' lang='lat' dir='ltr'><strong>videar.</strong></span> <span class='ocrx_word' id='word_1_141' title='bbox 2327 1654 2410 1718; x_wconf 90' lang='lat' dir='ltr'><strong>Pro·</strong></span> 
     </span>
     <span class='ocr_line' id='line_1_11' title="bbox 400 1735 2410 1820; baseline 0 -18"><span class='ocrx_word' id='word_1_142' title='bbox 400 1739 488 1802; x_wconf 90' lang='lat' dir='ltr'><strong>inter</strong></span> <span class='ocrx_word' id='word_1_143' title='bbox 507 1760 542 1802; x_wconf 94' lang='lat' dir='ltr'><strong>se</strong></span> <span class='ocrx_word' id='word_1_144' title='bbox 565 1735 726 1815; x_wconf 75' lang='grc'><strong>(1111111111,</strong></span> <span class='ocrx_word' id='word_1_145' title='bbox 749 1738 798 1802; x_wconf 93' lang='lat' dir='ltr'><strong>ita</strong></span> <span class='ocrx_word' id='word_1_146' title='bbox 818 1737 970 1820; x_wconf 87' lang='lat' dir='ltr'><strong>istipost</strong></span> <span class='ocrx_word' id='word_1_147' title='bbox 987 1739 1187 1804; x_wconf 87' lang='lat' dir='ltr'><strong>exstinctum</strong></span> <span class='ocrx_word' id='word_1_148' title='bbox 1205 1737 1298 1804; x_wconf 84' lang='lat' dir='ltr'><strong>verbi</strong></span> <span class='ocrx_word' id='word_1_149' title='bbox 1315 1737 1380 1804; x_wconf 91' lang='lat' dir='ltr'><strong>Dei</strong></span> <span class='ocrx_word' id='word_1_150' title='bbox 1432 1736 1510 1801; x_wconf 91' lang='lat' dir='ltr'><strong>inde</strong></span> <span class='ocrx_word' id='word_1_151' title='bbox 1538 1737 1640 1801; x_wconf 85' lang='lat' dir='ltr'><strong>verba</strong></span> <span class='ocrx_word' id='word_1_152' title='bbox 1667 1746 1789 1801; x_wconf 90' lang='lat' dir='ltr'><strong>temere</strong></span> <span class='ocrx_word' id='word_1_153' title='bbox 1815 1736 1952 1819; x_wconf 84' lang='lat' dir='ltr'><strong>perdere</strong></span> <span class='ocrx_word' id='word_1_154' title='bbox 1979 1758 2045 1800; x_wconf 92' lang='lat' dir='ltr'><strong>uon</strong></span> <span class='ocrx_word' id='word_1_155' title='bbox 2073 1737 2160 1802; x_wconf 89' lang='lat' dir='ltr'><strong>libet.</strong></span> <span class='ocrx_word' id='word_1_156' title='bbox 2206 1736 2337 1818; x_wconf 79' lang='lat' dir='ltr'><strong>Quaero</strong></span> <span class='ocrx_word' id='word_1_157' title='bbox 2361 1747 2410 1803; x_wconf 86' lang='lat' dir='ltr'><strong>ta·</strong></span> 
     </span>
     <span class='ocr_line' id='line_1_12' title="bbox 401 1822 2408 1973; baseline 0.001 -87"><span class='ocrx_word' id='word_1_158' title='bbox 401 1824 530 1901; x_wconf 88' lang='lat' dir='ltr'><strong>lumen,</strong></span> <span class='ocrx_word' id='word_1_159' title='bbox 555 1823 650 1905; x_wconf 89' lang='lat' dir='ltr'><strong>quasi</strong></span> <span class='ocrx_word' id='word_1_160' title='bbox 675 1823 822 1973; x_wconf 55' lang='lat' dir='ltr'><strong>iug&#39;qlpta</strong></span> <span class='ocrx_word' id='word_1_161' title='bbox 840 1824 989 1900; x_wconf 89' lang='lat' dir='ltr'><strong>eeclesia,</strong></span> <span class='ocrx_word' id='word_1_162' title='bbox 1013 1832 1171 1906; x_wconf 90' lang='lat' dir='ltr'><strong>putarunt</strong></span> <span class='ocrx_word' id='word_1_163' title='bbox 1196 1825 1384 1907; x_wconf 85' lang='lat' dir='ltr'><strong>expositum</strong></span> <span class='ocrx_word' id='word_1_164' title='bbox 1431 1843 1524 1899; x_wconf 91' lang='lat' dir='ltr'><strong>men,</strong></span> <span class='ocrx_word' id='word_1_165' title='bbox 1554 1823 1583 1886; x_wconf 91' lang='lat' dir='ltr'><strong>si</strong></span> <span class='ocrx_word' id='word_1_166' title='bbox 1610 1823 1694 1904; x_wconf 91' lang='lat' dir='ltr'><strong>quis.</strong></span> <span class='ocrx_word' id='word_1_167' title='bbox 1711 1822 1855 1887; x_wconf 90' lang='lat' dir='ltr'><strong>Iudaeus</strong></span> <span class='ocrx_word' id='word_1_168' title='bbox 1882 1824 1955 1888; x_wconf 90' lang='lat' dir='ltr'><strong>istis</strong></span> <span class='ocrx_word' id='word_1_169' title='bbox 1985 1824 2178 1888; x_wconf 84' lang='lat' dir='ltr'><strong>testimoniis</strong></span> <span class='ocrx_word' id='word_1_170' title='bbox 2207 1823 2408 1903; x_wconf 86' lang='lat' dir='ltr'><strong>abuteretur,</strong></span> 
     </span>
     <span class='ocr_line' id='line_1_13' title="bbox 400 1907 2410 1993; baseline 0 -19"><span class='ocrx_word' id='word_1_171' title='bbox 400 1930 472 1974; x_wconf 91' lang='lat' dir='ltr'><strong>esse</strong></span> <span class='ocrx_word' id='word_1_172' title='bbox 494 1907 633 1990; x_wconf 85' lang='lat' dir='ltr'><strong>praedae</strong></span> <span class='ocrx_word' id='word_1_173' title='bbox 651 1930 688 1973; x_wconf 90' lang='lat' dir='ltr'><strong>ac</strong></span> <span class='ocrx_word' id='word_1_174' title='bbox 733 1910 739 1923; x_wconf 93' lang='lat'>&#39;</span> <span class='ocrx_word' id='word_1_175' title='bbox 778 1909 893 1992; x_wconf 90' lang='lat' dir='ltr'><strong>ptioni,</strong></span> <span class='ocrx_word' id='word_1_176' title='bbox 912 1907 1068 1992; x_wconf 91' lang='lat' dir='ltr'><strong>quidquid</strong></span> <span class='ocrx_word' id='word_1_177' title='bbox 1089 1912 1125 1975; x_wconf 92' lang='lat' dir='ltr'><strong>in</strong></span> <span class='ocrx_word' id='word_1_178' title='bbox 1148 1920 1276 1976; x_wconf 90' lang='lat' dir='ltr'><strong>sanctos</strong></span> <span class='ocrx_word' id='word_1_179' title='bbox 1298 1932 1380 1975; x_wconf 94' lang='lat' dir='ltr'><strong>usus</strong></span> <span class='ocrx_word' id='word_1_180' title='bbox 1433 1929 1532 1990; x_wconf 90' lang='lat' dir='ltr'><strong>quam</strong></span> <span class='ocrx_word' id='word_1_181' title='bbox 1554 1908 1749 1973; x_wconf 89' lang='lat' dir='ltr'><strong>solutionem</strong></span> <span class='ocrx_word' id='word_1_182' title='bbox 1777 1908 1884 1989; x_wconf 85' lang='lat' dir='ltr'><strong>daturi</strong></span> <span class='ocrx_word' id='word_1_183' title='bbox 1913 1908 2045 1973; x_wconf 85' lang='lat' dir='ltr'><strong>esseut?</strong></span> <span class='ocrx_word' id='word_1_184' title='bbox 2079 1910 2205 1993; x_wconf 91' lang='lat' dir='ltr'><strong>Nempe</strong></span> <span class='ocrx_word' id='word_1_185' title='bbox 2232 1911 2410 1991; x_wconf 86' lang='lat' dir='ltr'><strong>reprehen-</strong></span> 
     </span>
     <span class='ocr_line' id='line_1_14' title="bbox 401 1993 2409 2086; baseline 0 -27"><span class='ocrx_word' id='word_1_186' title='bbox 401 1994 544 2060; x_wconf 89' lang='lat' dir='ltr'><strong>dicatum</strong></span> <span class='ocrx_word' id='word_1_187' title='bbox 571 2003 650 2058; x_wconf 89' lang='lat' dir='ltr'><strong>erat.</strong></span> <span class='ocrx_word' id='word_1_188' title='bbox 695 1995 811 2076; x_wconf 86' lang='lat' dir='ltr'><strong>Itaque</strong></span> <span class='ocrx_word' id='word_1_189' title='bbox 840 1995 927 2060; x_wconf 85' lang='lat' dir='ltr'><strong>facta</strong></span> <span class='ocrx_word' id='word_1_190' title='bbox 954 1995 1111 2061; x_wconf 86' lang='lat' dir='ltr'><strong>divisione</strong></span> <span class='ocrx_word' id='word_1_191' title='bbox 1140 1997 1250 2079; x_wconf 91' lang='lat' dir='ltr'><strong>rapuit</strong></span> <span class='ocrx_word' id='word_1_192' title='bbox 1276 1996 1317 2060; x_wconf 88' lang='lat' dir='ltr'><strong>ad</strong></span> <span class='ocrx_word' id='word_1_193' title='bbox 1344 2017 1380 2060; x_wconf 91' lang='lat' dir='ltr'><strong>se</strong></span> <span class='ocrx_word' id='word_1_194' title='bbox 1432 1993 1549 2086; x_wconf 77' lang='lat' dir='ltr'><strong>dorent</strong></span> <span class='ocrx_word' id='word_1_195' title='bbox 1567 1995 1636 2058; x_wconf 89' lang='lat' dir='ltr'><strong>eius</strong></span> <span class='ocrx_word' id='word_1_196' title='bbox 1652 2003 1827 2075; x_wconf 84' lang='lat' dir='ltr'><strong>stuporem,</strong></span> <span class='ocrx_word' id='word_1_197' title='bbox 1845 1994 1932 2077; x_wconf 92' lang='lat' dir='ltr'><strong>quod</strong></span> <span class='ocrx_word' id='word_1_198' title='bbox 1948 2016 2031 2076; x_wconf 90' lang='lat' dir='ltr'><strong>quae</strong></span> <span class='ocrx_word' id='word_1_199' title='bbox 2048 1994 2088 2058; x_wconf 93' lang='lat' dir='ltr'><strong>de</strong></span> <span class='ocrx_word' id='word_1_200' title='bbox 2106 1995 2268 2077; x_wconf 89' lang='lat' dir='ltr'><strong>spirituali</strong></span> <span class='ocrx_word' id='word_1_201' title='bbox 2285 1995 2409 2061; x_wconf 80' lang='lat' dir='ltr'><strong>Christi</strong></span> 
     </span>
     <span class='ocr_line' id='line_1_15' title="bbox 400 2079 2410 2163; baseline 0 -19"><span class='ocrx_word' id='word_1_202' title='bbox 400 2081 536 2162; x_wconf 89' lang='lat' dir='ltr'><strong>quisque</strong></span> <span class='ocrx_word' id='word_1_203' title='bbox 557 2090 716 2162; x_wconf 91' lang='lat' dir='ltr'><strong>quantum</strong></span> <span class='ocrx_word' id='word_1_204' title='bbox 737 2080 852 2163; x_wconf 73' lang='lat' dir='ltr'><strong>potirit.</strong></span> <span class='ocrx_word' id='word_1_205' title='bbox 1106 2138 1109 2142; x_wconf 88' lang='lat'>.</span> <span class='ocrx_word' id='word_1_206' title='bbox 1431 2101 1534 2162; x_wconf 83' lang='lat' dir='ltr'><strong>reguo</strong></span> <span class='ocrx_word' id='word_1_207' title='bbox 1561 2079 1774 2161; x_wconf 84' lang='lat' dir='ltr'><strong>spiritualiter</strong></span> <span class='ocrx_word' id='word_1_208' title='bbox 1803 2079 1890 2145; x_wconf 82' lang='lat' dir='ltr'><strong>dieta</strong></span> <span class='ocrx_word' id='word_1_209' title='bbox 1917 2090 2008 2157; x_wconf 89' lang='lat' dir='ltr'><strong>sunt,</strong></span> <span class='ocrx_word' id='word_1_210' title='bbox 2038 2081 2080 2145; x_wconf 90' lang='lat' dir='ltr'><strong>ad</strong></span> <span class='ocrx_word' id='word_1_211' title='bbox 2101 2101 2234 2145; x_wconf 86' lang='lat' dir='ltr'><strong>earnem</strong></span> <span class='ocrx_word' id='word_1_212' title='bbox 2260 2090 2294 2144; x_wconf 90' lang='lat' dir='ltr'><strong>et</strong></span> <span class='ocrx_word' id='word_1_213' title='bbox 2313 2103 2410 2145; x_wconf 91' lang='lat' dir='ltr'><strong>mun·</strong></span> 
     </span>
    </p>

    <p class='ocr_par' dir='ltr' id='par_1_3' title="bbox 401 2163 2409 2766">
     <span class='ocr_line' id='line_1_16' title="bbox 491 2163 2409 2250; baseline 0.002 -22"><span class='ocrx_word' id='word_1_214' title='bbox 491 2168 537 2228; x_wconf 90' lang='grc'><strong>16.</strong></span> <span class='ocrx_word' id='word_1_215' title='bbox 582 2165 648 2231; x_wconf 90' lang='grc' dir='ltr'><strong>Η16</strong></span> <span class='ocrx_word' id='word_1_216' title='bbox 676 2173 763 2230; x_wconf 90' lang='grc'><strong>16116</strong></span> <span class='ocrx_word' id='word_1_217' title='bbox 789 2166 865 2230; x_wconf 89' lang='lat' dir='ltr'><strong>illae</strong></span> <span class='ocrx_word' id='word_1_218' title='bbox 887 2174 1014 2232; x_wconf 91' lang='lat' dir='ltr'><strong>veteres</strong></span> <span class='ocrx_word' id='word_1_219' title='bbox 1042 2168 1193 2246; x_wconf 88' lang='lat' dir='ltr'><strong>rationes,</strong></span> <span class='ocrx_word' id='word_1_220' title='bbox 1218 2188 1299 2250; x_wconf 88' lang='lat' dir='ltr'><strong>quas</strong></span> <span class='ocrx_word' id='word_1_221' title='bbox 1321 2184 1379 2231; x_wconf 86' lang='lat' dir='ltr'><strong>ex·</strong></span> <span class='ocrx_word' id='word_1_222' title='bbox 1432 2163 1512 2229; x_wconf 92' lang='lat' dir='ltr'><strong>dum</strong></span> <span class='ocrx_word' id='word_1_223' title='bbox 1533 2166 1734 2231; x_wconf 87' lang='lat' dir='ltr'><strong>transferret.</strong></span> <span class='ocrx_word' id='word_1_224' title='bbox 1779 2164 1910 2231; x_wconf 82' lang='lat' dir='ltr'><strong>Scimus</strong></span> <span class='ocrx_word' id='word_1_225' title='bbox 1932 2167 2019 2230; x_wconf 91' lang='lat' dir='ltr'><strong>enim</strong></span> <span class='ocrx_word' id='word_1_226' title='bbox 2040 2166 2216 2250; x_wconf 88' lang='lat' dir='ltr'><strong>prophetas</strong></span> <span class='ocrx_word' id='word_1_227' title='bbox 2244 2167 2304 2231; x_wconf 91' lang='lat' dir='ltr'><strong>sub</strong></span> <span class='ocrx_word' id='word_1_228' title='bbox 2327 2168 2409 2232; x_wconf 91' lang='lat' dir='ltr'><strong>ima·</strong></span> 
     </span>
     <span class='ocr_line' id='line_1_17' title="bbox 401 2251 2409 2337; baseline 0 -21"><span class='ocrx_word' id='word_1_229' title='bbox 401 2251 583 2334; x_wconf 90' lang='lat' dir='ltr'><strong>posuimus,</strong></span> <span class='ocrx_word' id='word_1_230' title='bbox 612 2273 678 2316; x_wconf 94' lang='lat' dir='ltr'><strong>non</strong></span> <span class='ocrx_word' id='word_1_231' title='bbox 707 2258 838 2316; x_wconf 87' lang='lat' dir='ltr'><strong>tantum</strong></span> <span class='ocrx_word' id='word_1_232' title='bbox 865 2252 1092 2330; x_wconf 87' lang='lat' dir='ltr'><strong>conturbatae,</strong></span> <span class='ocrx_word' id='word_1_233' title='bbox 1122 2253 1180 2317; x_wconf 91' lang='lat' dir='ltr'><strong>sed</strong></span> <span class='ocrx_word' id='word_1_234' title='bbox 1201 2257 1336 2337; x_wconf 86' lang='lat' dir='ltr'><strong>prorsus</strong></span> <span class='ocrx_word' id='word_1_235' title='bbox 1349 2256 1379 2336; x_wconf 81' lang='lat'><strong>²)</strong></span> <span class='ocrx_word' id='word_1_236' title='bbox 1431 2251 1507 2334; x_wconf 86' lang='lat' dir='ltr'><strong>gine</strong></span> <span class='ocrx_word' id='word_1_237' title='bbox 1524 2273 1634 2315; x_wconf 89' lang='lat' dir='ltr'><strong>rerum</strong></span> <span class='ocrx_word' id='word_1_238' title='bbox 1653 2251 1868 2330; x_wconf 90' lang='lat' dir='ltr'><strong>terrestrium,</strong></span> <span class='ocrx_word' id='word_1_239' title='bbox 1887 2251 2060 2316; x_wconf 90' lang='lat' dir='ltr'><strong>coelestem</strong></span> <span class='ocrx_word' id='word_1_240' title='bbox 2077 2252 2141 2316; x_wconf 88' lang='lat' dir='ltr'><strong>Dei</strong></span> <span class='ocrx_word' id='word_1_241' title='bbox 2160 2252 2306 2336; x_wconf 87' lang='lat' dir='ltr'><strong>gloriam,</strong></span> <span class='ocrx_word' id='word_1_242' title='bbox 2326 2272 2409 2335; x_wconf 91' lang='lat' dir='ltr'><strong>quae</strong></span> 
     </span>
     <span class='ocr_line' id='line_1_18' title="bbox 402 2335 2409 2421; baseline 0 -20"><span class='ocrx_word' id='word_1_243' title='bbox 402 2346 585 2419; x_wconf 81' lang='lat' dir='ltr'><strong>expunctae</strong></span> <span class='ocrx_word' id='word_1_244' title='bbox 619 2344 652 2401; x_wconf 91' lang='lat' dir='ltr'><strong>et</strong></span> <span class='ocrx_word' id='word_1_245' title='bbox 684 2337 837 2402; x_wconf 81' lang='lat' dir='ltr'><strong>inductae</strong></span> <span class='ocrx_word' id='word_1_246' title='bbox 870 2344 957 2403; x_wconf 88' lang='lat' dir='ltr'><strong>sunt.</strong></span> <span class='ocrx_word' id='word_1_247' title='bbox 1009 2338 1219 2404; x_wconf 87' lang='lat' dir='ltr'><strong>Potissimum</strong></span> <span class='ocrx_word' id='word_1_248' title='bbox 1250 2346 1380 2421; x_wconf 88' lang='lat' dir='ltr'><strong>partem</strong></span> <span class='ocrx_word' id='word_1_249' title='bbox 1430 2336 1540 2401; x_wconf 92' lang='lat' dir='ltr'><strong>lucere</strong></span> <span class='ocrx_word' id='word_1_250' title='bbox 1562 2338 1597 2400; x_wconf 90' lang='lat' dir='ltr'><strong>in</strong></span> <span class='ocrx_word' id='word_1_251' title='bbox 1620 2337 1755 2402; x_wconf 86' lang='lat' dir='ltr'><strong>ccclesia</strong></span> <span class='ocrx_word' id='word_1_252' title='bbox 1776 2338 1880 2416; x_wconf 91' lang='lat' dir='ltr'><strong>debet,</strong></span> <span class='ocrx_word' id='word_1_253' title='bbox 1903 2335 1997 2401; x_wconf 90' lang='lat' dir='ltr'><strong>nobis</strong></span> <span class='ocrx_word' id='word_1_254' title='bbox 2017 2336 2205 2402; x_wconf 88' lang='lat' dir='ltr'><strong>delineasse.</strong></span> <span class='ocrx_word' id='word_1_255' title='bbox 2239 2338 2303 2402; x_wconf 92' lang='lat' dir='ltr'><strong>His</strong></span> <span class='ocrx_word' id='word_1_256' title='bbox 2321 2340 2409 2403; x_wconf 91' lang='lat' dir='ltr'><strong>enim</strong></span> 
     </span>
     <span class='ocr_line' id='line_1_19' title="bbox 404 2420 2409 2507; baseline 0.001 -21"><span class='ocrx_word' id='word_1_257' title='bbox 404 2423 546 2505; x_wconf 88' lang='lat' dir='ltr'><strong>episcopi</strong></span> <span class='ocrx_word' id='word_1_258' title='bbox 573 2423 811 2506; x_wconf 84' lang='lat' dir='ltr'><strong>etpresbyteri</strong></span> <span class='ocrx_word' id='word_1_259' title='bbox 833 2424 966 2502; x_wconf 89' lang='lat' dir='ltr'><strong>urbani,</strong></span> <span class='ocrx_word' id='word_1_260' title='bbox 995 2425 1049 2506; x_wconf 92' lang='lat' dir='ltr'><strong>qui</strong></span> <span class='ocrx_word' id='word_1_261' title='bbox 1076 2425 1154 2489; x_wconf 86' lang='lat' dir='ltr'><strong>laeti</strong></span> <span class='ocrx_word' id='word_1_262' title='bbox 1176 2425 1237 2488; x_wconf 90' lang='lat' dir='ltr'><strong>hac</strong></span> <span class='ocrx_word' id='word_1_263' title='bbox 1258 2425 1380 2507; x_wconf 87' lang='lat' dir='ltr'><strong>praeda</strong></span> <span class='ocrx_word' id='word_1_264' title='bbox 1430 2420 1720 2502; x_wconf 77' lang='lat' dir='ltr'><strong>benedictionibus,</strong></span> <span class='ocrx_word' id='word_1_265' title='bbox 1742 2445 1823 2505; x_wconf 88' lang='lat' dir='ltr'><strong>quas</strong></span> <span class='ocrx_word' id='word_1_266' title='bbox 1845 2424 2036 2506; x_wconf 86' lang='lat' dir='ltr'><strong>exprimunt</strong></span> <span class='ocrx_word' id='word_1_267' title='bbox 2057 2445 2170 2487; x_wconf 90' lang='lat' dir='ltr'><strong>eorum</strong></span> <span class='ocrx_word' id='word_1_268' title='bbox 2191 2424 2300 2501; x_wconf 82' lang='lat' dir='ltr'><strong>verba,</strong></span> <span class='ocrx_word' id='word_1_269' title='bbox 2323 2447 2409 2488; x_wconf 88' lang='lat' dir='ltr'><strong>nun·</strong></span> 
     </span>
     <span class='ocr_line' id='line_1_20' title="bbox 404 2506 2408 2592; baseline 0.002 -21"><span class='ocrx_word' id='word_1_270' title='bbox 404 2506 523 2571; x_wconf 84' lang='lat' dir='ltr'><strong>divites</strong></span> <span class='ocrx_word' id='word_1_271' title='bbox 545 2509 632 2572; x_wconf 88' lang='lat' dir='ltr'><strong>versi</strong></span> <span class='ocrx_word' id='word_1_272' title='bbox 652 2509 780 2573; x_wconf 89' lang='lat' dir='ltr'><strong>suntin</strong></span> <span class='ocrx_word' id='word_1_273' title='bbox 802 2510 983 2587; x_wconf 84' lang='grc'><strong>6116111666,</strong></span> <span class='ocrx_word' id='word_1_274' title='bbox 1005 2510 1104 2573; x_wconf 77' lang='grc'><strong>111161</strong></span> <span class='ocrx_word' id='word_1_275' title='bbox 1111 2532 1145 2575; x_wconf 89' lang='grc'><strong>16</strong></span> <span class='ocrx_word' id='word_1_276' title='bbox 1164 2509 1378 2592; x_wconf 89' lang='lat' dir='ltr'><strong>diripuerunt.</strong></span> <span class='ocrx_word' id='word_1_277' title='bbox 1430 2529 1528 2589; x_wconf 90' lang='lat' dir='ltr'><strong>quam</strong></span> <span class='ocrx_word' id='word_1_278' title='bbox 1550 2508 1660 2571; x_wconf 88' lang='lat' dir='ltr'><strong>minus</strong></span> <span class='ocrx_word' id='word_1_279' title='bbox 1678 2506 1858 2573; x_wconf 87' lang='lat' dir='ltr'><strong>abundavit</strong></span> <span class='ocrx_word' id='word_1_280' title='bbox 1880 2509 2024 2584; x_wconf 89' lang='lat' dir='ltr'><strong>eeclesia,</strong></span> <span class='ocrx_word' id='word_1_281' title='bbox 2043 2530 2141 2591; x_wconf 87' lang='lat' dir='ltr'><strong>quam</strong></span> <span class='ocrx_word' id='word_1_282' title='bbox 2160 2509 2220 2574; x_wconf 89' lang='lat' dir='ltr'><strong>sub</strong></span> <span class='ocrx_word' id='word_1_283' title='bbox 2238 2510 2408 2591; x_wconf 70' lang='lat' dir='ltr'><strong>apostolis&lt;</strong></span> 
     </span>
     <span class='ocr_line' id='line_1_21' title="bbox 404 2593 2409 2678; baseline 0.001 -20"><span class='ocrx_word' id='word_1_284' title='bbox 404 2593 622 2658; x_wconf 90' lang='lat' dir='ltr'><strong>Partitionem</strong></span> <span class='ocrx_word' id='word_1_285' title='bbox 649 2604 761 2657; x_wconf 88' lang='lat' dir='ltr'><strong>tamen</strong></span> <span class='ocrx_word' id='word_1_286' title='bbox 788 2594 888 2659; x_wconf 86' lang='lat' dir='ltr'><strong>fuisse</strong></span> <span class='ocrx_word' id='word_1_287' title='bbox 915 2596 1164 2660; x_wconf 87' lang='lat' dir='ltr'><strong>tumultuariam</strong></span> <span class='ocrx_word' id='word_1_288' title='bbox 1192 2618 1233 2659; x_wconf 83' lang='lat' dir='ltr'><strong>ex</strong></span> <span class='ocrx_word' id='word_1_289' title='bbox 1261 2616 1300 2661; x_wconf 94' lang='lat' dir='ltr'><strong>eo</strong></span> <span class='ocrx_word' id='word_1_290' title='bbox 1322 2617 1378 2678; x_wconf 89' lang='lat' dir='ltr'><strong>ap·</strong></span> <span class='ocrx_word' id='word_1_291' title='bbox 1431 2601 1465 2656; x_wconf 89' lang='lat' dir='ltr'><strong>et</strong></span> <span class='ocrx_word' id='word_1_292' title='bbox 1486 2602 1598 2657; x_wconf 89' lang='lat' dir='ltr'><strong>tamen</strong></span> <span class='ocrx_word' id='word_1_293' title='bbox 1621 2595 1689 2656; x_wconf 90' lang='lat' dir='ltr'><strong>vim</strong></span> <span class='ocrx_word' id='word_1_294' title='bbox 1710 2595 1804 2676; x_wconf 85' lang='lat' dir='ltr'><strong>regni</strong></span> <span class='ocrx_word' id='word_1_295' title='bbox 1826 2594 1952 2658; x_wconf 82' lang='lat' dir='ltr'><strong>Christi</strong></span> <span class='ocrx_word' id='word_1_296' title='bbox 1970 2604 2049 2659; x_wconf 90' lang='lat' dir='ltr'><strong>tune</strong></span> <span class='ocrx_word' id='word_1_297' title='bbox 2067 2595 2210 2658; x_wconf 83' lang='lat' dir='ltr'><strong>maxime</strong></span> <span class='ocrx_word' id='word_1_298' title='bbox 2230 2595 2409 2660; x_wconf 87' lang='lat' dir='ltr'><strong>effloruisse</strong></span> 
     </span>
     <span class='ocr_line' id='line_1_22' title="bbox 404 2678 2409 2766; baseline 0.002 -25"><span class='ocrx_word' id='word_1_299' title='bbox 404 2689 507 2761; x_wconf 87' lang='lat' dir='ltr'><strong>paret,</strong></span> <span class='ocrx_word' id='word_1_300' title='bbox 530 2679 615 2761; x_wconf 92' lang='lat' dir='ltr'><strong>quod</strong></span> <span class='ocrx_word' id='word_1_301' title='bbox 634 2678 675 2744; x_wconf 93' lang='lat' dir='ltr'><strong>de</strong></span> <span class='ocrx_word' id='word_1_302' title='bbox 695 2679 816 2744; x_wconf 89' lang='lat' dir='ltr'><strong>finibus</strong></span> <span class='ocrx_word' id='word_1_303' title='bbox 838 2680 986 2746; x_wconf 93' lang='lat' dir='ltr'><strong>adhunc</strong></span> <span class='ocrx_word' id='word_1_304' title='bbox 1007 2702 1111 2764; x_wconf 92' lang='lat' dir='ltr'><strong>usque</strong></span> <span class='ocrx_word' id='word_1_305' title='bbox 1129 2681 1217 2746; x_wconf 91' lang='lat' dir='ltr'><strong>diem</strong></span> <span class='ocrx_word' id='word_1_306' title='bbox 1238 2682 1376 2766; x_wconf 82' lang='lat' dir='ltr'><strong>litigant</strong></span> <span class='ocrx_word' id='word_1_307' title='bbox 1430 2698 1544 2742; x_wconf 91' lang='lat' dir='ltr'><strong>omnes</strong></span> <span class='ocrx_word' id='word_1_308' title='bbox 1572 2678 1725 2742; x_wconf 73' lang='lat' dir='ltr'><strong>fatentur</strong></span> <span class='ocrx_word' id='word_1_309' title='bbox 1777 2679 1866 2760; x_wconf 92' lang='lat' dir='ltr'><strong>Quid</strong></span> <span class='ocrx_word' id='word_1_310' title='bbox 1894 2701 1973 2764; x_wconf 89' lang='lat' dir='ltr'><strong>ergo</strong></span> <span class='ocrx_word' id='word_1_311' title='bbox 2003 2680 2066 2744; x_wconf 91' lang='lat' dir='ltr'><strong>sibi</strong></span> <span class='ocrx_word' id='word_1_312' title='bbox 2087 2680 2205 2745; x_wconf 87' lang='lat' dir='ltr'><strong>volunt</strong></span> <span class='ocrx_word' id='word_1_313' title='bbox 2232 2680 2307 2745; x_wconf 90' lang='lat' dir='ltr'><strong>illae</strong></span> <span class='ocrx_word' id='word_1_314' title='bbox 2335 2703 2409 2745; x_wconf 91' lang='lat' dir='ltr'><strong>sen-</strong></span> 
     </span>
    </p>
   </div>
   <div class='ocr_carea' id='block_1_3' title="bbox 297 2762 2408 2849">
    <p class='ocr_par' dir='ltr' id='par_1_4' title="bbox 297 2762 2408 2849">
     <span class='ocr_line' id='line_1_23' title="bbox 297 2762 2408 2849; baseline 0.001 -21"><span class='ocrx_word' id='word_1_315' title='bbox 297 2798 306 2809; x_wconf 52' lang='lat'><strong><em>‘</em></strong></span> <span class='ocrx_word' id='word_1_316' title='bbox 404 2763 573 2846; x_wconf 78' lang='lat' dir='ltr'><strong>Quidquid</strong></span> <span class='ocrx_word' id='word_1_317' title='bbox 595 2765 652 2843; x_wconf 91' lang='lat' dir='ltr'><strong>sit,</strong></span> <span class='ocrx_word' id='word_1_318' title='bbox 674 2764 737 2828; x_wconf 89' lang='lat' dir='ltr'><strong>hae</strong></span> <span class='ocrx_word' id='word_1_319' title='bbox 759 2764 920 2830; x_wconf 90' lang='lat' dir='ltr'><strong>decisione</strong></span> <span class='ocrx_word' id='word_1_320' title='bbox 942 2769 1112 2849; x_wconf 85' lang='lat' dir='ltr'><strong>provisum</strong></span> <span class='ocrx_word' id='word_1_321' title='bbox 1134 2776 1243 2832; x_wconf 89' lang='lat' dir='ltr'><strong>estne</strong></span> <span class='ocrx_word' id='word_1_322' title='bbox 1265 2768 1397 2832; x_wconf 86' lang='lat' dir='ltr'><strong>obolus.</strong></span> <span class='ocrx_word' id='word_1_323' title='bbox 1430 2762 1575 2828; x_wconf 81' lang='lat' dir='ltr'><strong>tentiae?</strong></span> <span class='ocrx_word' id='word_1_324' title='bbox 1621 2763 1787 2847; x_wconf 79' lang='lat' dir='ltr'><strong>Quidquid</strong></span> <span class='ocrx_word' id='word_1_325' title='bbox 1816 2765 2022 2846; x_wconf 84' lang='lat' dir='ltr'><strong>uspiamest</strong></span> <span class='ocrx_word' id='word_1_326' title='bbox 2044 2768 2236 2848; x_wconf 90' lang='lat' dir='ltr'><strong>pretiosum,</strong></span> <span class='ocrx_word' id='word_1_327' title='bbox 2260 2767 2408 2846; x_wconf 90' lang='lat' dir='ltr'><strong>sublime,</strong></span> 
     </span>
    </p>
   </div>
   <div class='ocr_carea' id='block_1_4' title="bbox 398 2848 2494 4905">
    <p class='ocr_par' dir='ltr' id='par_1_5' title="bbox 398 2848 2494 4905">
     <span class='ocr_line' id='line_1_24' title="bbox 401 2848 2411 2935; baseline 0.001 -21"><span class='ocrx_word' id='word_1_328' title='bbox 401 2871 488 2914; x_wconf 89' lang='lat' dir='ltr'><strong>unus</strong></span> <span class='ocrx_word' id='word_1_329' title='bbox 515 2871 557 2915; x_wconf 86' lang='grc'><strong>611</strong></span> <span class='ocrx_word' id='word_1_330' title='bbox 583 2848 732 2915; x_wconf 91' lang='lat' dir='ltr'><strong>omnibus</strong></span> <span class='ocrx_word' id='word_1_331' title='bbox 765 2849 919 2916; x_wconf 89' lang='lat' dir='ltr'><strong>ecelesiae</strong></span> <span class='ocrx_word' id='word_1_332' title='bbox 945 2851 1041 2916; x_wconf 91' lang='lat' dir='ltr'><strong>bonis</strong></span> <span class='ocrx_word' id='word_1_333' title='bbox 1071 2851 1112 2916; x_wconf 89' lang='lat' dir='ltr'><strong>ad</strong></span> <span class='ocrx_word' id='word_1_334' title='bbox 1140 2873 1298 2935; x_wconf 88' lang='lat' dir='ltr'><strong>pauperes</strong></span> <span class='ocrx_word' id='word_1_335' title='bbox 1325 2874 1377 2917; x_wconf 87' lang='lat' dir='ltr'><strong>re-</strong></span> <span class='ocrx_word' id='word_1_336' title='bbox 1429 2849 1643 2932; x_wconf 88' lang='lat' dir='ltr'><strong>praeelarum‚</strong></span> <span class='ocrx_word' id='word_1_337' title='bbox 1662 2849 1697 2912; x_wconf 94' lang='lat' dir='ltr'><strong>id</strong></span> <span class='ocrx_word' id='word_1_338' title='bbox 1712 2866 1861 2931; x_wconf 86' lang='lat' dir='ltr'><strong>oportere</strong></span> <span class='ocrx_word' id='word_1_339' title='bbox 1872 2851 2015 2914; x_wconf 90' lang='lat' dir='ltr'><strong>Domino</strong></span> <span class='ocrx_word' id='word_1_340' title='bbox 2032 2851 2155 2916; x_wconf 88' lang='lat' dir='ltr'><strong>subiici.</strong></span> <span class='ocrx_word' id='word_1_341' title='bbox 2186 2849 2281 2930; x_wconf 92' lang='lat' dir='ltr'><strong>Quod</strong></span> <span class='ocrx_word' id='word_1_342' title='bbox 2299 2861 2411 2917; x_wconf 85' lang='lat' dir='ltr'><strong>autem</strong></span> 
     </span>
     <span class='ocr_line' id='line_1_25' title="bbox 401 2934 2410 3026; baseline 0.001 -27"><span class='ocrx_word' id='word_1_343' title='bbox 401 2934 505 3014; x_wconf 91' lang='lat' dir='ltr'><strong>diret,</strong></span> <span class='ocrx_word' id='word_1_344' title='bbox 540 2957 678 3026; x_wconf 89' lang='lat' dir='ltr'><strong>quorum</strong></span> <span class='ocrx_word' id='word_1_345' title='bbox 712 2935 846 3001; x_wconf 89' lang='lat' dir='ltr'><strong>dimidia</strong></span> <span class='ocrx_word' id='word_1_346' title='bbox 884 2936 1001 3001; x_wconf 89' lang='lat' dir='ltr'><strong>saltem</strong></span> <span class='ocrx_word' id='word_1_347' title='bbox 1033 2960 1075 3003; x_wconf 88' lang='lat' dir='ltr'><strong>ex</strong></span> <span class='ocrx_word' id='word_1_348' title='bbox 1106 2947 1198 3020; x_wconf 87' lang='lat' dir='ltr'><strong>parte</strong></span> <span class='ocrx_word' id='word_1_349' title='bbox 1236 2940 1375 3004; x_wconf 82' lang='grc'><strong>16611111.</strong></span> <span class='ocrx_word' id='word_1_350' title='bbox 1429 2935 1622 3000; x_wconf 85' lang='lat' dir='ltr'><strong>nominatim</strong></span> <span class='ocrx_word' id='word_1_351' title='bbox 1634 2934 1674 2999; x_wconf 91' lang='lat' dir='ltr'><strong>de</strong></span> <span class='ocrx_word' id='word_1_352' title='bbox 1685 2936 1817 3018; x_wconf 87' lang='lat' dir='ltr'><strong>regibus</strong></span> <span class='ocrx_word' id='word_1_353' title='bbox 1828 2936 1956 3013; x_wconf 89' lang='lat' dir='ltr'><strong>dicitur,</strong></span> <span class='ocrx_word' id='word_1_354' title='bbox 1967 2937 2070 3000; x_wconf 84' lang='lat' dir='ltr'><strong>fasces</strong></span> <span class='ocrx_word' id='word_1_355' title='bbox 2082 2935 2300 3002; x_wconf 88' lang='lat' dir='ltr'><strong>submissuros</strong></span> <span class='ocrx_word' id='word_1_356' title='bbox 2311 2937 2410 3003; x_wconf 88' lang='lat' dir='ltr'><strong>Chri-</strong></span> 
     </span>
     <span class='ocr_line' id='line_1_26' title="bbox 400 3019 2409 3106; baseline 0 -21"><span class='ocrx_word' id='word_1_357' title='bbox 400 3020 604 3085; x_wconf 87' lang='lat' dir='ltr'><strong>Nominatim</strong></span> <span class='ocrx_word' id='word_1_358' title='bbox 631 3021 719 3086; x_wconf 87' lang='lat' dir='ltr'><strong>enim</strong></span> <span class='ocrx_word' id='word_1_359' title='bbox 747 3033 898 3104; x_wconf 87' lang='lat' dir='ltr'><strong>quartam</strong></span> <span class='ocrx_word' id='word_1_360' title='bbox 925 3031 1051 3106; x_wconf 86' lang='lat' dir='ltr'><strong>partem</strong></span> <span class='ocrx_word' id='word_1_361' title='bbox 1077 3044 1218 3089; x_wconf 87' lang='lat' dir='ltr'><strong>canones</strong></span> <span class='ocrx_word' id='word_1_362' title='bbox 1239 3025 1303 3089; x_wconf 91' lang='lat' dir='ltr'><strong>illis</strong></span> <span class='ocrx_word' id='word_1_363' title='bbox 1326 3033 1376 3089; x_wconf 89' lang='lat' dir='ltr'><strong>at-</strong></span> <span class='ocrx_word' id='word_1_364' title='bbox 1429 3028 1488 3099; x_wconf 87' lang='lat' dir='ltr'><strong>sto,</strong></span> <span class='ocrx_word' id='word_1_365' title='bbox 1511 3019 1697 3085; x_wconf 71' lang='lat' dir='ltr'><strong>hademata</strong></span> <span class='ocrx_word' id='word_1_366' title='bbox 1718 3043 1778 3086; x_wconf 90' lang='lat' dir='ltr'><strong>sua</strong></span> <span class='ocrx_word' id='word_1_367' title='bbox 1798 3022 1999 3104; x_wconf 89' lang='lat' dir='ltr'><strong>proiecturos</strong></span> <span class='ocrx_word' id='word_1_368' title='bbox 2027 3021 2069 3085; x_wconf 89' lang='lat' dir='ltr'><strong>ad</strong></span> <span class='ocrx_word' id='word_1_369' title='bbox 2096 3022 2166 3086; x_wconf 90' lang='lat' dir='ltr'><strong>eius</strong></span> <span class='ocrx_word' id='word_1_370' title='bbox 2188 3021 2302 3103; x_wconf 89' lang='lat' dir='ltr'><strong>pedes,</strong></span> <span class='ocrx_word' id='word_1_371' title='bbox 2331 3044 2409 3104; x_wconf 91' lang='lat' dir='ltr'><strong>opes</strong></span> 
     </span>
     <span class='ocr_line' id='line_1_27' title="bbox 400 3106 2406 3190; baseline 0.001 -20"><span class='ocrx_word' id='word_1_372' title='bbox 400 3106 570 3186; x_wconf 83' lang='lat' dir='ltr'><strong>tribuunt3</strong></span> <span class='ocrx_word' id='word_1_373' title='bbox 618 3108 757 3172; x_wconf 86' lang='lat' dir='ltr'><strong>alteram</strong></span> <span class='ocrx_word' id='word_1_374' title='bbox 800 3129 879 3172; x_wconf 86' lang='lat' dir='ltr'><strong>vero</strong></span> <span class='ocrx_word' id='word_1_375' title='bbox 915 3117 1066 3190; x_wconf 85' lang='lat' dir='ltr'><strong>quartam</strong></span> <span class='ocrx_word' id='word_1_376' title='bbox 1104 3108 1178 3173; x_wconf 90' lang='lat' dir='ltr'><strong>ideo</strong></span> <span class='ocrx_word' id='word_1_377' title='bbox 1211 3110 1377 3174; x_wconf 89' lang='lat' dir='ltr'><strong>destinant</strong></span> <span class='ocrx_word' id='word_1_378' title='bbox 1429 3128 1506 3173; x_wconf 87' lang='lat' dir='ltr'><strong>suas</strong></span> <span class='ocrx_word' id='word_1_379' title='bbox 1528 3115 1774 3172; x_wconf 84' lang='lat' dir='ltr'><strong>consecratmos</strong></span> <span class='ocrx_word' id='word_1_380' title='bbox 1796 3107 1964 3185; x_wconf 88' lang='lat' dir='ltr'><strong>eeclesiae,</strong></span> <span class='ocrx_word' id='word_1_381' title='bbox 1994 3107 2123 3188; x_wconf 88' lang='lat' dir='ltr'><strong>quando</strong></span> <span class='ocrx_word' id='word_1_382' title='bbox 2144 3107 2255 3172; x_wconf 82' lang='lat' dir='ltr'><strong>verius</strong></span> <span class='ocrx_word' id='word_1_383' title='bbox 2279 3129 2316 3172; x_wconf 88' lang='lat' dir='ltr'><strong>ae</strong></span> <span class='ocrx_word' id='word_1_384' title='bbox 2338 3109 2406 3189; x_wconf 91' lang='lat' dir='ltr'><strong>ple-</strong></span> 
     </span>
     <span class='ocr_line' id='line_1_28' title="bbox 400 3190 2407 3279; baseline 0.001 -24"><span class='ocrx_word' id='word_1_385' title='bbox 400 3193 574 3275; x_wconf 91' lang='lat' dir='ltr'><strong>episcopis,</strong></span> <span class='ocrx_word' id='word_1_386' title='bbox 599 3202 637 3257; x_wconf 93' lang='lat' dir='ltr'><strong>ut</strong></span> <span class='ocrx_word' id='word_1_387' title='bbox 664 3194 699 3256; x_wconf 90' lang='lat' dir='ltr'><strong>in</strong></span> <span class='ocrx_word' id='word_1_388' title='bbox 727 3193 983 3275; x_wconf 86' lang='lat' dir='ltr'><strong>hospitalitatem</strong></span> <span class='ocrx_word' id='word_1_389' title='bbox 1012 3203 1046 3258; x_wconf 93' lang='lat' dir='ltr'><strong>et</strong></span> <span class='ocrx_word' id='word_1_390' title='bbox 1072 3194 1136 3259; x_wconf 87' lang='grc'><strong>6111</strong></span> <span class='ocrx_word' id='word_1_391' title='bbox 1164 3195 1377 3279; x_wconf 86' lang='lat' dir='ltr'><strong>benignitatis</strong></span> <span class='ocrx_word' id='word_1_392' title='bbox 1428 3194 1504 3257; x_wconf 87' lang='lat' dir='ltr'><strong>nius</strong></span> <span class='ocrx_word' id='word_1_393' title='bbox 1524 3192 1709 3257; x_wconf 86' lang='lat' dir='ltr'><strong>exhibitum</strong></span> <span class='ocrx_word' id='word_1_394' title='bbox 1730 3194 1830 3258; x_wconf 86' lang='lat' dir='ltr'><strong>fuisse</strong></span> <span class='ocrx_word' id='word_1_395' title='bbox 1856 3190 1979 3270; x_wconf 90' lang='lat' dir='ltr'><strong>dicent,</strong></span> <span class='ocrx_word' id='word_1_396' title='bbox 2008 3214 2107 3275; x_wconf 87' lang='lat' dir='ltr'><strong>quam</strong></span> <span class='ocrx_word' id='word_1_397' title='bbox 2135 3214 2237 3275; x_wconf 94' lang='lat' dir='ltr'><strong>quum</strong></span> <span class='ocrx_word' id='word_1_398' title='bbox 2259 3191 2407 3257; x_wconf 74' lang='lat' dir='ltr'><strong>Theode-</strong></span> 
     </span>
     <span class='ocr_line' id='line_1_29' title="bbox 400 3276 2406 3364; baseline 0.001 -23"><span class='ocrx_word' id='word_1_399' title='bbox 400 3278 506 3342; x_wconf 90' lang='lat' dir='ltr'><strong>offioia</strong></span> <span class='ocrx_word' id='word_1_400' title='bbox 544 3287 688 3362; x_wconf 83' lang='lat' dir='ltr'><strong>erogent.</strong></span> <span class='ocrx_word' id='word_1_401' title='bbox 745 3281 850 3344; x_wconf 84' lang='lat' dir='ltr'><strong>Taceo</strong></span> <span class='ocrx_word' id='word_1_402' title='bbox 882 3279 961 3361; x_wconf 91' lang='lat' dir='ltr'><strong>quid</strong></span> <span class='ocrx_word' id='word_1_403' title='bbox 993 3302 1054 3345; x_wconf 89' lang='lat' dir='ltr'><strong>sua</strong></span> <span class='ocrx_word' id='word_1_404' title='bbox 1089 3280 1239 3364; x_wconf 84' lang='lat' dir='ltr'><strong>portiene</strong></span> <span class='ocrx_word' id='word_1_405' title='bbox 1270 3281 1376 3346; x_wconf 85' lang='lat' dir='ltr'><strong>faeere</strong></span> <span class='ocrx_word' id='word_1_406' title='bbox 1429 3279 1510 3355; x_wconf 89' lang='lat' dir='ltr'><strong>sius,</strong></span> <span class='ocrx_word' id='word_1_407' title='bbox 1545 3279 1670 3343; x_wconf 84' lang='lat' dir='ltr'><strong>abiecta</strong></span> <span class='ocrx_word' id='word_1_408' title='bbox 1701 3300 1868 3362; x_wconf 88' lang='lat' dir='ltr'><strong>purpura,</strong></span> <span class='ocrx_word' id='word_1_409' title='bbox 1902 3278 2024 3345; x_wconf 89' lang='lat' dir='ltr'><strong>relictis</strong></span> <span class='ocrx_word' id='word_1_410' title='bbox 2055 3279 2184 3360; x_wconf 88' lang='lat' dir='ltr'><strong>imperii</strong></span> <span class='ocrx_word' id='word_1_411' title='bbox 2215 3276 2406 3361; x_wconf 88' lang='lat' dir='ltr'><strong>insignibus,</strong></span> 
     </span>
     <span class='ocr_line' id='line_1_30' title="bbox 400 3363 2407 3447; baseline 0.001 -21"><span class='ocrx_word' id='word_1_412' title='bbox 400 3363 523 3441; x_wconf 88' lang='lat' dir='ltr'><strong>clerici,</strong></span> <span class='ocrx_word' id='word_1_413' title='bbox 552 3371 586 3427; x_wconf 86' lang='lat' dir='ltr'><strong>et</strong></span> <span class='ocrx_word' id='word_1_414' title='bbox 612 3385 708 3446; x_wconf 90' lang='lat' dir='ltr'><strong>quem</strong></span> <span class='ocrx_word' id='word_1_415' title='bbox 736 3365 771 3427; x_wconf 92' lang='lat' dir='ltr'><strong>in</strong></span> <span class='ocrx_word' id='word_1_416' title='bbox 794 3387 891 3430; x_wconf 89' lang='lat' dir='ltr'><strong>usum</strong></span> <span class='ocrx_word' id='word_1_417' title='bbox 911 3364 1003 3430; x_wconf 91' lang='lat' dir='ltr'><strong>illam</strong></span> <span class='ocrx_word' id='word_1_418' title='bbox 1024 3367 1171 3432; x_wconf 88' lang='lat' dir='ltr'><strong>conferre</strong></span> <span class='ocrx_word' id='word_1_419' title='bbox 1194 3366 1374 3431; x_wconf 88' lang='lat' dir='ltr'><strong>debuerint</strong></span> <span class='ocrx_word' id='word_1_420' title='bbox 1429 3373 1584 3447; x_wconf 84' lang='lat' dir='ltr'><strong>tanquam</strong></span> <span class='ocrx_word' id='word_1_421' title='bbox 1615 3386 1700 3429; x_wconf 91' lang='lat' dir='ltr'><strong>unus</strong></span> <span class='ocrx_word' id='word_1_422' title='bbox 1729 3365 1866 3447; x_wconf 89' lang='lat' dir='ltr'><strong>quilibet</strong></span> <span class='ocrx_word' id='word_1_423' title='bbox 1892 3386 1934 3429; x_wconf 81' lang='lat' dir='ltr'><strong>ex</strong></span> <span class='ocrx_word' id='word_1_424' title='bbox 1953 3364 2048 3447; x_wconf 91' lang='lat' dir='ltr'><strong>plebe</strong></span> <span class='ocrx_word' id='word_1_425' title='bbox 2075 3384 2186 3428; x_wconf 90' lang='lat' dir='ltr'><strong>eoram</strong></span> <span class='ocrx_word' id='word_1_426' title='bbox 2206 3364 2280 3428; x_wconf 91' lang='lat' dir='ltr'><strong>Deo</strong></span> <span class='ocrx_word' id='word_1_427' title='bbox 2302 3372 2335 3429; x_wconf 93' lang='lat' dir='ltr'><strong>et</strong></span> <span class='ocrx_word' id='word_1_428' title='bbox 2355 3384 2407 3429; x_wconf 88' lang='lat' dir='ltr'><strong>eo·</strong></span> 
     </span>
     <span class='ocr_line' id='line_1_31' title="bbox 399 3448 2407 3535; baseline 0 -23"><span class='ocrx_word' id='word_1_429' title='bbox 399 3448 486 3512; x_wconf 87' lang='lat' dir='ltr'><strong>Nam</strong></span> <span class='ocrx_word' id='word_1_430' title='bbox 504 3448 666 3531; x_wconf 89' lang='lat' dir='ltr'><strong>reliquum</strong></span> <span class='ocrx_word' id='word_1_431' title='bbox 684 3450 771 3532; x_wconf 92' lang='lat' dir='ltr'><strong>quod</strong></span> <span class='ocrx_word' id='word_1_432' title='bbox 788 3451 928 3534; x_wconf 87' lang='lat' dir='ltr'><strong>templis,</strong></span> <span class='ocrx_word' id='word_1_433' title='bbox 947 3451 1110 3530; x_wconf 86' lang='lat' dir='ltr'><strong>aedificiis,</strong></span> <span class='ocrx_word' id='word_1_434' title='bbox 1130 3452 1246 3518; x_wconf 87' lang='grc'><strong>6111116</strong></span> <span class='ocrx_word' id='word_1_435' title='bbox 1263 3449 1376 3535; x_wconf 82' lang='lat' dir='ltr'><strong>sump-</strong></span> <span class='ocrx_word' id='word_1_436' title='bbox 1428 3450 1528 3516; x_wconf 88' lang='lat' dir='ltr'><strong>cleeia</strong></span> <span class='ocrx_word' id='word_1_437' title='bbox 1549 3472 1584 3515; x_wconf 90' lang='lat' dir='ltr'><strong>se</strong></span> <span class='ocrx_word' id='word_1_438' title='bbox 1605 3449 1647 3514; x_wconf 91' lang='lat' dir='ltr'><strong>ad</strong></span> <span class='ocrx_word' id='word_1_439' title='bbox 1668 3450 1836 3516; x_wconf 89' lang='lat' dir='ltr'><strong>solennem</strong></span> <span class='ocrx_word' id='word_1_440' title='bbox 1857 3450 2091 3533; x_wconf 88' lang='lat' dir='ltr'><strong>poeniteutiam</strong></span> <span class='ocrx_word' id='word_1_441' title='bbox 2112 3449 2284 3515; x_wconf 84' lang='lat' dir='ltr'><strong>submisit?</strong></span> <span class='ocrx_word' id='word_1_442' title='bbox 2308 3469 2407 3532; x_wconf 88' lang='lat' dir='ltr'><strong>quam</strong></span> 
     </span>
     <span class='ocr_line' id='line_1_32' title="bbox 399 3533 2408 3619; baseline 0 -21"><span class='ocrx_word' id='word_1_443' title='bbox 399 3533 487 3598; x_wconf 91' lang='lat' dir='ltr'><strong>tibus</strong></span> <span class='ocrx_word' id='word_1_444' title='bbox 518 3533 708 3617; x_wconf 90' lang='lat' dir='ltr'><strong>deputatur,</strong></span> <span class='ocrx_word' id='word_1_445' title='bbox 742 3535 1090 3619; x_wconf 85' lang='lat' dir='ltr'><strong>debere··paupe1ibus</strong></span> <span class='ocrx_word' id='word_1_446' title='bbox 1115 3539 1152 3602; x_wconf 92' lang='lat' dir='ltr'><strong>in</strong></span> <span class='ocrx_word' id='word_1_447' title='bbox 1184 3539 1376 3604; x_wconf 90' lang='lat' dir='ltr'><strong>necessitate</strong></span> <span class='ocrx_word' id='word_1_448' title='bbox 1429 3557 1530 3618; x_wconf 91' lang='lat' dir='ltr'><strong>quum</strong></span> <span class='ocrx_word' id='word_1_449' title='bbox 1557 3536 1627 3618; x_wconf 92' lang='lat' dir='ltr'><strong>ipse</strong></span> <span class='ocrx_word' id='word_1_450' title='bbox 1654 3546 1688 3601; x_wconf 94' lang='lat' dir='ltr'><strong>et</strong></span> <span class='ocrx_word' id='word_1_451' title='bbox 1716 3537 1772 3602; x_wconf 89' lang='lat' dir='ltr'><strong>alii</strong></span> <span class='ocrx_word' id='word_1_452' title='bbox 1799 3536 1920 3601; x_wconf 91' lang='lat' dir='ltr'><strong>similes</strong></span> <span class='ocrx_word' id='word_1_453' title='bbox 1947 3537 1993 3619; x_wconf 91' lang='lat' dir='ltr'><strong>pii</strong></span> <span class='ocrx_word' id='word_1_454' title='bbox 2020 3536 2126 3619; x_wconf 88' lang='lat' dir='ltr'><strong>princi</strong></span> <span class='ocrx_word' id='word_1_455' title='bbox 2149 3557 2183 3600; x_wconf 91' lang='lat' dir='ltr'><strong>es</strong></span> <span class='ocrx_word' id='word_1_456' title='bbox 2211 3556 2271 3599; x_wconf 91' lang='lat' dir='ltr'><strong>sua</strong></span> <span class='ocrx_word' id='word_1_457' title='bbox 2299 3533 2408 3599; x_wconf 88' lang='lat' dir='ltr'><strong>studia</strong></span> 
     </span>
     <span class='ocr_line' id='line_1_33' title="bbox 399 3558 2455 3705; baseline 0.001 -22"><span class='ocrx_word' id='word_1_458' title='bbox 399 3629 522 3702; x_wconf 87' lang='lat' dir='ltr'><strong>patere,</strong></span> <span class='ocrx_word' id='word_1_459' title='bbox 546 3620 626 3685; x_wconf 89' lang='lat' dir='ltr'><strong>satis</strong></span> <span class='ocrx_word' id='word_1_460' title='bbox 649 3621 906 3690; x_wconf 82' lang='lat' dir='ltr'><strong>demonstratum</strong></span> <span class='ocrx_word' id='word_1_461' title='bbox 929 3634 987 3687; x_wconf 92' lang='grc'><strong>661.</strong></span> <span class='ocrx_word' id='word_1_462' title='bbox 1033 3620 1179 3705; x_wconf 90' lang='lat' dir='ltr'><strong>Quaeso,</strong></span> <span class='ocrx_word' id='word_1_463' title='bbox 1202 3624 1230 3689; x_wconf 92' lang='lat' dir='ltr'><strong>si</strong></span> <span class='ocrx_word' id='word_1_464' title='bbox 1252 3624 1376 3690; x_wconf 87' lang='lat' dir='ltr'><strong>scintil-</strong></span> <span class='ocrx_word' id='word_1_465' title='bbox 1429 3631 1463 3686; x_wconf 91' lang='lat' dir='ltr'><strong>et</strong></span> <span class='ocrx_word' id='word_1_466' title='bbox 1483 3643 1561 3688; x_wconf 89' lang='lat' dir='ltr'><strong>suas</strong></span> <span class='ocrx_word' id='word_1_467' title='bbox 1582 3643 1678 3687; x_wconf 91' lang='lat' dir='ltr'><strong>curas</strong></span> <span class='ocrx_word' id='word_1_468' title='bbox 1700 3622 1742 3687; x_wconf 85' lang='lat' dir='ltr'><strong>ad</strong></span> <span class='ocrx_word' id='word_1_469' title='bbox 1764 3643 1882 3704; x_wconf 87' lang='lat' dir='ltr'><strong>puram</strong></span> <span class='ocrx_word' id='word_1_470' title='bbox 1904 3623 1940 3685; x_wconf 93' lang='lat' dir='ltr'><strong>in</strong></span> <span class='ocrx_word' id='word_1_471' title='bbox 1961 3622 2097 3688; x_wconf 90' lang='grc'><strong>66616111</strong></span> <span class='ocrx_word' id='word_1_472' title='bbox 2118 3558 2301 3686; x_wconf 82' lang='lat' dir='ltr'><strong>doctrinam</strong></span> <span class='ocrx_word' id='word_1_473' title='bbox 2329 3641 2406 3686; x_wconf 90' lang='lat' dir='ltr'><strong>con·</strong></span> <span class='ocrx_word' id='word_1_474' title='bbox 2448 3648 2455 3653; x_wconf 94' lang='lat'><em>·</em></span> 
     </span>
     <span class='ocr_line' id='line_1_34' title="bbox 399 3703 2407 3791; baseline 0.002 -23"><span class='ocrx_word' id='word_1_475' title='bbox 399 3703 465 3768; x_wconf 93' lang='lat' dir='ltr'><strong>lam</strong></span> <span class='ocrx_word' id='word_1_476' title='bbox 488 3726 588 3769; x_wconf 90' lang='lat' dir='ltr'><strong>unam</strong></span> <span class='ocrx_word' id='word_1_477' title='bbox 609 3707 738 3773; x_wconf 88' lang='lat' dir='ltr'><strong>timoris</strong></span> <span class='ocrx_word' id='word_1_478' title='bbox 759 3706 825 3772; x_wconf 90' lang='lat' dir='ltr'><strong>Dei</strong></span> <span class='ocrx_word' id='word_1_479' title='bbox 853 3708 890 3771; x_wconf 91' lang='lat' dir='ltr'><strong>in</strong></span> <span class='ocrx_word' id='word_1_480' title='bbox 917 3708 1014 3773; x_wconf 89' lang='lat' dir='ltr'><strong>corde</strong></span> <span class='ocrx_word' id='word_1_481' title='bbox 1036 3709 1210 3788; x_wconf 86' lang='lat' dir='ltr'><strong>haberent,</strong></span> <span class='ocrx_word' id='word_1_482' title='bbox 1235 3712 1376 3777; x_wconf 87' lang='lat' dir='ltr'><strong>sustine-</strong></span> <span class='ocrx_word' id='word_1_483' title='bbox 1428 3706 1639 3786; x_wconf 87' lang='lat' dir='ltr'><strong>servandam,</strong></span> <span class='ocrx_word' id='word_1_484' title='bbox 1667 3707 1707 3773; x_wconf 91' lang='lat' dir='ltr'><strong>ad</strong></span> <span class='ocrx_word' id='word_1_485' title='bbox 1734 3706 1891 3774; x_wconf 85' lang='lat' dir='ltr'><strong>fovendos</strong></span> <span class='ocrx_word' id='word_1_486' title='bbox 1911 3717 1944 3772; x_wconf 93' lang='lat' dir='ltr'><strong>et</strong></span> <span class='ocrx_word' id='word_1_487' title='bbox 1968 3707 2185 3791; x_wconf 87' lang='lat' dir='ltr'><strong>protegendos</strong></span> <span class='ocrx_word' id='word_1_488' title='bbox 2212 3704 2407 3772; x_wconf 75' lang='grc'><strong>6111611166-</strong></span> 
     </span>
     <span class='ocr_line' id='line_1_35' title="bbox 399 3791 2406 3879; baseline 0.001 -25"><span class='ocrx_word' id='word_1_489' title='bbox 399 3798 516 3854; x_wconf 89' lang='lat' dir='ltr'><strong>rentue</strong></span> <span class='ocrx_word' id='word_1_490' title='bbox 537 3791 624 3857; x_wconf 89' lang='lat' dir='ltr'><strong>hano</strong></span> <span class='ocrx_word' id='word_1_491' title='bbox 646 3793 893 3872; x_wconf 87' lang='lat' dir='ltr'><strong>conscientiam,</strong></span> <span class='ocrx_word' id='word_1_492' title='bbox 916 3794 1003 3876; x_wconf 90' lang='lat' dir='ltr'><strong>quod</strong></span> <span class='ocrx_word' id='word_1_493' title='bbox 1023 3796 1180 3879; x_wconf 88' lang='lat' dir='ltr'><strong>quidquid</strong></span> <span class='ocrx_word' id='word_1_494' title='bbox 1202 3795 1376 3861; x_wconf 91' lang='lat' dir='ltr'><strong>comedunt</strong></span> <span class='ocrx_word' id='word_1_495' title='bbox 1427 3803 1514 3859; x_wconf 85' lang='lat' dir='ltr'><strong>tores</strong></span> <span class='ocrx_word' id='word_1_496' title='bbox 1541 3792 1773 3859; x_wconf 78' lang='lat' dir='ltr'><strong>conhrlerunt?</strong></span> <span class='ocrx_word' id='word_1_497' title='bbox 1805 3795 1854 3858; x_wconf 89' lang='lat' dir='ltr'><strong>At</strong></span> <span class='ocrx_word' id='word_1_498' title='bbox 1879 3815 1958 3859; x_wconf 91' lang='grc'><strong>1616</strong></span> <span class='ocrx_word' id='word_1_499' title='bbox 1986 3814 2085 3876; x_wconf 86' lang='lat' dir='ltr'><strong>quam</strong></span> <span class='ocrx_word' id='word_1_500' title='bbox 2111 3813 2178 3857; x_wconf 91' lang='lat' dir='ltr'><strong>non</strong></span> <span class='ocrx_word' id='word_1_501' title='bbox 2205 3792 2406 3857; x_wconf 81' lang='lat' dir='ltr'><strong>luxuriarint</strong></span> 
     </span>
     <span class='ocr_line' id='line_1_36' title="bbox 400 3877 2426 3966; baseline 0 -26"><span class='ocrx_word' id='word_1_502' title='bbox 400 3897 438 3941; x_wconf 89' lang='lat' dir='ltr'><strong>ac</strong></span> <span class='ocrx_word' id='word_1_503' title='bbox 459 3877 655 3956; x_wconf 79' lang='lat' dir='ltr'><strong>vestiuntur,</strong></span> <span class='ocrx_word' id='word_1_504' title='bbox 679 3900 721 3942; x_wconf 81' lang='lat' dir='ltr'><strong>ex</strong></span> <span class='ocrx_word' id='word_1_505' title='bbox 742 3879 840 3957; x_wconf 86' lang='lat' dir='ltr'><strong>furto,</strong></span> <span class='ocrx_word' id='word_1_506' title='bbox 862 3880 989 3945; x_wconf 88' lang='grc'><strong>11116611</strong></span> <span class='ocrx_word' id='word_1_507' title='bbox 1010 3881 1179 3966; x_wconf 88' lang='lat' dir='ltr'><strong>sacrilegio</strong></span> <span class='ocrx_word' id='word_1_508' title='bbox 1200 3881 1373 3964; x_wconf 82' lang='lat' dir='ltr'><strong>provenit?</strong></span> <span class='ocrx_word' id='word_1_509' title='bbox 1427 3889 1506 3946; x_wconf 91' lang='lat' dir='ltr'><strong>tunc</strong></span> <span class='ocrx_word' id='word_1_510' title='bbox 1538 3880 1748 3963; x_wconf 84' lang='lat' dir='ltr'><strong>supervacuis</strong></span> <span class='ocrx_word' id='word_1_511' title='bbox 1774 3879 1890 3961; x_wconf 92' lang='lat' dir='ltr'><strong>opibus</strong></span> <span class='ocrx_word' id='word_1_512' title='bbox 1921 3877 2121 3955; x_wconf 88' lang='lat' dir='ltr'><strong>sacerdotes,</strong></span> <span class='ocrx_word' id='word_1_513' title='bbox 2154 3898 2220 3941; x_wconf 86' lang='lat' dir='ltr'><strong>una</strong></span> <span class='ocrx_word' id='word_1_514' title='bbox 2251 3877 2309 3943; x_wconf 88' lang='lat' dir='ltr'><strong>illa</strong></span> <span class='ocrx_word' id='word_1_515' title='bbox 2340 3899 2426 3944; x_wconf 82' lang='lat' dir='ltr'><strong>vox·</strong></span> 
     </span>
     <span class='ocr_line' id='line_1_37' title="bbox 400 3960 2405 4050; baseline 0 -23"><span class='ocrx_word' id='word_1_516' title='bbox 400 3960 469 4027; x_wconf 82' lang='lat' dir='ltr'><strong>Sed</strong></span> <span class='ocrx_word' id='word_1_517' title='bbox 496 3963 574 4044; x_wconf 89' lang='lat' dir='ltr'><strong>quia</strong></span> <span class='ocrx_word' id='word_1_518' title='bbox 595 3962 660 4027; x_wconf 92' lang='lat' dir='ltr'><strong>Dei</strong></span> <span class='ocrx_word' id='word_1_519' title='bbox 689 3962 808 4029; x_wconf 90' lang='lat' dir='ltr'><strong>iudicio</strong></span> <span class='ocrx_word' id='word_1_520' title='bbox 829 3985 946 4047; x_wconf 88' lang='lat' dir='ltr'><strong>parum</strong></span> <span class='ocrx_word' id='word_1_521' title='bbox 975 3977 1235 4046; x_wconf 82' lang='lat' dir='ltr'><strong>commoventur,</strong></span> <span class='ocrx_word' id='word_1_522' title='bbox 1259 3967 1376 4034; x_wconf 87' lang='lat' dir='ltr'><strong>saltem</strong></span> <span class='ocrx_word' id='word_1_523' title='bbox 1427 3964 1546 4050; x_wconf 84' lang='lat' dir='ltr'><strong>synodi</strong></span> <span class='ocrx_word' id='word_1_524' title='bbox 1573 3964 1794 4047; x_wconf 89' lang='lat' dir='ltr'><strong>aquileiensis,</strong></span> <span class='ocrx_word' id='word_1_525' title='bbox 1827 3965 1879 4029; x_wconf 90' lang='lat' dir='ltr'><strong>eui</strong></span> <span class='ocrx_word' id='word_1_526' title='bbox 1907 3973 2058 4048; x_wconf 89' lang='lat' dir='ltr'><strong>praeerat</strong></span> <span class='ocrx_word' id='word_1_527' title='bbox 2084 3963 2292 4042; x_wconf 85' lang='lat' dir='ltr'><strong>Ambrosius,</strong></span> <span class='ocrx_word' id='word_1_528' title='bbox 2325 3965 2405 4029; x_wconf 88' lang='lat' dir='ltr'><strong>satis</strong></span> 
     </span>
     <span class='ocr_line' id='line_1_38' title="bbox 399 4046 2403 4136; baseline 0 -23"><span class='ocrx_word' id='word_1_529' title='bbox 399 4047 583 4130; x_wconf 85' lang='lat' dir='ltr'><strong>cogitarent</strong></span> <span class='ocrx_word' id='word_1_530' title='bbox 603 4048 753 4114; x_wconf 91' lang='lat' dir='ltr'><strong>homines</strong></span> <span class='ocrx_word' id='word_1_531' title='bbox 775 4070 855 4126; x_wconf 90' lang='lat' dir='ltr'><strong>esse,</strong></span> <span class='ocrx_word' id='word_1_532' title='bbox 878 4071 976 4116; x_wconf 90' lang='lat' dir='ltr'><strong>sensu</strong></span> <span class='ocrx_word' id='word_1_533' title='bbox 998 4059 1032 4115; x_wconf 91' lang='lat' dir='ltr'><strong>et</strong></span> <span class='ocrx_word' id='word_1_534' title='bbox 1053 4053 1179 4117; x_wconf 87' lang='lat' dir='ltr'><strong>ratione</strong></span> <span class='ocrx_word' id='word_1_535' title='bbox 1201 4053 1374 4136; x_wconf 85' lang='lat' dir='ltr'><strong>praeditos,</strong></span> <span class='ocrx_word' id='word_1_536' title='bbox 1427 4049 1584 4116; x_wconf 90' lang='lat' dir='ltr'><strong>declarat:</strong></span> <span class='ocrx_word' id='word_1_537' title='bbox 1601 4049 1749 4132; x_wconf 83' lang='lat' dir='ltr'><strong>gloriosa</strong></span> <span class='ocrx_word' id='word_1_538' title='bbox 1769 4046 1805 4113; x_wconf 90' lang='lat' dir='ltr'><strong>in</strong></span> <span class='ocrx_word' id='word_1_539' title='bbox 1826 4050 2047 4116; x_wconf 86' lang='lat' dir='ltr'><strong>sacerdotibus</strong></span> <span class='ocrx_word' id='word_1_540' title='bbox 2066 4050 2205 4115; x_wconf 89' lang='lat' dir='ltr'><strong>Domini</strong></span> <span class='ocrx_word' id='word_1_541' title='bbox 2219 4056 2403 4133; x_wconf 84' lang='lat' dir='ltr'><strong>paupertas.</strong></span> 
     </span>
     <span class='ocr_line' id='line_1_39' title="bbox 398 4132 2454 4222; baseline 0.001 -26"><span class='ocrx_word' id='word_1_542' title='bbox 398 4132 519 4216; x_wconf 92' lang='lat' dir='ltr'><strong>quibus</strong></span> <span class='ocrx_word' id='word_1_543' title='bbox 546 4133 742 4215; x_wconf 88' lang='lat' dir='ltr'><strong>persuadere</strong></span> <span class='ocrx_word' id='word_1_544' title='bbox 768 4134 884 4200; x_wconf 89' lang='lat' dir='ltr'><strong>volunt</strong></span> <span class='ocrx_word' id='word_1_545' title='bbox 911 4157 945 4200; x_wconf 92' lang='lat' dir='ltr'><strong>se</strong></span> <span class='ocrx_word' id='word_1_546' title='bbox 979 4135 1100 4201; x_wconf 85' lang='lat' dir='ltr'><strong>habere</strong></span> <span class='ocrx_word' id='word_1_547' title='bbox 1126 4146 1195 4202; x_wconf 88' lang='lat' dir='ltr'><strong>tam</strong></span> <span class='ocrx_word' id='word_1_548' title='bbox 1221 4138 1375 4220; x_wconf 88' lang='lat' dir='ltr'><strong>pulchros</strong></span> <span class='ocrx_word' id='word_1_549' title='bbox 1427 4135 1605 4202; x_wconf 82' lang='lat' dir='ltr'><strong>Habebunt</strong></span> <span class='ocrx_word' id='word_1_550' title='bbox 1631 4143 1719 4200; x_wconf 89' lang='lat' dir='ltr'><strong>certe</strong></span> <span class='ocrx_word' id='word_1_551' title='bbox 1746 4144 1826 4201; x_wconf 90' lang='lat' dir='ltr'><strong>tnnc</strong></span> <span class='ocrx_word' id='word_1_552' title='bbox 1853 4136 1995 4219; x_wconf 89' lang='lat' dir='ltr'><strong>episcopi</strong></span> <span class='ocrx_word' id='word_1_553' title='bbox 2021 4135 2196 4200; x_wconf 89' lang='lat' dir='ltr'><strong>nonnullas</strong></span> <span class='ocrx_word' id='word_1_554' title='bbox 2223 4134 2402 4222; x_wconf 82' lang='lat' dir='ltr'><strong>facultates,</strong></span> <span class='ocrx_word' id='word_1_555' title='bbox 2450 4214 2454 4219; x_wconf 13' lang='lat' dir='ltr'><strong>g</strong></span> 
     </span>
     <span class='ocr_line' id='line_1_40' title="bbox 398 4219 2403 4305; baseline -0 -22"><span class='ocrx_word' id='word_1_556' title='bbox 398 4227 434 4283; x_wconf 92' lang='lat' dir='ltr'><strong>et</strong></span> <span class='ocrx_word' id='word_1_557' title='bbox 455 4219 629 4302; x_wconf 89' lang='lat' dir='ltr'><strong>dispositos</strong></span> <span class='ocrx_word' id='word_1_558' title='bbox 658 4221 693 4283; x_wconf 92' lang='lat' dir='ltr'><strong>in</strong></span> <span class='ocrx_word' id='word_1_559' title='bbox 720 4219 856 4286; x_wconf 90' lang='lat' dir='ltr'><strong>eeclesia</strong></span> <span class='ocrx_word' id='word_1_560' title='bbox 883 4243 943 4286; x_wconf 88' lang='lat' dir='ltr'><strong>sua</strong></span> <span class='ocrx_word' id='word_1_561' title='bbox 970 4221 1101 4288; x_wconf 89' lang='lat' dir='ltr'><strong>ordines</strong></span> <span class='ocrx_word' id='word_1_562' title='bbox 1128 4243 1226 4305; x_wconf 85' lang='lat' dir='ltr'><strong>quam</strong></span> <span class='ocrx_word' id='word_1_563' title='bbox 1253 4224 1375 4289; x_wconf 87' lang='lat' dir='ltr'><strong>iactare</strong></span> <span class='ocrx_word' id='word_1_564' title='bbox 1428 4223 1545 4305; x_wconf 89' lang='lat' dir='ltr'><strong>quibus</strong></span> <span class='ocrx_word' id='word_1_565' title='bbox 1566 4221 1780 4303; x_wconf 84' lang='lat' dir='ltr'><strong>conspicuum</strong></span> <span class='ocrx_word' id='word_1_566' title='bbox 1800 4221 1955 4287; x_wconf 87' lang='lat' dir='ltr'><strong>ecelesiae</strong></span> <span class='ocrx_word' id='word_1_567' title='bbox 1972 4220 2072 4288; x_wconf 91' lang='lat' dir='ltr'><strong>decus</strong></span> <span class='ocrx_word' id='word_1_568' title='bbox 2089 4220 2225 4286; x_wconf 87' lang='lat' dir='ltr'><strong>reddere</strong></span> <span class='ocrx_word' id='word_1_569' title='bbox 2242 4228 2403 4301; x_wconf 89' lang='lat' dir='ltr'><strong>poterant,</strong></span> 
     </span>
     <span class='ocr_line' id='line_1_41' title="bbox 399 4305 2494 4392; baseline -0.001 -22"><span class='ocrx_word' id='word_1_570' title='bbox 399 4305 512 4370; x_wconf 85' lang='lat' dir='ltr'><strong>solent</strong></span> <span class='ocrx_word' id='word_1_571' title='bbox 556 4306 792 4389; x_wconf 90' lang='lat' dir='ltr'><strong>Respondeant</strong></span> <span class='ocrx_word' id='word_1_572' title='bbox 812 4307 895 4371; x_wconf 89' lang='lat' dir='ltr'><strong>mihi</strong></span> <span class='ocrx_word' id='word_1_573' title='bbox 916 4307 1076 4385; x_wconf 82' lang='lat' dir='ltr'><strong>breviter,</strong></span> <span class='ocrx_word' id='word_1_574' title='bbox 1099 4330 1141 4373; x_wconf 89' lang='lat' dir='ltr'><strong>an</strong></span> <span class='ocrx_word' id='word_1_575' title='bbox 1163 4308 1311 4374; x_wconf 87' lang='lat' dir='ltr'><strong>diaconia</strong></span> <span class='ocrx_word' id='word_1_576' title='bbox 1332 4310 1376 4373; x_wconf 92' lang='lat' dir='ltr'><strong>sit</strong></span> <span class='ocrx_word' id='word_1_577' title='bbox 1428 4309 1457 4373; x_wconf 90' lang='lat' dir='ltr'><strong>si</strong></span> <span class='ocrx_word' id='word_1_578' title='bbox 1488 4316 1661 4392; x_wconf 83' lang='lat' dir='ltr'><strong>putassent</strong></span> <span class='ocrx_word' id='word_1_579' title='bbox 1692 4306 1773 4372; x_wconf 87' lang='grc'><strong>11166</strong></span> <span class='ocrx_word' id='word_1_580' title='bbox 1802 4329 1873 4373; x_wconf 87' lang='grc'><strong>6616</strong></span> <span class='ocrx_word' id='word_1_581' title='bbox 1905 4328 1985 4373; x_wconf 92' lang='grc'><strong>1611</strong></span> <span class='ocrx_word' id='word_1_582' title='bbox 2015 4307 2170 4372; x_wconf 88' lang='grc'><strong>666166116</strong></span> <span class='ocrx_word' id='word_1_583' title='bbox 2202 4311 2403 4368; x_wconf 89' lang='lat' dir='ltr'><strong>ornamenta.</strong></span> <span class='ocrx_word' id='word_1_584' title='bbox 2492 4348 2494 4353; x_wconf 53' lang='lat'>&gt;</span> 
     </span>
     <span class='ocr_line' id='line_1_42' title="bbox 398 4389 2406 4479; baseline -0.002 -24"><span class='ocrx_word' id='word_1_585' title='bbox 398 4391 531 4456; x_wconf 83' lang='lat' dir='ltr'><strong>furandi</strong></span> <span class='ocrx_word' id='word_1_586' title='bbox 556 4412 594 4456; x_wconf 89' lang='lat' dir='ltr'><strong>ae</strong></span> <span class='ocrx_word' id='word_1_587' title='bbox 626 4391 844 4457; x_wconf 87' lang='lat' dir='ltr'><strong>latrocinandi</strong></span> <span class='ocrx_word' id='word_1_588' title='bbox 869 4391 1028 4458; x_wconf 84' lang='lat' dir='ltr'><strong>licentia?</strong></span> <span class='ocrx_word' id='word_1_589' title='bbox 1077 4393 1152 4459; x_wconf 90' lang='lat' dir='ltr'><strong>Hoc</strong></span> <span class='ocrx_word' id='word_1_590' title='bbox 1181 4395 1208 4460; x_wconf 88' lang='lat' dir='ltr'><strong>si</strong></span> <span class='ocrx_word' id='word_1_591' title='bbox 1242 4403 1374 4479; x_wconf 90' lang='lat' dir='ltr'><strong>negant,</strong></span> <span class='ocrx_word' id='word_1_592' title='bbox 1429 4392 1496 4459; x_wconf 82' lang='lat' dir='ltr'><strong>Sed</strong></span> <span class='ocrx_word' id='word_1_593' title='bbox 1518 4414 1619 4475; x_wconf 91' lang='lat' dir='ltr'><strong>quum</strong></span> <span class='ocrx_word' id='word_1_594' title='bbox 1641 4393 1764 4458; x_wconf 90' lang='lat' dir='ltr'><strong>seirent</strong></span> <span class='ocrx_word' id='word_1_595' title='bbox 1784 4402 1953 4476; x_wconf 86' lang='lat' dir='ltr'><strong>pastorum</strong></span> <span class='ocrx_word' id='word_1_596' title='bbox 1975 4393 2080 4458; x_wconf 88' lang='lat' dir='ltr'><strong>officio</strong></span> <span class='ocrx_word' id='word_1_597' title='bbox 2102 4389 2185 4455; x_wconf 91' lang='lat' dir='ltr'><strong>nihil</strong></span> <span class='ocrx_word' id='word_1_598' title='bbox 2208 4409 2278 4452; x_wconf 91' lang='lat' dir='ltr'><strong>esse</strong></span> <span class='ocrx_word' id='word_1_599' title='bbox 2299 4390 2406 4472; x_wconf 89' lang='lat' dir='ltr'><strong>magis</strong></span> 
     </span>
     <span class='ocr_line' id='line_1_43' title="bbox 400 4474 2403 4562; baseline -0 -23"><span class='ocrx_word' id='word_1_600' title='bbox 400 4476 496 4540; x_wconf 87' lang='lat' dir='ltr'><strong>fateri</strong></span> <span class='ocrx_word' id='word_1_601' title='bbox 521 4479 622 4541; x_wconf 90' lang='lat' dir='ltr'><strong>etiam</strong></span> <span class='ocrx_word' id='word_1_602' title='bbox 654 4485 829 4562; x_wconf 88' lang='lat' dir='ltr'><strong>cogentur,</strong></span> <span class='ocrx_word' id='word_1_603' title='bbox 862 4477 989 4543; x_wconf 91' lang='lat' dir='ltr'><strong>nullam</strong></span> <span class='ocrx_word' id='word_1_604' title='bbox 1017 4500 1053 4542; x_wconf 89' lang='lat' dir='ltr'><strong>se</strong></span> <span class='ocrx_word' id='word_1_605' title='bbox 1086 4479 1270 4545; x_wconf 89' lang='lat' dir='ltr'><strong>diaconiam</strong></span> <span class='ocrx_word' id='word_1_606' title='bbox 1299 4481 1376 4544; x_wconf 89' lang='lat' dir='ltr'><strong>reli·</strong></span> <span class='ocrx_word' id='word_1_607' title='bbox 1429 4478 1614 4556; x_wconf 86' lang='lat' dir='ltr'><strong>adversum,</strong></span> <span class='ocrx_word' id='word_1_608' title='bbox 1637 4500 1735 4560; x_wconf 90' lang='lat' dir='ltr'><strong>quam</strong></span> <span class='ocrx_word' id='word_1_609' title='bbox 1757 4501 1947 4545; x_wconf 90' lang='lat' dir='ltr'><strong>mensarum</strong></span> <span class='ocrx_word' id='word_1_610' title='bbox 1968 4478 2100 4554; x_wconf 90' lang='lat' dir='ltr'><strong>deliciis,</strong></span> <span class='ocrx_word' id='word_1_611' title='bbox 2123 4474 2266 4541; x_wconf 81' lang='lat' dir='ltr'><strong>vestium</strong></span> <span class='ocrx_word' id='word_1_612' title='bbox 2287 4475 2403 4553; x_wconf 89' lang='lat' dir='ltr'><strong>nitore,</strong></span> 
     </span>
     <span class='ocr_line' id='line_1_44' title="bbox 400 4558 2404 4649; baseline 0 -26"><span class='ocrx_word' id='word_1_613' title='bbox 400 4580 498 4641; x_wconf 91' lang='lat' dir='ltr'><strong>quam</strong></span> <span class='ocrx_word' id='word_1_614' title='bbox 525 4562 663 4643; x_wconf 90' lang='lat' dir='ltr'><strong>habere,</strong></span> <span class='ocrx_word' id='word_1_615' title='bbox 696 4563 828 4647; x_wconf 88' lang='lat' dir='ltr'><strong>quando</strong></span> <span class='ocrx_word' id='word_1_616' title='bbox 858 4564 944 4648; x_wconf 91' lang='lat' dir='ltr'><strong>apud</strong></span> <span class='ocrx_word' id='word_1_617' title='bbox 972 4586 1026 4630; x_wconf 91' lang='lat' dir='ltr'><strong>eos</strong></span> <span class='ocrx_word' id='word_1_618' title='bbox 1053 4572 1122 4630; x_wconf 90' lang='lat' dir='ltr'><strong>tota</strong></span> <span class='ocrx_word' id='word_1_619' title='bbox 1149 4587 1247 4648; x_wconf 89' lang='lat' dir='ltr'><strong>opum</strong></span> <span class='ocrx_word' id='word_1_620' title='bbox 1274 4567 1375 4631; x_wconf 88' lang='lat' dir='ltr'><strong>ecele-</strong></span> <span class='ocrx_word' id='word_1_621' title='bbox 1428 4585 1549 4649; x_wconf 90' lang='lat' dir='ltr'><strong>magno</strong></span> <span class='ocrx_word' id='word_1_622' title='bbox 1581 4564 1756 4641; x_wconf 81' lang='lat' dir='ltr'><strong>famulitio,</strong></span> <span class='ocrx_word' id='word_1_623' title='bbox 1789 4565 1972 4649; x_wconf 87' lang='lat' dir='ltr'><strong>magnificis</strong></span> <span class='ocrx_word' id='word_1_624' title='bbox 2002 4561 2133 4645; x_wconf 86' lang='lat' dir='ltr'><strong>palatiis</strong></span> <span class='ocrx_word' id='word_1_625' title='bbox 2165 4558 2337 4641; x_wconf 88' lang='lat' dir='ltr'><strong>splendore</strong></span> <span class='ocrx_word' id='word_1_626' title='bbox 2366 4579 2404 4624; x_wconf 92' lang='grc'><strong>16</strong></span> 
     </span>
     <span class='ocr_line' id='line_1_45' title="bbox 399 4645 2403 4736; baseline 0 -27"><span class='ocrx_word' id='word_1_627' title='bbox 399 4645 604 4712; x_wconf 88' lang='lat' dir='ltr'><strong>siasticarum</strong></span> <span class='ocrx_word' id='word_1_628' title='bbox 626 4649 864 4714; x_wconf 86' lang='lat' dir='ltr'><strong>administratio</strong></span> <span class='ocrx_word' id='word_1_629' title='bbox 884 4652 921 4714; x_wconf 91' lang='lat' dir='ltr'><strong>in</strong></span> <span class='ocrx_word' id='word_1_630' title='bbox 941 4650 1133 4736; x_wconf 87' lang='lat' dir='ltr'><strong>sacrilegam</strong></span> <span class='ocrx_word' id='word_1_631' title='bbox 1151 4650 1376 4734; x_wconf 89' lang='lat' dir='ltr'><strong>depraedatio-</strong></span> <span class='ocrx_word' id='word_1_632' title='bbox 1428 4651 1611 4733; x_wconf 90' lang='lat' dir='ltr'><strong>superbire,</strong></span> <span class='ocrx_word' id='word_1_633' title='bbox 1639 4649 1858 4736; x_wconf 88' lang='lat' dir='ltr'><strong>humilitatem</strong></span> <span class='ocrx_word' id='word_1_634' title='bbox 1885 4670 1922 4716; x_wconf 88' lang='lat' dir='ltr'><strong>ac</strong></span> <span class='ocrx_word' id='word_1_635' title='bbox 1944 4646 2145 4723; x_wconf 91' lang='lat' dir='ltr'><strong>modestiam,</strong></span> <span class='ocrx_word' id='word_1_636' title='bbox 2168 4645 2247 4707; x_wconf 91' lang='lat' dir='ltr'><strong>imo</strong></span> <span class='ocrx_word' id='word_1_637' title='bbox 2263 4665 2403 4727; x_wconf 89' lang='lat' dir='ltr'><strong>pauper·</strong></span> 
     </span>
     <span class='ocr_line' id='line_1_46' title="bbox 400 4730 2469 4818; baseline -0.009 -4"><span class='ocrx_word' id='word_1_638' title='bbox 400 4751 477 4793; x_wconf 65' lang='lat' dir='ltr'><strong>nem</strong></span> <span class='ocrx_word' id='word_1_639' title='bbox 499 4732 608 4813; x_wconf 57' lang='lat' dir='ltr'><strong>palam</strong></span> <span class='ocrx_word' id='word_1_640' title='bbox 629 4754 788 4801; x_wconf 66' lang='lat' dir='ltr'><strong>wnverssa</strong></span> <span class='ocrx_word' id='word_1_641' title='bbox 809 4746 868 4802; x_wconf 78' lang='lat' dir='ltr'><strong>est·</strong></span> <span class='ocrx_word' id='word_1_642' title='bbox 1428 4744 1531 4801; x_wconf 88' lang='lat' dir='ltr'><strong>tatem</strong></span> <span class='ocrx_word' id='word_1_643' title='bbox 1553 4737 1667 4818; x_wconf 90' lang='lat' dir='ltr'><strong>ipsam,</strong></span> <span class='ocrx_word' id='word_1_644' title='bbox 1698 4757 1796 4817; x_wconf 87' lang='lat' dir='ltr'><strong>quam</strong></span> <span class='ocrx_word' id='word_1_645' title='bbox 1824 4737 1977 4801; x_wconf 84' lang='lat' dir='ltr'><strong>Christus</strong></span> <span class='ocrx_word' id='word_1_646' title='bbox 2009 4733 2095 4795; x_wconf 87' lang='lat' dir='ltr'><strong>iuter</strong></span> <span class='ocrx_word' id='word_1_647' title='bbox 2127 4750 2203 4794; x_wconf 92' lang='lat' dir='ltr'><strong>suos</strong></span> <span class='ocrx_word' id='word_1_648' title='bbox 2235 4730 2403 4796; x_wconf 90' lang='lat' dir='ltr'><strong>ministros</strong></span> <span class='ocrx_word' id='word_1_649' title='bbox 2456 4760 2469 4781; x_wconf 79' lang='lat'><strong>·</strong></span> 
     </span>
     <span class='ocr_line' id='line_1_47' title="bbox 488 4815 2113 4905; baseline 0 -27"><span class='ocrx_word' id='word_1_650' title='bbox 488 4820 536 4880; x_wconf 86' lang='grc'><strong>17.</strong></span> <span class='ocrx_word' id='word_1_651' title='bbox 573 4815 642 4881; x_wconf 81' lang='lat' dir='ltr'><strong>Sed</strong></span> <span class='ocrx_word' id='word_1_652' title='bbox 658 4819 712 4884; x_wconf 91' lang='lat' dir='ltr'><strong>hic</strong></span> <span class='ocrx_word' id='word_1_653' title='bbox 732 4831 873 4886; x_wconf 91' lang='lat' dir='ltr'><strong>utuntur</strong></span> <span class='ocrx_word' id='word_1_654' title='bbox 883 4822 1104 4905; x_wconf 88' lang='lat' dir='ltr'><strong>pulcherrimo</strong></span> <span class='ocrx_word' id='word_1_655' title='bbox 1117 4823 1232 4889; x_wconf 87' lang='lat' dir='ltr'><strong>colore.</strong></span> <span class='ocrx_word' id='word_1_656' title='bbox 1251 4823 1377 4889; x_wconf 88' lang='lat' dir='ltr'><strong>Dicunt</strong></span> <span class='ocrx_word' id='word_1_657' title='bbox 1428 4822 1639 4899; x_wconf 87' lang='lat' dir='ltr'><strong>consecravit,</strong></span> <span class='ocrx_word' id='word_1_658' title='bbox 1663 4822 1884 4903; x_wconf 90' lang='lat' dir='ltr'><strong>sequebantur</strong></span> <span class='ocrx_word' id='word_1_659' title='bbox 1904 4827 1937 4883; x_wconf 91' lang='lat' dir='ltr'><strong>et</strong></span> <span class='ocrx_word' id='word_1_660' title='bbox 1958 4817 2113 4883; x_wconf 86' lang='lat' dir='ltr'><strong>colebant</strong></span> 
     </span>
    </p>
   </div>
   <div class='ocr_carea' id='block_1_5' title="bbox 395 4900 2404 5506">
    <p class='ocr_par' dir='ltr' id='par_1_6' title="bbox 395 4900 2404 5506">
     <span class='ocr_line' id='line_1_48' title="bbox 397 4900 2404 4994; baseline 0 -29"><span class='ocrx_word' id='word_1_661' title='bbox 397 4902 485 4965; x_wconf 91' lang='lat' dir='ltr'><strong>enim</strong></span> <span class='ocrx_word' id='word_1_662' title='bbox 506 4902 659 4967; x_wconf 86' lang='lat' dir='ltr'><strong>ecclcsiae</strong></span> <span class='ocrx_word' id='word_1_663' title='bbox 681 4903 876 4987; x_wconf 83' lang='lat' dir='ltr'><strong>dignitatem</strong></span> <span class='ocrx_word' id='word_1_664' title='bbox 897 4931 965 4973; x_wconf 90' lang='lat' dir='ltr'><strong>non</strong></span> <span class='ocrx_word' id='word_1_665' title='bbox 986 4907 1176 4976; x_wconf 87' lang='lat' dir='ltr'><strong>indecenter</strong></span> <span class='ocrx_word' id='word_1_666' title='bbox 1198 4909 1260 4974; x_wconf 88' lang='lat' dir='ltr'><strong>hae</strong></span> <span class='ocrx_word' id='word_1_667' title='bbox 1280 4931 1374 4994; x_wconf 90' lang='lat' dir='ltr'><strong>mag-</strong></span> <span class='ocrx_word' id='word_1_668' title='bbox 1518 4913 1565 4972; x_wconf 89' lang='lat'><strong>18.</strong></span> <span class='ocrx_word' id='word_1_669' title='bbox 1610 4907 1738 4971; x_wconf 84' lang='lat' dir='ltr'><strong>Verum</strong></span> <span class='ocrx_word' id='word_1_670' title='bbox 1765 4927 1807 4969; x_wconf 93' lang='grc'><strong>116</strong></span> <span class='ocrx_word' id='word_1_671' title='bbox 1828 4906 1883 4969; x_wconf 91' lang='lat' dir='ltr'><strong>hic</strong></span> <span class='ocrx_word' id='word_1_672' title='bbox 1904 4905 2005 4967; x_wconf 77' lang='lat' dir='ltr'><strong>simin</strong></span> <span class='ocrx_word' id='word_1_673' title='bbox 2026 4901 2203 4985; x_wconf 90' lang='lat' dir='ltr'><strong>longiores,</strong></span> <span class='ocrx_word' id='word_1_674' title='bbox 2225 4900 2347 4965; x_wconf 90' lang='lat' dir='ltr'><strong>iterum</strong></span> <span class='ocrx_word' id='word_1_675' title='bbox 2366 4901 2404 4966; x_wconf 90' lang='lat' dir='ltr'><strong>in</strong></span> 
     </span>
     <span class='ocr_line' id='line_1_49' title="bbox 396 4986 2403 5078; baseline 0.001 -27"><span class='ocrx_word' id='word_1_676' title='bbox 396 4987 563 5053; x_wconf 89' lang='lat' dir='ltr'><strong>nifieentia</strong></span> <span class='ocrx_word' id='word_1_677' title='bbox 590 4988 753 5053; x_wconf 88' lang='lat' dir='ltr'><strong>sustineri.</strong></span> <span class='ocrx_word' id='word_1_678' title='bbox 797 4993 844 5056; x_wconf 83' lang='lat' dir='ltr'><strong>Et</strong></span> <span class='ocrx_word' id='word_1_679' title='bbox 870 4994 994 5059; x_wconf 87' lang='lat' dir='ltr'><strong>habeut</strong></span> <span class='ocrx_word' id='word_1_680' title='bbox 1021 5015 1145 5061; x_wconf 85' lang='grc'><strong>6111111</strong></span> <span class='ocrx_word' id='word_1_681' title='bbox 1168 5007 1256 5060; x_wconf 89' lang='grc'><strong>66611</strong></span> <span class='ocrx_word' id='word_1_682' title='bbox 1278 5017 1373 5078; x_wconf 89' lang='lat' dir='ltr'><strong>quos-</strong></span> <span class='ocrx_word' id='word_1_683' title='bbox 1427 4996 1562 5060; x_wconf 83' lang='lat' dir='ltr'><strong>brevem</strong></span> <span class='ocrx_word' id='word_1_684' title='bbox 1583 5013 1747 5057; x_wconf 90' lang='lat' dir='ltr'><strong>summam</strong></span> <span class='ocrx_word' id='word_1_685' title='bbox 1773 4989 1978 5072; x_wconf 87' lang='lat' dir='ltr'><strong>colligamus,</strong></span> <span class='ocrx_word' id='word_1_686' title='bbox 2001 5008 2100 5070; x_wconf 88' lang='lat' dir='ltr'><strong>quam</strong></span> <span class='ocrx_word' id='word_1_687' title='bbox 2121 4986 2235 5069; x_wconf 92' lang='lat' dir='ltr'><strong>procul</strong></span> <span class='ocrx_word' id='word_1_688' title='bbox 2258 4987 2344 5053; x_wconf 91' lang='lat' dir='ltr'><strong>absit</strong></span> <span class='ocrx_word' id='word_1_689' title='bbox 2363 5007 2403 5053; x_wconf 90' lang='lat' dir='ltr'><strong>ea</strong></span> 
     </span>
     <span class='ocr_line' id='line_1_50' title="bbox 397 5070 2402 5165; baseline 0 -28"><span class='ocrx_word' id='word_1_690' title='bbox 397 5072 473 5137; x_wconf 89' lang='lat' dir='ltr'><strong>dam</strong></span> <span class='ocrx_word' id='word_1_691' title='bbox 495 5073 542 5136; x_wconf 88' lang='lat' dir='ltr'><strong>ita</strong></span> <span class='ocrx_word' id='word_1_692' title='bbox 563 5072 772 5156; x_wconf 88' lang='lat' dir='ltr'><strong>impudentes</strong></span> <span class='ocrx_word' id='word_1_693' title='bbox 793 5084 831 5140; x_wconf 91' lang='lat' dir='ltr'><strong>ut</strong></span> <span class='ocrx_word' id='word_1_694' title='bbox 852 5077 996 5144; x_wconf 87' lang='lat' dir='ltr'><strong>audeant</strong></span> <span class='ocrx_word' id='word_1_695' title='bbox 1020 5081 1129 5162; x_wconf 91' lang='lat' dir='ltr'><strong>palam</strong></span> <span class='ocrx_word' id='word_1_696' title='bbox 1155 5081 1293 5160; x_wconf 88' lang='lat' dir='ltr'><strong>iactare,</strong></span> <span class='ocrx_word' id='word_1_697' title='bbox 1327 5083 1373 5147; x_wconf 91' lang='lat' dir='ltr'><strong>sio</strong></span> <span class='ocrx_word' id='word_1_698' title='bbox 1427 5102 1511 5165; x_wconf 90' lang='lat' dir='ltr'><strong>quae</strong></span> <span class='ocrx_word' id='word_1_699' title='bbox 1543 5100 1632 5144; x_wconf 89' lang='lat' dir='ltr'><strong>nunc</strong></span> <span class='ocrx_word' id='word_1_700' title='bbox 1660 5085 1711 5142; x_wconf 90' lang='lat' dir='ltr'><strong>est</strong></span> <span class='ocrx_word' id='word_1_701' title='bbox 1736 5096 1836 5157; x_wconf 91' lang='lat' dir='ltr'><strong>opum</strong></span> <span class='ocrx_word' id='word_1_702' title='bbox 1851 5073 2161 5139; x_wconf 75' lang='lat' dir='ltr'><strong>&#39;ecclesiasticarum</strong></span> <span class='ocrx_word' id='word_1_703' title='bbox 2189 5072 2241 5137; x_wconf 87' lang='lat' dir='ltr'><strong>vel</strong></span> <span class='ocrx_word' id='word_1_704' title='bbox 2272 5070 2402 5156; x_wconf 86' lang='lat' dir='ltr'><strong>dispen-</strong></span> 
     </span>
     <span class='ocr_line' id='line_1_51' title="bbox 396 5156 2402 5248; baseline 0 -25"><span class='ocrx_word' id='word_1_705' title='bbox 396 5156 529 5223; x_wconf 93' lang='lat' dir='ltr'><strong>demum</strong></span> <span class='ocrx_word' id='word_1_706' title='bbox 558 5157 730 5242; x_wconf 89' lang='lat' dir='ltr'><strong>adimpleri</strong></span> <span class='ocrx_word' id='word_1_707' title='bbox 759 5161 916 5226; x_wconf 86' lang='lat' dir='ltr'><strong>vaticinia</strong></span> <span class='ocrx_word' id='word_1_708' title='bbox 943 5164 1000 5226; x_wconf 91' lang='lat' dir='ltr'><strong>illa</strong></span> <span class='ocrx_word' id='word_1_709' title='bbox 1025 5166 1141 5246; x_wconf 89' lang='lat' dir='ltr'><strong>quibus</strong></span> <span class='ocrx_word' id='word_1_710' title='bbox 1168 5167 1374 5248; x_wconf 90' lang='lat' dir='ltr'><strong>splendorem</strong></span> <span class='ocrx_word' id='word_1_711' title='bbox 1428 5169 1519 5246; x_wconf 86' lang='grc'><strong>61116,</strong></span> <span class='ocrx_word' id='word_1_712' title='bbox 1542 5166 1595 5231; x_wconf 89' lang='grc'><strong>161</strong></span> <span class='ocrx_word' id='word_1_713' title='bbox 1618 5161 1800 5243; x_wconf 89' lang='lat' dir='ltr'><strong>dissipatio,</strong></span> <span class='ocrx_word' id='word_1_714' title='bbox 1830 5179 1951 5225; x_wconf 87' lang='grc'><strong>11611</strong></span> <span class='ocrx_word' id='word_1_715' title='bbox 1972 5159 2119 5224; x_wconf 88' lang='lat' dir='ltr'><strong>diaconia</strong></span> <span class='ocrx_word' id='word_1_716' title='bbox 2145 5178 2244 5240; x_wconf 86' lang='lat' dir='ltr'><strong>quam</strong></span> <span class='ocrx_word' id='word_1_717' title='bbox 2269 5167 2303 5223; x_wconf 93' lang='grc'><strong>61</strong></span> <span class='ocrx_word' id='word_1_718' title='bbox 2328 5180 2402 5224; x_wconf 90' lang='grc'><strong>161·</strong></span> 
     </span>
     <span class='ocr_line' id='line_1_52' title="bbox 395 5243 2401 5331; baseline 0 -24"><span class='ocrx_word' id='word_1_719' title='bbox 395 5246 491 5328; x_wconf 90' lang='lat' dir='ltr'><strong>regni</strong></span> <span class='ocrx_word' id='word_1_720' title='bbox 514 5243 641 5310; x_wconf 79' lang='lat' dir='ltr'><strong>Christi</strong></span> <span class='ocrx_word' id='word_1_721' title='bbox 663 5243 851 5309; x_wconf 83' lang='lat' dir='ltr'><strong>describunt</strong></span> <span class='ocrx_word' id='word_1_722' title='bbox 871 5254 998 5311; x_wconf 85' lang='lat' dir='ltr'><strong>veteres</strong></span> <span class='ocrx_word' id='word_1_723' title='bbox 1019 5248 1213 5331; x_wconf 89' lang='lat' dir='ltr'><strong>prophetae,</strong></span> <span class='ocrx_word' id='word_1_724' title='bbox 1243 5253 1300 5317; x_wconf 91' lang='lat' dir='ltr'><strong>ubi</strong></span> <span class='ocrx_word' id='word_1_725' title='bbox 1322 5274 1374 5316; x_wconf 91' lang='lat' dir='ltr'><strong>re-</strong></span> <span class='ocrx_word' id='word_1_726' title='bbox 1427 5253 1505 5318; x_wconf 90' lang='lat' dir='ltr'><strong>hum</strong></span> <span class='ocrx_word' id='word_1_727' title='bbox 1527 5251 1591 5315; x_wconf 91' lang='lat' dir='ltr'><strong>Dei</strong></span> <span class='ocrx_word' id='word_1_728' title='bbox 1609 5247 1702 5312; x_wconf 91' lang='lat' dir='ltr'><strong>nobis</strong></span> <span class='ocrx_word' id='word_1_729' title='bbox 1724 5246 1941 5324; x_wconf 87' lang='lat' dir='ltr'><strong>commendat,</strong></span> <span class='ocrx_word' id='word_1_730' title='bbox 1963 5257 1997 5311; x_wconf 91' lang='lat' dir='ltr'><strong>et</strong></span> <span class='ocrx_word' id='word_1_731' title='bbox 2017 5251 2112 5310; x_wconf 86' lang='lat' dir='ltr'><strong>vetus</strong></span> <span class='ocrx_word' id='word_1_732' title='bbox 2133 5243 2270 5309; x_wconf 88' lang='lat' dir='ltr'><strong>ecclesia</strong></span> <span class='ocrx_word' id='word_1_733' title='bbox 2291 5244 2401 5309; x_wconf 90' lang='lat' dir='ltr'><strong>obser·</strong></span> 
     </span>
     <span class='ocr_line' id='line_1_53' title="bbox 396 5329 2400 5414; baseline -0.001 -18"><span class='ocrx_word' id='word_1_734' title='bbox 396 5331 470 5414; x_wconf 85' lang='lat' dir='ltr'><strong>gius</strong></span> <span class='ocrx_word' id='word_1_735' title='bbox 503 5331 558 5395; x_wconf 94' lang='lat' dir='ltr'><strong>ille</strong></span> <span class='ocrx_word' id='word_1_736' title='bbox 591 5336 767 5414; x_wconf 87' lang='lat' dir='ltr'><strong>apparatus</strong></span> <span class='ocrx_word' id='word_1_737' title='bbox 799 5331 836 5395; x_wconf 94' lang='lat' dir='ltr'><strong>in</strong></span> <span class='ocrx_word' id='word_1_738' title='bbox 869 5331 982 5395; x_wconf 88' lang='lat' dir='ltr'><strong>ordine</strong></span> <span class='ocrx_word' id='word_1_739' title='bbox 1022 5333 1214 5398; x_wconf 88' lang='lat' dir='ltr'><strong>sacerdotali</strong></span> <span class='ocrx_word' id='word_1_740' title='bbox 1246 5338 1372 5403; x_wconf 87' lang='lat' dir='ltr'><strong>visitur.</strong></span> <span class='ocrx_word' id='word_1_741' title='bbox 1427 5339 1527 5403; x_wconf 88' lang='grc'><strong>11111.</strong></span> <span class='ocrx_word' id='word_1_742' title='bbox 1589 5330 1686 5413; x_wconf 93' lang='lat' dir='ltr'><strong>Quod</strong></span> <span class='ocrx_word' id='word_1_743' title='bbox 1724 5331 1760 5395; x_wconf 92' lang='lat' dir='ltr'><strong>in</strong></span> <span class='ocrx_word' id='word_1_744' title='bbox 1797 5332 1994 5414; x_wconf 92' lang='lat' dir='ltr'><strong>templorum</strong></span> <span class='ocrx_word' id='word_1_745' title='bbox 2032 5337 2186 5395; x_wconf 87' lang='lat' dir='ltr'><strong>ornatum</strong></span> <span class='ocrx_word' id='word_1_746' title='bbox 2225 5329 2400 5407; x_wconf 84' lang='lat' dir='ltr'><strong>confertur,</strong></span> 
     </span>
     <span class='ocr_line' id='line_1_54' title="bbox 395 5413 2402 5506; baseline 0.001 -29"><span class='ocrx_word' id='word_1_747' title='bbox 395 5473 534 5478; x_wconf 71' lang='grc'><strong>-..,-,.-</strong></span> <span class='ocrx_word' id='word_1_748' title='bbox 557 5472 600 5477; x_wconf 75' lang='grc'>-</span> <span class='ocrx_word' id='word_1_749' title='bbox 1426 5440 1599 5506; x_wconf 79' lang='lat' dir='ltr'><strong>perperam</strong></span> <span class='ocrx_word' id='word_1_750' title='bbox 1619 5417 1769 5483; x_wconf 85' lang='lat' dir='ltr'><strong>collocari</strong></span> <span class='ocrx_word' id='word_1_751' title='bbox 1790 5417 1870 5497; x_wconf 90' lang='lat' dir='ltr'><strong>dico,</strong></span> <span class='ocrx_word' id='word_1_752' title='bbox 1893 5417 1923 5484; x_wconf 85' lang='grc'><strong>61</strong></span> <span class='ocrx_word' id='word_1_753' title='bbox 1943 5439 2011 5483; x_wconf 92' lang='lat' dir='ltr'><strong>non</strong></span> <span class='ocrx_word' id='word_1_754' title='bbox 2028 5417 2223 5482; x_wconf 85' lang='lat' dir='ltr'><strong>adhibeatm</strong></span> <span class='ocrx_word' id='word_1_755' title='bbox 2239 5414 2269 5478; x_wconf 91' lang='lat' dir='ltr'><strong>is</strong></span> <span class='ocrx_word' id='word_1_756' title='bbox 2285 5413 2402 5480; x_wconf 80' lang='lat' dir='ltr'><strong>modus</strong></span> 
     </span>
    </p>
   </div>
   <div class='ocr_carea' id='block_1_6' title="bbox 394 5501 2402 5769">
    <p class='ocr_par' dir='ltr' id='par_1_7' title="bbox 394 5501 2402 5769">
     <span class='ocr_line' id='line_1_55' title="bbox 401 5501 2401 5729; baseline -0.014 -53"><span class='ocrx_word' id='word_1_757' title='bbox 401 5553 680 5691; x_wconf 51' lang='lat' dir='ltr'><strong>&gt;m</strong></span> <span class='ocrx_word' id='word_1_758' title='bbox 704 5551 1401 5729; x_wconf 46' lang='grc'><strong>1111111,</strong></span> <span class='ocrx_word' id='word_1_759' title='bbox 1426 5501 2401 5673; x_wconf 44' lang='lat' dir='ltr'><strong>sturme</strong></span> 
     </span>
     <span class='ocr_line' id='line_1_56' title="bbox 394 5669 2402 5769; baseline -0.024 14"><span class='ocrx_word' id='word_1_760' title='bbox 394 5689 547 5747; x_wconf 53' lang='lat' dir='ltr'><strong>mm·</strong></span> <span class='ocrx_word' id='word_1_761' title='bbox 1426 5677 1490 5761; x_wconf 74' lang='lat' dir='ltr'><strong>phe</strong></span> <span class='ocrx_word' id='word_1_762' title='bbox 1511 5681 1801 5760; x_wconf 70' lang='lat' dir='ltr'><strong>praesumpserunt</strong></span> <span class='ocrx_word' id='word_1_763' title='bbox 1844 5677 1892 5742; x_wconf 84' lang='lat' dir='ltr'><strong>At</strong></span> <span class='ocrx_word' id='word_1_764' title='bbox 1912 5674 1991 5760; x_wconf 88' lang='lat' dir='ltr'><strong>qmd</strong></span> <span class='ocrx_word' id='word_1_765' title='bbox 2011 5673 2079 5769; x_wconf 81' lang='lat' dir='ltr'><strong>talc¹</strong></span> <span class='ocrx_word' id='word_1_766' title='bbox 2098 5669 2196 5738; x_wconf 80' lang='lat' dir='ltr'><strong>hodie</strong></span> <span class='ocrx_word' id='word_1_767' title='bbox 2217 5692 2254 5736; x_wconf 90' lang='grc'><strong>111</strong></span> <span class='ocrx_word' id='word_1_768' title='bbox 2269 5669 2402 5754; x_wconf 83' lang='lat' dir='ltr'><strong>tempbs</strong></span> 
     </span>
    </p>
   </div>
   <div class='ocr_carea' id='block_1_7' title="bbox 0 0 2804 6806">
    <p class='ocr_par' dir='ltr' id='par_1_8' title="bbox 0 0 2804 6806">
     <span class='ocr_line' id='line_1_57' title="bbox 0 0 2804 6806; baseline 0 0"><span class='ocrx_word' id='word_1_769' title='bbox 0 0 2804 6806; x_wconf 95' lang='lat' dir='ltr'><strong> </strong></span> 
     </span>
    </p>
   </div>
  </div>
 </body>
</html>
