5600 6809
398 750 462 813 383
759 746 849 812 LIB.
871 747 918 812 11.
961 747 1026 812 DIl
1049 745 1337 814 coaNrrIONa
1361 746 1446 813 DIlI
1467 745 1814 813 Ranaaffroffls.
1859 747 1958 814 CAP.
1982 749 2044 815 XI.
2346 755 2409 817 334

396 938 476 1016 isse,
503 943 678 1019 postquam
697 936 823 1002 Christi
844 936 1005 1020 sanguine
1027 943 1255 1002 consecratum
1277 935 1377 1000 stabi-
1429 935 1566 1000 16116166
1578 955 1617 1000 ee
1628 935 1739 1016 priore
1752 934 1840 1000 Peos
1850 937 1982 1018 epistola
1994 937 2040 1021 (l,
2057 939 2120 1022 12),
2136 938 2238 1020 fuisse
2250 939 2411 1022 1111611616-

395 1022 557 1105 litumque
568 1023 640 1086 fuit
669 1021 767 1088 Unde
779 1022 922 1101 calicem,
941 1044 1037 1104 quem
1050 1021 1217 1104 discipulis
1228 1022 1265 1086 in
1277 1042 1378 1086 coena
1429 1022 1554 1103 suctum,
1571 1025 1674 1086 norae
1684 1022 1824 1085 maxime
1833 1024 1956 1088 saeculo
1966 1024 2074 1088 6111616
2086 1045 2410 1108 esseeorumoperom.

395 1108 537 1194 porrigit
559 1107 728 1187 Christus,
758 1108 837 1174 novi
863 1109 1052 1173 testamenti
1072 1108 1207 1174 calicem
1226 1114 1321 1191 vocat
1342 1107 1378 1171 in
1518 1110 1546 1170 7.
1591 1107 1698 1171 Venio
1717 1106 1759 1172 ad
1780 1109 1915 1174 tertium
1934 1108 2124 1187 discrimen,
2148 1111 2234 1192 quod
2256 1113 2409 1179 6111616-

396 1192 1378 1361 66611611116166111111
1430 1193 2410 1351 111111111111111116316111111

396 1386 522 1434 novum
542 1365 582 1430 fit
598 1373 632 1431 et
648 1373 819 1431 aeternum
837 1365 916 1429 1616
927 1365 1088 1448 sauguine
1105 1330 1377 1448 suo'obsignatur.
1431 1372 1465 1429 61
1485 1364 1596 1429 domui
1613 1330 1697 1429 Iuda
1713 1364 1826 1430 foedus
1843 1333 1981 1448 novuni3
1997 1389 2070 1432 ,nou
2087 1368 2267 1434 secundum
2279 1379 2411 1451 pactum

485 1455 514 1515 ὅ.
559 1451 650 1515 Hinc
688 1451 792 1533 liquet
830 1472 895 1534 quo
928 1472 1027 1516 sensu
1061 1450 1182 1514 dixerit
1214 1449 1378 1533 apostolus
1431 1449 1516 1532 quod
1538 1451 1647 1535 pepigi
1665 1472 1740 1516 cum
1758 1452 1907 1534 patribus
1928 1454 2055 1529 vestris,
2078 1455 2115 1517 in
2138 1454 2190 1518 die
2212 1475 2278 1536 qua
2294 1477 2410 1539 appre-

396 1535 489 1689 anl.
504 1540 534 1616 3,
546 1540 587 1601 24
606 1537 754 1620 614,1),
777 1537 859 1622 legis
878 1536 1080 1620 paedagogia
1101 1536 1255 1602 deductos
1277 1535 1378 1601 firisse
1431 1535 1531 1601 hendi
1543 1558 1679 1601 manum
1691 1557 1805 1601 eorum
1823 1548 1861 1601 ut
1873 1538 2045 1604 educerem
2059 1560 2113 1605 666
2125 1561 2143 1604 6
2154 1547 2244 1605 terra
2254 1542 2410 1627 Aegypti,

415 1622 538 1690 udaeos
565 1622 816 1702 6101111616111,
845 1628 1022 1704 autequam
1049 1623 1120 1705 ipse
1143 1623 1299 1687 16661116
1321 1641 1379 1686 ex·
1430 1630 1563 1705 pactam
1592 1621 1678 1704 quod
1705 1623 1836 1687 irritum
1862 1625 2025 1704 fecerunt,
2052 1627 2203 1707 quamvis
2225 1626 2412 1693 dominarer

397 1707 576 1775 biberetur.
610 1708 691 1774 Illos
711 1728 840 1791 quoque
861 1708 945 1774 filios
967 1715 1001 1773 61
1022 1708 1178 1774 haeredes
1196 1708 1261 1773 Dei
1277 1708 1379 1773 fuisse
1431 1710 1493 1788 eis;
1516 1707 1574 1773 sed
1590 1708 1652 1773 hoc
1676 1709 1738 1772 erit
1759 1717 1890 1790 pactum
1909 1710 1995 1793 quod
2011 1711 2126 1776 feriam
2149 1733 2223 1777 cum
2247 1712 2342 1777 domo
2359 1715 2411 1778 Is-

396 1796 537 1873 11116161,
571 1795 630 1859 sed
656 1796 712 1877 qui
739 1801 873 1878 propter
899 1795 1075 1876 pueritiam
1108 1794 1169 1858 sub
1197 1794 1378 1877 paedagogi
1430 1794 1512 1859 rael:
1528 1814 1649 1877 ponam
1661 1793 1768 1877 legem
1780 1816 1888 1859 meam
1900 1796 2119 1861 invisceribus
2131 1798 2412 1876 eornm,cordibus

398 1879 546 1948 custodia
577 1879 721 1946 habendi
748 1887 866 1945 essent.
921 1879 1147 1946 Conveniebat
1174 1881 1276 1958 enim,
1310 1879 1378 1944 sole
1431 1901 1544 1945 eorum
1554 1878 1731 1944 inscribam
1743 1901 1825 1959 eam,
1846 1891 1880 1945 et
1890 1883 2093 1963 propitiabor
2104 1884 2270 1965 iniquitati
2282 1905 2410 1964 eorum;

397 1964 542 2033 iustitiae
569 1964 718 2030 nondum
746 1973 874 2046 exortu,
908 1987 969 2031 nec
996 1974 1127 2030 tantum
1158 1986 1228 2030 6666
1252 1966 1377 2030 161616-
1431 1966 1464 2030 61
1491 1988 1558 2031 non
1586 1965 1712 2030 docebit
1740 1967 1962 2048 unusquisqne
1993 1969 2180 2050 proximum
2211 1991 2322 2048 suum,
2358 1972 2412 2037 vir

398 2051 498 2118 tionis
524 2051 702 2136 fulgorem,
736 2074 798 2116 nec
824 2058 952 2116 tantam
979 2050 1185 2134 intelligendi
1213 2051 1377 2135 perspica-
1430 2052 1566 2116 fratrem
1587 2072 1695 2117 suum:
1720 2072 1832 2117 omnes
1849 2053 1939 2116 enim
1956 2061 2149 2136 cognoscent
2165 2076 2218 2120 me
2237 2076 2257 2119 a
2274 2058 2410 2121 minimo

399 2137 492 2204 aian.
527 2135 585 2204 Sic
603 2158 681 2222 ergo
698 2137 793 2203 verbi
810 2138 861 2202 sui
872 2137 979 2203 lucem
991 2137 1057 2201 illis
1069 2137 1233 2203 Dominus
1245 2137 1378 2219 dispen-
1431 2137 1597 2220 usquead
1613 2137 1805 2201 maximum.
1846 2139 1901 2201 Ex
1922 2137 2039 2220 quibus
2061 2141 2263 2205 messionem
2284 2143 2410 2224 accepit

399 2224 501 2304 savit,
531 2231 570 2288 ut
596 2244 670 2289 eam
698 2225 827 2289 eminus
854 2223 962 2289 adhue
984 2231 1018 2287 61
1040 2223 1176 2288 obscure
1197 2231 1376 2288 cernerent.
1432 2223 1596 2307 apostolus
1624 2221 1659 2307 (2
1678 2221 1752 2288 Cor.
1781 2228 1816 2302 3,
1842 2224 1877 2307 6)
1910 2226 2160 2306 comparationis
2192 2225 2291 2291 huius
2323 2229 2410 2292 inter

398 2307 479 2375 Ideo
505 2309 594 2375 hanc
620 2309 858 2394 intelligentiae
885 2310 1080 2373 tenuitatem
1101 2310 1259 2391 pueritiae
1280 2330 1377 2375 voca-
1430 2309 1538 2393 legom
1565 2316 1599 2373 61
1627 2309 1836 2392 evangelium
1865 2309 2072 2388 statuendae,
2101 2318 2139 2376 ut
2164 2310 2256 2376 illam
2279 2320 2411 2379 vocaret

399 2393 477 2461 bulo
497 2395 623 2461 Paulus
644 2403 754 2472 notat,
776 2416 876 2478 quam
898 2394 1068 2460 elementis
1089 2395 1187 2459 huius
1208 2394 1325 2459 mundi
1346 2402 1380 2459 ot
1431 2395 1607 2474 literalem,
1636 2394 1699 2459 hoc
1721 2395 1926 2479 spiritualem
1949 2395 2145 2476 doctrinam
2171 2396 2264 2462 illam
2288 2399 2410 2465 diceret

401 2481 547 2547 externis
568 2479 877 2560 observatiunculis,
905 2488 1063 2562 tanquam
1091 2480 1214 2563 regulis
1242 2481 1380 2563 puerilis
1430 2482 1531 2546 fuisse
1563 2480 1779 2545 deformatam
1810 2482 1846 2544 in
1877 2481 1999 2547 tabulis
2030 2481 2182 2564 lapideis,
2217 2484 2278 2549 hoo
2310 2485 2429 2550 flasse

400 2565 601 2650 disciplinae,
618 2566 724 2633 voluit
733 2567 898 2631 Dominus
916 2567 1070 2645 exerceri,
1089 2565 1190 2630 donec
1208 2567 1381 2649 effulgeret
1431 2566 1582 2633 cordibus
1599 2567 1794 2649 inscriptum
1800 2590 1809 2647 3
1832 2566 1923 2631 illam
1941 2588 2012 2631 esse
2029 2566 2302 2648 praedicationem
2321 2590 2409 2633 mor-

400 2649 569 2731 Christas,
598 2673 658 2735 per
679 2673 778 2735 quem
798 2652 904 2717 fidelis
926 2652 1039 2735 populi
1060 2653 1279 2735 cognitionem
1301 2652 1378 2716 ado-
1431 2653 1482 2732 tis,
1506 2652 1567 2718 hoc
1584 2652 1672 2717 11166
1677 2675 1686 2731 ;
1709 2652 1799 2716 illam
1813 2651 2042 2732 damnationis,
2065 2653 2296 2733 hociustitiae;
2318 2655 2411 2719 iham

399 2737 522 2804 1666616
540 2738 719 2822 oportebat.
752 2738 850 2804 Hauc
869 2737 1110 2803 distinctionem
1127 2736 1379 2822 signavitChri·
1431 2739 1592 2817 evacuari,
1610 2736 1673 2802 hoc
1688 2758 1890 2820 permanere.
1925 2737 2039 2819 Quum
2053 2739 2410 2822 apostolopropositum

400 2830 470 2890 stus
496 2825 584 2908 ipse,
611 2845 713 2907 quum
735 2823 858 2889 diceret
879 2823 1013 2908 (Matth.
1036 2828 1090 2902 ll,
1113 2823 1182 2908 13),
1211 2824 1318 2906 legem
1346 2830 1380 2888 61
1430 2825 1528 2888 fuerit
1549 2833 1695 2888 mentem
1716 2823 1895 2906 prophetae
1917 2846 2086 2903 enarrare,
2109 2826 2211 2890 verba
2231 2826 2329 2891 unius
2352 2848 2410 2891 ex·

400 2910 576 2994 prophetas
597 2909 823 2992 16166666166
846 2909 1057 2974 6116666661
1064 2933 1073 2987 ;
1095 2930 1136 2973 ex
1158 2931 1196 2974 eo
1214 2908 1379 2993 evangeli·
1430 2909 1573 2993 pendere
1602 2911 1681 2974 satis
1704 2910 1818 2988 166111,
1846 2916 1885 2973 61
1909 2931 2123 2993 assequamur
2144 2912 2313 2993 utrimque
2335 2934 2410 2977 sen·

399 2997 466 3062 sari
487 3016 629 3080 regnum
650 2996 723 3060 Dei
769 2994 861 3076 Quid
887 2994 942 3059 lex
970 3003 1003 3058 et
1023 2995 1201 3077 prophetae
1222 2996 1273 3059 sui
1295 3005 1378 3059 tem·
1431 3017 1513 3060 sum.
1565 2993 1764 3077 Quanquam
1796 3002 1846 3060 est
1878 2995 2001 3078 aliquid
2032 2996 2121 3061 inter
2154 3017 2209 3061 eos
2242 2996 2408 3063 dissimile.

393 3152 396 3157 ,
438 3081 486 3146 ris
508 3081 696 3147 hominibus
717 3079 952 3164 prodiderunt?
982 3100 1101 3163 nempe
1128 3086 1261 3164 gustum
1283 3101 1379 3164 prae·
1431 3079 1694 3146 Odiosiusenim
1715 3080 1858 3163 loquitur
1879 3080 2012 3165 delego
2033 3082 2198 3164 apostolus
2219 3105 2409 3166 quampro-

437 3167 521 3233 bant
542 3167 613 3232 eius
635 3168 829 3250 sapientiae,
855 3187 939 3249 quae
960 3166 1039 3230 olim
1061 3166 1104 3230 ad
1124 3166 1286 3248 liquidum
1307 3188 1378 3231 ma-
1429 3167 1538 3250 pheta.
1582 3167 1697 3249 Neque
1720 3166 1754 3230 id
1776 3166 1918 3249 simplici
1938 3167 2022 3251 legis
2044 3176 2207 3249 respectu,
2236 3168 2294 3232 sed
2321 3170 2408 3250 quod

399 3253 586 3318 nifastanda
611 3262 697 3331 erat,
725 3262 759 3317 61
785 3253 898 3335 procul
920 3252 1116 3317 emicantem
1137 3259 1379 3335 praemonstra·
1430 3261 1527 3318 erant
1548 3252 1728 3318 nebulones
1748 3253 1881 3335 quidam
1898 3253 1982 3337 legis
1998 3249 2163 3336 κακόζηλοι,
2181 3254 2237 3336 (161
2254 3275 2408 3337 perverso

399 3338 488 3404 bant
542 3338 610 3405 Ubi
641 3345 752 3404 autem
784 3337 886 3422 digito
918 3344 1026 3420 potest
1057 3338 1185 3403 ostendi
1214 3337 1377 3417 Christus,
1430 3338 1709 3405 caeremoniarum
1729 3338 1847 3417 studio,
1871 3339 2034 3423 evangehi
2057 3340 2239 3405 claritatem
2256 3342 2409 3406 obscura·

399 3431 583 3490 16661616111
609 3431 659 3490 661
684 3446 825 3508 regnum
845 3425 918 3490 Dei.
963 3422 1001 3488 In
1028 3424 1099 3507 ipso
1128 3425 1218 3489 enim
1239 3425 1378 3507 expositi
1429 3425 1524 3504 bant;
1553 3424 1593 3488 de
1619 3423 1703 3507 legis
1729 3430 1849 3489 natura
1868 3426 2049 3490 secundum
2070 3447 2183 3490 eorum
2207 3447 2350 3491 errorem
2372 3448 2410 3492 ac

400 3516 478 3576 66111
494 3510 642 3575 thesauri
658 3531 772 3576 omnes
790 3511 969 3593 sapientiae
987 3517 1020 3574 et
1037 3510 1274 3593 intelligentiae
1292 3509 1376 3594 (Col.
1430 3510 1565 3576 6111116111
1588 3510 1792 3575 affectionem
1815 3510 1969 3594 disputat
2014 3513 2105 3594 Ergo
2131 3511 2165 3575 id
2186 3512 2352 3594 peculiare
2373 3514 2410 3577 in

401 3599 431 3677 2,
449 3596 498 3680 3),
528 3597 645 3679 quibus
672 3617 773 3679 prope
795 3596 838 3672 ad
858 3597 869 3660 i
893 3618 931 3661 sa
952 3596 1032 3661 coeli
1055 3596 1155 3681 adyta
1176 3603 1376 3680 penetratur.
1429 3596 1535 3662 Paulo
1556 3596 1730 3661 observare
1752 3617 1869 3678 operae
1891 3598 2035 3677 pretium
2052 3599 2123 3661 erit.
2159 3598 2305 3681 Uterque
2319 3620 2408 3676 vero,

486 3688 513 3746 6.
558 3682 628 3747 Nec
650 3683 770 3762 obstat,
799 3619 892 3764 quod
912 3703 1010 3748 nemo
1038 3682 1105 3747 fere
1134 3682 1171 3746 in
1197 3682 1379 3747 christiana
1429 3684 1514 3765 quia
1527 3688 1624 3747 vetus
1641 3703 1679 3747 ao
1696 3702 1820 3747 novum
1837 3688 2070 3746 testamentum
2091 3704 2151 3764 per
2169 3685 2409 3749 contentionem

400 3767 536 3834 ecelesia
567 3768 705 3851 reperiri
737 3774 849 3851 queat,
893 3769 949 3850 qui
985 3768 1062 3833 fidei
1099 3769 1303 3851 praestantia
1334 3768 1379 3833 sit
1431 3770 1519 3833 inter
1540 3789 1575 3832 se
1597 3767 1770 3848 componit,
1793 3766 1878 3830 nihil
1898 3767 1933 3829 in
1955 3767 2223 3849 legeeonsiderat
2239 3771 2304 3835 nisi
2321 3770 2409 3853 quod

400 3874 477 3919 oum
505 3854 676 3919 Abraham
701 3853 960 3938 componendum
993 3853 1079 3937 quod
1111 3875 1150 3919 ea
1181 3855 1216 3920 vi
1245 3854 1379 3938 spiritus
1429 3854 1601 3938 proprium
1623 3854 1692 3917 eius
1712 3859 1771 3916 est.
1815 3851 1969 3933 Exempli
1992 3853 2113 3934 gratia:
2143 3853 2196 3916 lex
2225 3857 2408 3921 misericor-

401 3938 617 4005 exeelluerint
637 3940 825 4023 prophetae,
850 3961 915 4022 qua
931 3940 1093 4023 hodieque
1116 3941 1229 4005 orbem
1246 3942 1378 4005 univer·
1431 3939 1504 4005 diae
1536 3938 1767 4021 promissiones
1799 3938 1923 4019 passim
1950 3938 2108 4016 continct3
2142 3937 2201 4002 661
2227 3943 2304 4020 quia
2332 3950 2410 4006 sunt
2525 3958 2527 3961 ’

400 4045 476 4090 sum
496 4023 694 4090 illuminant
738 4026 814 4092 Non
837 4028 925 4090 enirn
953 4025 1033 4108 quid
1053 4026 1089 4089 in
1110 4046 1232 4108 paucos
1253 4026 1378 4110 gratiae
1431 4024 1562 4090 aliunde
1580 4024 1709 4101 ascitae,
1732 4022 1950 4088 non'veniunt
1971 4024 2006 4086 in
2028 4022 2110 4106 legis
2127 4024 2289 4087 rationem
2306 4048 2409 4108 quum

400 4110 576 4176 contulerit
590 4112 762 4191 Dominus,
785 4112 839 4178 hic
862 4112 1044 4194 quaeritur;
1067 4111 1125 4177 sed
1146 4113 1302 4194 quamrin
1319 4133 1377 4194 po-
1431 4110 1471 4175 de
1498 4131 1582 4193 pura
1608 4110 1678 4173 eius
1705 4115 1826 4173 natura
1847 4128 1954 4173 sermo
1975 4108 2124 4174 habetur.
2168 4110 2241 4175 Hoc
2264 4110 2408 4176 11111611-

399 4196 476 4279 pulo
504 4195 648 4262 docendo
677 4198 878 4263 ordinariam
911 4197 1187 4280 dispensationem
1220 4204 1378 4279 sequutus
1430 4203 1503 4260 tum
1524 4196 1682 4273 tribuunt,
1705 4201 1743 4257 ut
1761 4195 1943 4277 praecipiat
1964 4216 2049 4278 quae
2065 4203 2155 4261 reeta
2176 4203 2262 4273 sunt,
2285 4197 2409 4260 scelera

400 4281 455 4347 sit:
486 4281 592 4365 qualis
611 4282 700 4366 apud
719 4284 793 4349 illos
815 4284 904 4369 ipsos
924 4282 1115 4366 prophetas,
1144 4283 1199 4365 qui
1221 4281 1377 4364 peculiari
1429 4281 1608 4364 prohibeat,
1630 4279 1815 4362 praemium
1832 4280 1939 4346 edicat
1957 4282 2134 4347 cultoribus
2154 4283 2308 4360 iustitiae,
2330 4300 2407 4363 poe-

401 4388 499 4451 supra
531 4370 611 4434 alios
644 4370 829 4454 cognitione
866 4368 1006 4453 praediti
1037 4370 1185 4446 fuerunt,
1227 4367 1375 4433 habetur.
1429 4388 1507 4431 nam
1525 4367 1822 4450 transgressoribus
1839 4368 1998 4446 minetur;
2020 4367 2126 4433 cordis
2148 4368 2281 4432 interim
2298 4366 2408 4449 pravi·

400 4452 486 4519 Nam
506 4461 541 4519 61
563 4455 714 4534 obscura,
742 4477 801 4521 ceu
824 4456 864 4521 16
885 4457 984 4521 rebus
1004 4454 1206 4537 longinquis,
1234 4460 1269 4517 et
1289 4453 1377 4538 typis
1429 4461 1545 4532 tatem,
1568 4474 1652 4534 (1666
1673 4453 1799 4518 cunctis
1821 4453 2008 4519 hominibus
2030 4454 2191 4518 naturalis
2211 4456 2311 4530 inest,
2340 4472 2407 4516 non

399 4538 525 4606 inclusa
551 4549 602 4605 661
623 4562 737 4607 eorum
758 4542 965 4625 praedicatio.
1010 4539 1065 4604 Ad
1087 4540 1182 4618 11666,
1211 4545 1378 4621 utcunque
1429 4540 1582 4604 immatet
1603 4545 1662 4604 aut
1683 4537 1842 4604 emendet

399 4625 537 4693 mirifica
562 4627 598 4691 in
625 4627 691 4693 illis
718 4629 836 4693 notitia
863 4629 1037 4707 emineret,
1068 4646 1171 4709 quum
1197 4632 1309 4690 tamen
1336 4625 1378 4689 ad
1517 4629 1547 4690 8.
1591 4625 1689 4691 Nune
1719 4625 1930 4693 membratim
1957 4625 2094 4708 apostoli
2123 4623 2328 4689 collationem
2349 4646 2407 4689 ox·

400 4730 605 4778 communem
635 4715 749 4798 populi
776 4713 1014 4798 paedagogiam
1041 4712 1233 4778 submittere
1256 4731 1292 4776 se
1319 4732 1377 4776 ne·
1429 4710 1596 4795 plicemus.
1629 4711 1735 4776 Vetus
1755 4718 1989 4777 testamentum
2009 4709 2135 4774 literale
2157 4715 2216 4788 est,
2238 4711 2315 4791 quia
2336 4711 2407 4776 sine

400 4816 489 4864 66666
507 4798 693 4878 habuerint,
715 4802 753 4864 in
772 4821 951 4883 puerorum
968 4819 1068 4883 grege
1084 4798 1147 4880 ipsi
1157 4818 1283 4880 quoque
1301 4818 1377 4863 oeu-
1430 4798 1564 4881 spiritus
1597 4797 1741 4863 efficacia
1771 4799 2030 4881 promulgatum,
2070 4815 2194 4860 novum
2227 4796 2405 4877 spirituale,
2469 4860 2472 4870 ,

400 4892 523 4950 santur.
556 4885 729 4951 Postremo
750 4907 920 4969 nunquam
941 4891 1037 4950 tanta
1053 4884 1130 4949 ullis
1146 4891 1225 4949 tunc
1239 4884 1379 4966 contigit
1430 4881 1518 4967 quod
1545 4883 1711 4947 Dominus
1739 4883 1912 4949 hominum
1939 4880 2090 4949 cordibus
2115 4881 2329 4964 spiritualiter
2354 4883 2406 4946 in-

400 4970 643 5054 porspieientia,
671 4993 754 5055 quae
781 4994 850 5036 non
873 4971 994 5038 saeculi
1016 4970 1247 5036 obscuritatem
1269 4969 1379 5052 aliqua
1432 4968 1576 5052 sculpsit
1621 4967 1700 5034 Ideo
1721 4970 1865 5035 secunda
1887 4967 2059 5033 antithesis
2086 4974 2137 5032 est
2156 4967 2260 5032 161611
2280 4969 2407 5052 primae

400 5074 441 5121 ox
466 5064 562 5140 parte
583 5059 750 5141 1661116161
794 5056 892 5124 Unde
913 5057 995 5121 illud
1017 5055 1144 5123 Christi
1167 5056 1303 5141 (Matth.
1327 5060 1376 5136 13,
1432 5054 1616 5122 declaratio.
1659 5056 1766 5120 Vetus
1786 5054 1992 5119 mortiferum
2011 5059 2075 5130 est,
2098 5054 2175 5136 quia
2194 5052 2280 5117 nihil
2301 5061 2408 5136 potest

403 5143 728 5230 17;Luc.1o,24):
756 5144 852 5210 multi
879 5164 974 5227 reges
996 5149 1030 5207 et
1050 5142 1229 5226 prophetae
1251 5141 1379 5207 166116·
1430 5164 1530 5226 quam
1561 5140 1788 5207 maledictione
1820 5138 1987 5205 involvere
2018 5139 2208 5205 universum
2236 5139 2407 5204 hominum

400 5236 517 5294 rerunt
542 5229 654 5295 videre
674 5251 758 5313 quae
778 5252 837 5296 166
858 5229 977 5296 videtis
1005 5235 1040 5292 et
1060 5249 1128 5293 non
1146 5227 1315 5308 1116111111,
1345 5234 1379 5293 61
1431 5248 1550 5312 genum
1579 5247 1704 5291 novum
1731 5234 1782 5292 est
1802 5226 1889 5291 11166
1910 5243 2085 5307 organum,
2114 5225 2190 5308 quia
2211 5245 2232 5289 6
2252 5225 2406 5288 maledic·

401 5314 618 5399 1111161666
634 5337 694 5382 166
716 5316 836 5382 auditis
858 5313 1115 5382 6666611611611.
1148 5314 1265 5398 Itaque
1275 5315 1379 5381 166111
1429 5315 1518 5378 tione
1539 5313 1693 5379 liberatos
1714 5313 1751 5374 in
1771 5312 1911 5394 gratiam
1932 5330 2007 5374 cum
2027 5311 2100 5375 Deo
2121 5310 2273 5376 restituit.
2317 5307 2407 5372 11161

402 5401 486 5466 oculi
507 5402 597 5468 beati
617 5403 695 5493 quia
715 5403 844 5483 1116111,
869 5409 903 5467 61
924 5419 1021 5465 66166
1040 5399 1117 5481 quia
1139 5399 1287 5464 audiunt
1330 5401 1379 5464 Et
1431 5398 1650 5464 damnationis
1676 5396 1896 5461 ministerium
1916 5404 1981 5476 est,
2010 5395 2087 5480 quia
2112 5417 2184 5461 reos
2204 5394 2334 5478 peragit
2354 5395 2405 5457 in-

403 5505 480 5554 66116
505 5487 569 5553 hae
595 5507 711 5571 praero
755 5490 824 5556 tiva
851 5487 977 5554 Christi
1009 5483 1230 5568 praesentiam
1254 5483 1378 5567 pollere
1430 5485 1575 5549 iustitiae
1597 5501 1710 5546 omnes
1730 5481 1815 5547 filios
1835 5481 1960 5564 Adam;
1985 5483 2048 5550 hoc
2068 5482 2221 5558 iustitiae,
2243 5479 2321 5562 quia
2340 5479 2405 5544 Dei
2452 5554 2457 5558 .

405 5591 543 5657 aequum
557 5575 721 5653 1611616
759 5596 798 5640 ea
815 5572 986 5640 dilucidior
997 5573 1179 5651 emergeret
1189 5569 1378 5634 coelestium
1430 5565 1690 5635 misericordiam
1711 5567 1850 5647 revelat,
1872 5590 2051 5654 perquam
2073 5568 2295 5634 iustificamur.
2339 5565 2404 5630 Po·

403 5660 632 5745 mysteriorum
647 5660 813 5728 revelatio.
840 5660 1011 5743 anetiam
1017 5655 1152 5742 pertas
1163 5656 1245 5736 qaod
1255 5655 1379 5720 661661·
1431 5662 1554 5720 strema
1581 5650 1754 5721 antithesis
1788 5652 1831 5718 ad
1857 5654 1941 5738 legis
1973 5652 2193 5722 caeremonias
2224 5650 2403 5716 referenda
