5600 6809
397 795 458 858 287
1047 785 1312 854 INSPIPUPIO
1334 786 1440 853 REIr.
1463 783 1644 853 euulsa.
1671 789 1760 851 1559.
2342 788 2411 851 288

396 1002 432 1046 11
454 981 548 1064 gravi
577 985 610 1042 et
631 978 716 1043 seria
738 976 849 1043 Deum
876 979 964 1043 inter
992 999 1026 1043 se
1049 976 1189 1040 iudicem
1211 976 1375 1060 appellare
1514 979 1563 1038 29.
1609 975 1844 1039 Illam-tamen
1875 973 2054 1058 spiritualis
2084 975 2202 1057 quietis
2229 975 2412 1042 adumbra-

394 1067 485 1143 licet,
518 1065 622 1129 multo
655 1064 761 1148 magis
794 1071 922 1129 testem.
966 1061 1177 1127 Insimulabit
1208 1069 1241 1125 te
1274 1063 1376 1126 frater
1426 1060 1550 1126 tionem
1570 1061 1764 1144 primarium
1787 1061 1823 1124 11
1845 1059 2003 1125 sabbatho
2025 1060 2132 1126 locum
2153 1062 2297 1127 tenuisse
2318 1061 2412 1127 mul·

395 1148 472 1217 tuus
493 1151 663 1234 perfidiae;
690 1171 832 1233 purgare
854 1156 886 1214 te
908 1148 1067 1224 studebis,
1095 1170 1137 1213 ex
1160 1148 1306 1213 caritatis
1327 1148 1375 1211 of·
1426 1146 1569 1212 tifariam
1592 1146 1754 1211 doeemur.
1798 1145 1929 1211 Nullius
1956 1147 2024 1211 fere
2048 1146 2211 1229 siquidem
2238 1148 2412 1231 praecepti

394 1239 483 1317 ficio;
514 1237 568 1301 1111
598 1236 690 1299 nulla
716 1237 843 1300 ratione
872 1235 1023 1300 satisfieri
1051 1234 1112 1298 sibi
1140 1234 1290 1316 patietur.
1337 1231 1374 1297 Si
1427 1232 1645 1297 obedientiam
1668 1231 1814 1298 severius
1835 1233 1997 1296 Dominus
2023 1232 2141 1316 exegit.
2187 1230 2410 1312 (1111111111-

394 1325 431 1388 in
453 1323 629 1388 discrimen
650 1323 739 1385 fama
760 1329 817 1384 tua
838 1321 878 1385 ob
892 1320 989 1384 ‚illius
1008 1319 1204 1384 obstinatam
1221 1319 1374 1402 maligni·
1426 1339 1556 1383 versam
1578 1338 1708 1383 omnem
1729 1317 1921 1401 religionem
1941 1318 2015 1381 vult
2032 1318 2119 1401 apud
2139 1319 2315 1401 prophetas
2339 1320 2410 1404 sig·

396 1418 498 1474 tatem
525 1409 649 1486 veniat,
682 1407 752 1470 sine
780 1406 904 1470 offensa
933 1406 974 1470 ad
995 1406 1058 1470 Dei
1079 1406 1235 1470 iudicium
1257 1425 1373 1486 provo·
1426 1406 1569 1483 nificare,
1591 1403 1724 1487 polluta,
1748 1403 1884 1481 violata,
1907 1424 1973 1467 non
1995 1402 2169 1481 custodita,
2193 1426 2260 1469 non
2281 1405 2411 1471 sancti·

260 1501 266 1513 '
395 1496 498 1574 cabis,
541 1501 578 1557 nt
617 1501 708 1556 tuam
740 1493 961 1557 innocentiam
993 1499 1139 1575 tempore
1177 1491 1372 1555 manifestet.
1426 1492 1523 1556 ficata
1551 1511 1610 1554 sua
1632 1489 1792 1555 sabbatha
1814 1490 2023 1571 conqueritur
2030 1514 2038 1569 ;
2068 1491 2175 1572 quasi,
2199 1491 2318 1555 omisso
2342 1491 2410 1559 hoo

395 1581 508 1646 Minus
537 1590 587 1645 est
606 1586 724 1642 testem
744 1577 917 1654 advocare,
948 1578 976 1641 si
1005 1578 1105 1641 verba
1133 1575 1372 1658 expenduntur.
1426 1576 1593 1659 obsequio,
1626 1575 1709 1639 nihil
1738 1575 1877 1657 amplius
1906 1573 2045 1640 restaret
2065 1577 2101 1639 11
2123 1595 2186 1658 quo
2207 1584 2316 1659 posset
2345 1576 2410 1642 ho-

396 1666 472 1731 Non
499 1666 593 1730 video
614 1664 718 1747 igitur
739 1684 799 1727 cur
826 1662 880 1728 hic
897 1663 1047 1728 illicitam
1069 1683 1253 1727 asseramus
1272 1669 1372 1727 attes-
1424 1662 1537 1726 norari
1555 1661 1668 1744 (Num
1685 1665 1740 1738 15,
1762 1664 1818 1739 323
1844 1661 1902 1725 ΕΖ.
1924 1664 1979 1738 20,
2002 1665 2039 1724 12
2058 1665 2166 1739 1122,
2185 1666 2204 1725 8
2223 1669 2257 1727 et
2277 1665 2329 1741 23,
2349 1666 2408 1743 38;

396 1752 562 1816 tationem.
618 1750 731 1829 Neque
774 1748 894 1813 desunt
938 1748 1082 1831 plurima
1120 1747 1280 1830 exempla.
1335 1745 1374 1812 Si
1425 1748 1488 1812 Ier.
1511 1752 1559 1826 17,
1579 1752 1628 1811 21.
1649 1750 1689 1810 22
1710 1747 2020 1831 112’1;111.56,2).
2058 1746 2142 1811 Eius
2160 1746 2410 1814 observantiam

395 1837 566 1902 Abraham
605 1842 638 1899 et
670 1835 764 1900 Isaac
798 1841 1040 1900 sacramentum
1072 1855 1149 1898 oum
1181 1832 1373 1898 Abimelech
1425 1834 1555 1904 eximiis
1582 1834 1738 1898 encomiis
1759 1832 1980 1915 prosequitur;
2003 1831 2091 1897 unde
2113 1833 2289 1918 1111111111,
2317 1835 2410 1900 inter

394 1922 526 2006 publico
547 1921 680 1985 nomine
701 1921 905 2002 praetexitur
927 1920 1026 2002 (Gen.
1047 1923 1097 1996 21,
1118 1923 1158 1981 24
1181 1927 1214 1983 11
1236 1922 1286 1996 26,
1307 1918 1372 2002 32),
1426 1919 1646 1997 11111111111,
1670 1917 1820 1985 sabbathi
1842 1918 2075 1983 revelationem
2097 1919 2233 1983 mirifice
2250 1920 2409 1984 aestima·

395 2017 430 2073 at
452 2015 540 2074 certe
558 2005 655 2072 Iacob
683 2015 717 2071 et
738 2006 856 2071 Laban
882 2006 1002 2087 privati
1031 2011 1140 2081 erant,
1175 2005 1230 2087 qui
1259 2013 1372 2069 mutuo
1425 2005 1512 2069 bant.
1558 2005 1615 2071 Sic
1643 2006 1730 2068 enim
1758 2003 1936 2086 loquuntur
1947 2004 2086 2069 Levitae
2109 2003 2196 2088 apud
2207 2004 2410 2072 Nehemiam

221 2090 223 2097 ⁴
288 2103 291 2105 ’
395 2096 579 2158 iuramento
613 2092 725 2156 foedus
756 2093 843 2156 inter
870 2113 905 2172 se
931 2089 1386 2172 1111111111((111.31,53).Ἰ
1426 2090 1470 2174 (9,
1493 2090 1556 2175 14),
1579 2091 1613 2154 in
1636 2090 1762 2154 solenni
1779 2090 2045 2173 congregatione:
2069 2089 2238 2155 ostendisti
2254 2090 2409 2174 patribus
2466 2165 2469 2181 Ι

394 2181 552 2245 Privatus
575 2185 646 2242 1111
665 2178 763 2254 Boos,
786 2177 842 2258 qui
859 2177 1057 2259 promissum
1075 2176 1260 2259 coniugium
1278 2176 1371 2240 Ruth
1425 2178 1547 2241 nostris
1570 2176 1767 2242 sabbathum
1788 2182 1881 2238 tuum
1902 2185 2066 2253 sanctum;
2094 2175 2250 2242 mandata
2278 2185 2410 2244 11111-
2431 2241 2440 2253 ,

394 2263 509 2330 eodem
540 2261 635 2327 modo
668 2262 874 2328 confirmavit
907 2261 1025 2345 (Ruth.
1045 2265 1080 2339 3,
1110 2261 1172 2345 13).
1217 2262 1372 2325 Privatus
1424 2262 1587 2327 remonias
1621 2269 1654 2326 11
1683 2261 1791 2344 legem
1820 2259 1937 2326 dedisti
1964 2261 2011 2326 eis
2038 2282 2098 2344 per
2125 2283 2261 2326 manum
2289 2263 2408 2331 Moris

341 2419 344 2425 ,
394 2358 466 2415 erat
487 2349 629 2425 Abdias,
662 2350 714 2414 vir
746 2349 852 2412 iustus
883 2357 916 2412 et
946 2349 1065 2412 timens
1087 2348 1165 2425 Dei,
1200 2348 1256 2428 qui
1284 2348 1371 2411 iura-
1424 2348 1527 2413 Vides
1549 2355 1586 2412 ut
1607 2346 1768 2430 singulari
1796 2345 1984 2429 dignatione
2010 2347 2170 2412 habeatur
2196 2349 2283 2415 inter
2310 2369 2410 2432 prae-

393 2444 505 2500 mento
528 2443 695 2499 asseverat
716 2433 801 2515 quod
819 2433 914 2498 Eliae
936 2434 1007 2497 vult
1029 2434 1224 2515 persuadere
1242 2432 1274 2516 (l
1289 2434 1370 2516 Reg.
1424 2443 1517 2517 cepta
1545 2434 1654 2497 omnia
1678 2433 1769 2516 legis.
1815 2430 1909 2512 Quae
1931 2432 2041 2497 omnia
2062 2433 2229 2516 pertinent
2250 2434 2293 2500 ad
2316 2456 2409 2502 eom·
2444 2445 2446 2455 '

398 2520 538 2603 18‚1o).
583 2520 718 2584 Nullam
750 2520 859 2602 itaque
887 2519 1055 2583 meliorem
1083 2518 1230 2602 regulam
1258 2518 1370 2596 habeo,
1423 2517 1644 2584 mandandam
1670 2539 1704 2582 m
1728 2518 1821 2582 sterii
1849 2517 2059 2602 dignitatem,
2093 2519 2179 2601 quod
2206 2521 2345 2586 aMose
2372 2527 2409 2588 11

394 2607 460 2671 nisi
482 2615 521 2670 ut
541 2606 728 2670 iuramenta
749 2606 794 2670 sio
816 2605 1024 2670 moderemur
1044 2627 1086 2668 11
1104 2604 1279 2668 temeraria
1295 2605 1370 2682 sint,
1423 2604 1595 2670 Ezechiele
1627 2541 1845 2687 pulcllerrime
1883 2605 2087 2687 exprimitur.
2143 2603 2200 2671 Sic
2231 2606 2337 2673 habes
2368 2607 2408 2673 in

394 2713 436 2756 ne
458 2692 657 2775 promiscua,
680 2711 722 2755 ne
745 2690 930 2768 libidinosa,
958 2712 1000 2754 ne
1022 2690 1153 2769 frivola3
1181 2690 1237 2754 sed
1265 2691 1370 2754 iustae
1422 2690 1539 2755 Exodo
1558 2689 1624 2773 (31,
1647 2693 1684 2752 13
1703 2697 1737 2754 ot
1755 2693 1805 2767 35,
1825 2688 1873 2773 2):
1897 2690 2006 2755 videte
2023 2696 2061 2754 ut
2076 2691 2275 2757 sabbathum
2291 2714 2409 2759 meum

393 2777 580 2842 necessitati
607 2778 767 2854 serviant,
800 2775 856 2840 ubi
884 2776 1006 2841 seilicet
1033 2776 1087 2841 vel
1107 2775 1242 2839 Domini
1268 2775 1372 2860 gloria
1423 2776 1630 2854 custodiatis,
1662 2776 1740 2858 quia
1767 2775 1898 2859 signum
1926 2784 1976 2841 est
2002 2777 2169 2841 interme
2196 2783 2231 2842 et
2256 2800 2332 2859 vos,
2366 2780 2406 2846 in

395 2861 607 2940 vendicanda,
630 2862 684 2927 vel
704 2861 926 2945 promovenda
947 2862 1058 2926 fratris
1080 2861 1270 2927 aedificatio.
1294 2859 1371 2941 Quo
1421 2862 1686 2945 generationibus
1706 2861 1835 2940 vestris,
1858 2868 1896 2926 ut
1916 2863 2026 2926 sciatis
2048 2861 2133 2945 quod
2152 2884 2216 2946 ego
2237 2885 2313 2929 sum
2329 2866 2403 2932 Do-

394 2949 477 3034 legis
499 2948 691 3013 mandatum
712 2955 845 3031 spectat.
1422 2949 1540 3025 minus,
1558 2947 1614 3029 qui
1630 2948 1796 3014 sanctifico
1812 2969 1883 3013 vos:
1905 2947 2064 3013 custodite
2081 2948 2285 3030 sabbathum,
2303 2970 2404 3016 sanc-

1422 3043 1495 3098 tum
1511 3039 1562 3098 ost
1573 3035 1661 3097 enim
1674 3034 1779 3113 vobis;
1801 3033 1987 3099 custodiant
2002 3033 2174 3099 filiiIsrael
2191 3034 2400 3118 sabbathum,

1423 3128 1456 3184 et
1477 3119 1642 3185 eelebrent
1661 3118 1745 3184 illud
1764 3121 1801 3183 in
1818 3120 2081 3204 generationibus
2099 3121 2181 3200 suis;
2201 3127 2332 3205 pactum
2346 3131 2403 3188 est

651 3203 901 3258 PRAEGEPTUM
920 3202 1109 3268 QUARTUM.
1423 3205 1657 3287 sempiternum
1689 3204 1777 3303 inter
1798 3225 1861 3271 ‚me
1893 3213 1927 3269 et
1958 3205 2042 3271 filios
2068 3205 2172 3271 Israel
2201 3206 2404 3293 signumque

395 3329 579 3399 Recordare
607 3340 643 3398 ut
669 3329 756 3399 diem
783 3328 931 3398 sabbathi
959 3326 1150 3396 sanctifices.
1208 3330 1272 3398 Sex
1299 3328 1371 3399 die·
1424 3298 1626 3441 pelpetffl‘
1676 3292 1800 3356 Fu⁸¹¹¹⁸
1823 3298 2009 3441 {namnff
2042 3290 2208 3392 E²⁰⁰l¹¹⁰l·
2226 3293 2302 3376 (20'
2330 3293 2408 3380 ¹2„

395 3433 455 3504 bus
483 3432 669 3526 operaberis
696 3443 729 3501 et
756 3432 852 3501 [acies
888 3430 997 3499 omnia
1031 3452 1127 3522 opera
1156 3442 1231 3516 tua3
1270 3435 1372 3526 septi·
1424 3397 1529 3528 {effi
1546 3396 1894 3546 ooggsssgeffitnffloffi
1907 3398 2104 3528 zzso’sueffi
2120 3398 2409 3533 gnffffiffiffl

395 3560 449 3606 mo
486 3548 594 3607 aulem
633 3534 685 3604 die
726 3534 921 3605 sabbathum
956 3538 1087 3604 lehovae
1117 3535 1179 3603 Dei
1218 3534 1264 3604 tul
1309 3545 1370 3628 est.
1424 3546 1463 3614 Si
1485 3550 1697 3615 sanctificatio
1724 3555 1837 3613 nostra
1856 3549 2008 3631 proprias
2029 3549 2209 3615 voluntatis
2225 3551 2409 3618 mortifica·

548 3642 621 3709 Non
650 3639 746 3709 facies
773 3639 876 3707 ullum
905 3658 985 3727 opus
1013 3638 1045 3707 in
1074 3663 1124 3727 ec,
1153 3648 1214 3706 etc.
1423 3635 1514 3699 tione
1532 3641 1668 3713 constat,
1690 3635 1757 3699 iam
1778 3656 1813 3699 se
1834 3635 1958 3717 profert
1979 3636 2149 3719 aptissima
2166 3637 2253 3721 signi
2275 3638 2408 3730 externi

924 3780 928 3787 ,
1426 3741 1502 3784 cum
1528 3741 1564 3783 ro
1591 3719 1662 3802 ipsa
1689 3719 1838 3784 interiori
1861 3720 2018 3802 analogia.
2065 3719 2309 3801 Quiesoendum
2331 3742 2406 3787 om·

482 3809 532 3868 28.
583 3806 678 3872 Finis
705 3806 871 3890 praecepti
897 3813 946 3873 est
974 3815 1013 3872 ut
1039 3810 1180 3891 propriis
1203 3804 1371 3871 affectibus
1425 3805 1503 3869 nino
1525 3813 1584 3883 est,
1607 3815 1644 3870 ut
1664 3806 1757 3870 Deus
1778 3807 1815 3869 in
1835 3807 1929 3871 nobis
1951 3814 2115 3889 operatum
2140 3805 2323 3873 cedendum
2343 3829 2406 3875 vo-

396 3901 429 3954 11
451 3891 601 3972 operibus
627 3894 767 3957 emortui
788 3913 928 3976 regnum
949 3895 1014 3958 Dei
1035 3895 1246 3971 meditemur,
1275 3899 1371 3974 atque
1423 3891 1551 3954 luntate
1567 3898 1688 3969 nostra,
1710 3892 1946 3974 resignandum
1963 3914 2026 3971 cor,
2050 3892 2251 3959 abdicandae
2267 3899 2406 3961 11111111

395 3975 437 4039 ad
463 3996 536 4039 eam
563 3976 808 4043 meditationem
834 3980 995 4044 institutis
1027 3981 1067 4045 ab
1094 3982 1164 4064 ipso
1191 3976 1371 4042 rationibus
1424 3977 1532 4042 earnis
1559 3976 1760 4059 cupiditates.
1805 3977 1957 4061 Denique
1983 3979 2169 4043 feriandum
2190 3987 2242 4045 est
2268 3979 2312 4045 ab
2334 3998 2405 4047 om·

395 4081 616 4126 exerceamur.
659 4063 800 4142 Verum,
823 4067 977 4147 quoniam
1000 4067 1098 4131 habet
1118 4066 1316 4150 peculiarem
1338 4071 1372 4129 et
1425 4062 1524 4126 nibus
1559 4063 1682 4145 proprii
1709 4063 1835 4146 ingenii
1869 4064 2004 4143 muniis,
2040 4073 2078 4129 ut
2105 4065 2215 4130 Deum
2243 4065 2406 4151 habenta

395 4146 534 4211 divisam
557 4168 576 4211 a
598 4148 730 4230 reliquis
752 4150 1060 4229 considerationem,
1087 4153 1185 4235 paulo
1207 4150 1371 4216 diversam
1423 4149 1459 4212 in
1482 4146 1574 4213 nobis
1595 4157 1793 4231 operantem,
1816 4150 1852 4213 in
1873 4149 1944 4233 ipso
1966 4152 2221 4233 acquiescamus,
2245 4151 2407 4235 quemad·

394 4232 675 4314 interpretationis
700 4235 818 4298 seriem
846 4237 990 4318 requirit.
1036 4237 1221 4304 Umbratile
1243 4242 1371 4300 veteres
1422 4233 1557 4299 modum
1579 4235 1742 4318 apostolus
1759 4257 1885 4319 quoque
1903 4235 1996 4301 docet
2013 4236 2129 4321 (Hebr.
2149 4241 2178 4316 3,
2200 4240 2238 4300 13
2257 4246 2292 4301 et
2310 4241 2341 4316 4,
2356 4235 2405 4325 4)

395 4339 586 4400 nuncupare
604 4319 718 4396 solent,
734 4318 824 4470 guod
840 4330 1009 4387 externam
1029 4323 1093 4388 diei
1110 4323 1371 4390 observationem
1510 4324 1560 4385 30.
1606 4322 1806 4404 Perpetuam
1832 4323 1930 4386 istam
1953 4323 2166 4388 cessationem
2189 4321 2325 4387 Iudaeis
2350 4344 2407 4390 re·

394 4404 561 4470 contineat
581 4406 716 4487 quaein
764 4405 859 4468 hristi
877 4405 1020 4473 adventu
1043 4430 1118 4473 cum
1135 4409 1308 4493 reliquisfi
1355 4443 1370 4456 -
1423 4408 1653 4488 praesentabat
1674 4408 1772 4473 unius
1794 4408 1859 4473 diei
1876 4430 1919 4472 ex
1936 4410 2078 4490 septenis
2096 4409 2295 4488 observatio;
2317 4429 2407 4492 quae

394 4493 440 4555 ris
462 4491 583 4556 abolita
604 4491 712 4555 fiterit.
758 4489 854 4571 Quod
881 4514 958 4556 vere
987 4494 1117 4576 quidem
1141 4497 1181 4560 ab
1204 4495 1269 4558 illis
1291 4493 1370 4558 dioi-
1423 4501 1461 4555 ut
1482 4493 1598 4558 maiori
1619 4493 1777 4577 religione
1798 4494 1969 4572 coleretur,
1992 4516 2064 4558 eam
2087 4494 2236 4577 exemplo
2253 4514 2313 4559 suo
2329 4494 2406 4560 Do·

394 4582 462 4655 tur;
496 4576 554 4641 sed
583 4576 719 4642 dimidia
744 4583 873 4641 tantum
905 4599 947 4642 ex
974 4587 1067 4661 parte
1096 4603 1167 4645 rem
1201 4580 1370 4663 attingunt.
1423 4578 1532 4643 minus
1552 4580 1779 4645 commendarit.
1822 4579 1897 4643 Non
1924 4581 2013 4643 enim
2041 4579 2082 4644 ad
2108 4579 2319 4646 excitandum
2340 4579 2406 4647 ho-

395 4659 505 4740 Quarc
528 4663 625 4728 altius
643 4662 820 4746 repetenda
839 4670 889 4727 est
906 4665 1073 4747 expositio,
1097 4674 1130 4731 et
1152 4665 1370 4748 dispiciendae
1421 4664 1520 4727 minis
1548 4664 1694 4729 studium
1715 4663 1922 4730 mediocriter
1943 4665 2040 4743 valet,
2063 4673 2102 4731 ut
2123 4688 2157 4732 se
2179 4664 2220 4730 ad
2242 4666 2405 4733 creatoris

394 4753 461 4810 tres
483 4769 615 4828 causae,
644 4750 762 4832 quibus
791 4757 939 4815 constare
961 4750 1023 4815 hoo
1046 4752 1239 4816 mandatum
1260 4750 1370 4816 obser-
1422 4750 1641 4814 imitationem
1667 4749 1800 4815 tendere
1822 4752 1959 4815 noverit.
2005 4749 2043 4817 si
2070 4753 2142 4834 quis
2164 4770 2320 4817 arcanam
2340 4751 2404 4818 ali·

394 4852 489 4896 vasse
522 4834 604 4897 mihi
636 4836 755 4900 videor.
801 4834 917 4900 Voluit
939 4837 1028 4900 enim
1061 4838 1194 4903 coeleste
1215 4837 1371 4919 1191111111
1423 4856 1521 4917 quam
1543 4837 1578 4901 in
1599 4836 1783 4918 septenario
1803 4857 1939 4900 numero
1957 4837 2226 4920 significationem
2242 4836 2402 4920 requirat,

394 4917 455 4981 sub
478 4916 543 4982 diei
560 4921 689 5001 septimi
710 4922 817 5004 quiete
835 4921 954 5004 populo
971 4920 1075 4987 Israel
1093 4923 1296 5006 spiritualem
1317 4943 1369 4986 11-
1422 4920 1553 5002 quando
1585 4921 1640 4986 hic
1666 4922 1702 4985 in
1729 4922 1892 5005 scriptura
1918 4924 2123 5005 perfectionis
2152 4931 2203 4988 est
2230 4943 2403 5004 numeru,

394 5003 503 5084 quiem
525 5004 682 5085 figurare,
711 5027 775 5089 qua
803 5006 984 5091 apropriis
1005 5007 1156 5090 operibus
1179 5008 1290 5074 feriari
1314 5008 1370 5072 de·
1423 5027 1489 5070 non
1516 5007 1587 5071 sine
1607 5027 1707 5072 causa
1728 5005 1872 5073 delectus
1894 5015 1944 5072 est
1971 5008 2013 5073 ad
2034 5009 2212 5075 notandam
2232 5009 2404 5092 perpatui-

393 5086 472 5151 bent
497 5087 626 5167 fideles,
660 5098 698 5154 ut
719 5093 829 5158 Deum
856 5093 893 5157 in
920 5114 955 5158 se
983 5095 1111 5177 operari
1139 5096 1256 5159 sinant.
1302 5094 1369 5157 De-
1423 5098 1533 5156 tatem.
1569 5090 1631 5158 (lui
1653 5099 1688 5157 et
1707 5092 1790 5158 illud
1810 5093 2017 5178 suffragatur,
2039 5095 2124 5178 quod
2145 5096 2255 5161 Moses
2276 5095 2313 5160 in
2334 5094 2402 5176 die,

392 5173 471 5238 inde
497 5180 620 5238 statum
649 5174 735 5240 diem
762 5200 832 5243 esse
860 5179 978 5258 voluit,
1014 5201 1078 5263 quo
1105 5180 1146 5245 ad
1173 5180 1281 5265 legem
1311 5199 1368 5242 au·
1422 5197 1486 5259 quo
1509 5185 1624 5243 narrat
1644 5179 1842 5261 requievisse
1864 5180 2045 5246 Dominum
2070 5180 2112 5246 ab
2138 5179 2292 5266 operibus
2317 5180 2402 5263 suis,

393 5258 547 5325 diendam
587 5267 621 5324 et
659 5265 879 5330 caeremonias
910 5265 1113 5350 peragendas
1146 5265 1367 5344 convenirent,
1421 5264 1522 5327 finem
1551 5264 1780 5331 describendae
1802 5266 1930 5331 diemm
1957 5289 1995 5333 ac
2016 5268 2163 5334 noctium
2183 5267 2403 5335 successionis

391 5345 444 5410 vel
467 5346 583 5411 saltem
610 5365 707 5428 quem
734 5367 869 5431 operum
890 5373 1023 5416 suorum
1044 5352 1248 5418 meditationi
1269 5372 1367 5433 pecu·
1420 5348 1506 5414 facit
1548 5350 1661 5416 Potest
1682 5359 1715 5416 et
1736 5351 1839 5418 altera
1856 5353 2032 5436 probabilis
2054 5353 2165 5418 afferri
2185 5353 2317 5418 numeri
2339 5374 2412 5421 no··

391 5429 517 5497 liariter
549 5431 680 5507 1111111,
721 5441 759 5496 11
792 5433 854 5500 hac
885 5437 1108 5503 recordatione
1142 5438 1183 5504 ad
1213 5439 1369 5522 pietatem
1419 5435 1515 5499 tatio:
1549 5436 1636 5519 quod
1663 5437 1786 5504 seilicet
1814 5439 1995 5523 designarit
2014 5439 2192 5518 Dominus,
2225 5460 2404 5522 nunquam

392 5525 632 5582 exercerentur.
678 5517 790 5583 Tertio
812 5523 928 5598 servis,
951 5531 985 5587 et
1006 5525 1046 5589 iis
1068 5525 1124 5608 qui
1147 5524 1206 5590 sub
1229 5523 1368 5587 aliorum
1421 5520 1605 5586 absolutum
1632 5524 1702 5589 fore
1726 5524 1924 5591 sabbathum
1951 5523 2052 5590 donec
2080 5533 2219 5590 ventum
2246 5523 2290 5590 ad
2311 5525 2402 5599 ‚ulti-

393 5600 551 5685 degerent
566 5604 713 5688 imperio,
736 5605 855 5687 quietis
872 5604 959 5671 diem
975 5608 1213 5693 indulgendum
1231 5609 1366 5689 censuit,
1420 5629 1513 5671 mum
1544 5607 1632 5674 diem
1663 5610 1769 5676 fuerit
1814 5610 1970 5675 Nostram
2001 5612 2089 5676 enim
2120 5612 2157 5676 in
2182 5611 2239 5676 illo
2266 5611 2404 5680 beatam

392 5707 456 5770 quo
477 5687 621 5771 aliquam
641 5690 802 5756 haberent
824 5711 844 5755 a
864 5690 974 5757 labore
992 5696 1228 5762 remissionem.
1418 5693 1563 5776 quietem
1589 5694 1644 5760 hio
1670 5696 1876 5775 inchoamus3
1902 5696 1939 5761 in
1966 5718 2006 5762 ea
2031 5718 2134 5763 novos
2154 5696 2302 5782 quotidie
2321 5719 2405 5784 pro·
