<?xml version="1.0" encoding="UTF-8"?>
<!DOCTYPE html PUBLIC "-//W3C//DTD XHTML 1.0 Transitional//EN"
    "http://www.w3.org/TR/xhtml1/DTD/xhtml1-transitional.dtd">
<html xmlns="http://www.w3.org/1999/xhtml" xml:lang="en" lang="en">
 <head>
  <title>
</title>
<meta http-equiv="Content-Type" content="text/html;charset=utf-8" />
  <meta name='ocr-system' content='tesseract 3.04.00' />
  <meta name='ocr-capabilities' content='ocr_page ocr_carea ocr_par ocr_line ocrx_word'/>
</head>
<body>
  <div class='ocr_page' id='page_1' title='image "./ioanniscalvinio10calvgoog_0219.png"; bbox 0 0 5600 6809; ppageno 0'>
   <div class='ocr_carea' id='block_1_1' title="bbox 359 772 422 833">
    <p class='ocr_par' dir='ltr' id='par_1_1' title="bbox 359 772 422 833">
     <span class='ocr_line' id='line_1_1' title="bbox 359 772 422 833; baseline 0 0"><span class='ocrx_word' id='word_1_1' title='bbox 359 772 422 833; x_wconf 79' lang='lat' dir='ltr'><strong>tea</strong></span> 
     </span>
    </p>
   </div>
   <div class='ocr_carea' id='block_1_2' title="bbox 359 956 1338 1042">
    <p class='ocr_par' dir='ltr' id='par_1_2' title="bbox 359 956 1338 1042">
     <span class='ocr_line' id='line_1_2' title="bbox 359 956 1338 1042; baseline 0.001 -20"><span class='ocrx_word' id='word_1_2' title='bbox 359 959 498 1034; x_wconf 87' lang='lat' dir='ltr'><strong>sionem,</strong></span> <span class='ocrx_word' id='word_1_3' title='bbox 532 978 633 1040; x_wconf 91' lang='lat' dir='ltr'><strong>quum</strong></span> <span class='ocrx_word' id='word_1_4' title='bbox 655 956 794 1022; x_wconf 87' lang='lat' dir='ltr'><strong>absolvit</strong></span> <span class='ocrx_word' id='word_1_5' title='bbox 826 966 859 1020; x_wconf 89' lang='lat' dir='ltr'><strong>et</strong></span> <span class='ocrx_word' id='word_1_6' title='bbox 879 966 1011 1039; x_wconf 82' lang='lat' dir='ltr'><strong>peccata</strong></span> <span class='ocrx_word' id='word_1_7' title='bbox 1037 959 1171 1036; x_wconf 85' lang='lat' dir='ltr'><strong>retinet,</strong></span> <span class='ocrx_word' id='word_1_8' title='bbox 1199 960 1252 1024; x_wconf 88' lang='lat' dir='ltr'><strong>vel</strong></span> <span class='ocrx_word' id='word_1_9' title='bbox 1279 981 1338 1042; x_wconf 87' lang='lat' dir='ltr'><strong>per</strong></span> 
     </span>
    </p>
   </div>
   <div class='ocr_carea' id='block_1_3' title="bbox 611 767 2108 849">
    <p class='ocr_par' dir='ltr' id='par_1_3' title="bbox 611 767 2108 849">
     <span class='ocr_line' id='line_1_3' title="bbox 611 767 2108 849; baseline 0.006 -16"><span class='ocrx_word' id='word_1_10' title='bbox 611 769 700 833; x_wconf 76' lang='grc' dir='ltr'><strong>ΠΒ.</strong></span> <span class='ocrx_word' id='word_1_11' title='bbox 724 768 788 834; x_wconf 84' lang='grc' dir='ltr'><strong>[Π.</strong></span> <span class='ocrx_word' id='word_1_12' title='bbox 833 768 896 833; x_wconf 88' lang='lat' dir='ltr'><strong>DE</strong></span> <span class='ocrx_word' id='word_1_13' title='bbox 920 767 1055 835; x_wconf 82' lang='lat' dir='ltr'>MODO</span> <span class='ocrx_word' id='word_1_14' title='bbox 1076 769 1425 849; x_wconf 77' lang='lat' dir='ltr'><strong>PERCIPIENDAE</strong></span> <span class='ocrx_word' id='word_1_15' title='bbox 1449 769 1639 838; x_wconf 76' lang='lat' dir='ltr'>CHRISTI</span> <span class='ocrx_word' id='word_1_16' title='bbox 1662 772 1880 839; x_wconf 74' lang='lat' dir='ltr'><strong>GRATIAE.</strong></span> <span class='ocrx_word' id='word_1_17' title='bbox 1926 772 2025 842; x_wconf 81' lang='lat' dir='ltr'><strong>eAP.</strong></span> <span class='ocrx_word' id='word_1_18' title='bbox 2050 776 2108 842; x_wconf 74' lang='grc' dir='ltr'><strong>Π.</strong></span> 
     </span>
    </p>
   </div>
   <div class='ocr_carea' id='block_1_4' title="bbox 2302 785 2365 846">
    <p class='ocr_par' dir='ltr' id='par_1_4' title="bbox 2302 785 2365 846">
     <span class='ocr_line' id='line_1_4' title="bbox 2302 785 2365 846; baseline 0 -1"><span class='ocrx_word' id='word_1_19' title='bbox 2302 785 2365 846; x_wconf 73' lang='lat' dir='ltr'><strong>llo</strong></span> 
     </span>
    </p>
   </div>
   <div class='ocr_carea' id='block_1_5' title="bbox 1362 958 2365 1051">
    <p class='ocr_par' dir='ltr' id='par_1_5' title="bbox 1362 958 2365 1051">
     <span class='ocr_line' id='line_1_5' title="bbox 1362 958 2365 1051; baseline 0.014 -30"><span class='ocrx_word' id='word_1_20' title='bbox 1362 958 1508 1047; x_wconf 59' lang='lat' dir='ltr'><strong>{litatis</strong></span> <span class='ocrx_word' id='word_1_21' title='bbox 1532 961 1742 1042; x_wconf 74' lang='lat' dir='ltr'><strong>quantitates,</strong></span> <span class='ocrx_word' id='word_1_22' title='bbox 1767 960 2039 1029; x_wconf 78' lang='lat' dir='ltr'><strong>ciretrmsatntias.</strong></span> <span class='ocrx_word' id='word_1_23' title='bbox 2084 967 2195 1048; x_wconf 80' lang='lat' dir='ltr'><strong>Atque</strong></span> <span class='ocrx_word' id='word_1_24' title='bbox 2216 967 2365 1051; x_wconf 79' lang='lat' dir='ltr'><strong>aliquan·</strong></span> 
     </span>
    </p>
   </div>
   <div class='ocr_carea' id='block_1_6' title="bbox 358 1043 2365 1224">
    <p class='ocr_par' dir='ltr' id='par_1_6' title="bbox 358 1043 2365 1224">
     <span class='ocr_line' id='line_1_6' title="bbox 360 1043 2365 1136; baseline 0.006 -28"><span class='ocrx_word' id='word_1_25' title='bbox 360 1043 572 1119; x_wconf 83' lang='lat' dir='ltr'><strong>sententiam,</strong></span> <span class='ocrx_word' id='word_1_26' title='bbox 606 1064 708 1125; x_wconf 90' lang='lat' dir='ltr'><strong>quum</strong></span> <span class='ocrx_word' id='word_1_27' title='bbox 736 1043 999 1107; x_wconf 79' lang='lat' dir='ltr'><strong>excommunicat</strong></span> <span class='ocrx_word' id='word_1_28' title='bbox 1024 1052 1058 1108; x_wconf 88' lang='lat' dir='ltr'><strong>et</strong></span> <span class='ocrx_word' id='word_1_29' title='bbox 1084 1045 1200 1128; x_wconf 89' lang='lat' dir='ltr'><strong>recipit</strong></span> <span class='ocrx_word' id='word_1_30' title='bbox 1223 1045 1264 1109; x_wconf 87' lang='lat' dir='ltr'><strong>ad</strong></span> <span class='ocrx_word' id='word_1_31' title='bbox 1285 1067 1337 1110; x_wconf 91' lang='lat' dir='ltr'><strong>sa·</strong></span> <span class='ocrx_word' id='word_1_32' title='bbox 1362 1052 1365 1115; x_wconf 91' lang='lat'>!</span> <span class='ocrx_word' id='word_1_33' title='bbox 1390 1044 1498 1108; x_wconf 90' lang='lat' dir='ltr'><strong>tulum</strong></span> <span class='ocrx_word' id='word_1_34' title='bbox 1529 1045 1660 1128; x_wconf 89' lang='lat' dir='ltr'><strong>quidem</strong></span> <span class='ocrx_word' id='word_1_35' title='bbox 1693 1067 1746 1110; x_wconf 86' lang='lat' dir='ltr'><strong>res</strong></span> <span class='ocrx_word' id='word_1_36' title='bbox 1775 1045 1979 1129; x_wconf 85' lang='lat' dir='ltr'><strong>procedebat.</strong></span> <span class='ocrx_word' id='word_1_37' title='bbox 2033 1050 2096 1115; x_wconf 86' lang='lat' dir='ltr'><strong>Ubi</strong></span> <span class='ocrx_word' id='word_1_38' title='bbox 2124 1074 2201 1117; x_wconf 76' lang='lat' dir='ltr'><strong>rere</strong></span> <span class='ocrx_word' id='word_1_39' title='bbox 2234 1052 2365 1136; x_wconf 63' lang='lat' dir='ltr'><strong>lerenius</strong></span> 
     </span>
     <span class='ocr_line' id='line_1_7' title="bbox 358 1126 2364 1224; baseline 0.005 -28"><span class='ocrx_word' id='word_1_40' title='bbox 358 1137 601 1196; x_wconf 83' lang='lat' dir='ltr'><strong>crementorum</strong></span> <span class='ocrx_word' id='word_1_41' title='bbox 623 1130 893 1194; x_wconf 87' lang='lat' dir='ltr'><strong>communionem.</strong></span> <span class='ocrx_word' id='word_1_42' title='bbox 938 1128 1099 1207; x_wconf 88' lang='lat' dir='ltr'><strong>Domum,</strong></span> <span class='ocrx_word' id='word_1_43' title='bbox 1121 1151 1222 1212; x_wconf 89' lang='lat' dir='ltr'><strong>quum</strong></span> <span class='ocrx_word' id='word_1_44' title='bbox 1239 1131 1337 1195; x_wconf 88' lang='lat' dir='ltr'><strong>intel·</strong></span> <span class='ocrx_word' id='word_1_45' title='bbox 1361 1126 1364 1169; x_wconf 84' lang='lat'><strong>¹</strong></span> <span class='ocrx_word' id='word_1_46' title='bbox 1388 1133 1552 1213; x_wconf 74' lang='lat' dir='ltr'>progressi</span> <span class='ocrx_word' id='word_1_47' title='bbox 1573 1132 1718 1209; x_wconf 74' lang='lat' dir='ltr'><strong>serenent,</strong></span> <span class='ocrx_word' id='word_1_48' title='bbox 1747 1132 1874 1197; x_wconf 88' lang='lat' dir='ltr'><strong>coelum</strong></span> <span class='ocrx_word' id='word_1_49' title='bbox 1901 1132 2044 1215; x_wconf 86' lang='lat' dir='ltr'><strong>undique</strong></span> <span class='ocrx_word' id='word_1_50' title='bbox 2065 1144 2099 1199; x_wconf 91' lang='lat' dir='ltr'><strong>et</strong></span> <span class='ocrx_word' id='word_1_51' title='bbox 2119 1138 2262 1221; x_wconf 88' lang='lat' dir='ltr'><strong>undiquc</strong></span> <span class='ocrx_word' id='word_1_52' title='bbox 2284 1160 2364 1224; x_wconf 69' lang='lat' dir='ltr'><strong>prorr-</strong></span> 
     </span>
    </p>
   </div>
   <div class='ocr_carea' id='block_1_7' title="bbox 350 1212 1336 5050">
    <p class='ocr_par' dir='ltr' id='par_1_7' title="bbox 356 1212 1336 2758">
     <span class='ocr_line' id='line_1_8' title="bbox 358 1212 1336 1299; baseline 0.002 -20"><span class='ocrx_word' id='word_1_53' title='bbox 358 1216 466 1299; x_wconf 82' lang='lat' dir='ltr'><strong>ligunt</strong></span> <span class='ocrx_word' id='word_1_54' title='bbox 487 1214 634 1278; x_wconf 92' lang='lat' dir='ltr'><strong>nondum</strong></span> <span class='ocrx_word' id='word_1_55' title='bbox 655 1236 690 1279; x_wconf 89' lang='lat' dir='ltr'><strong>se</strong></span> <span class='ocrx_word' id='word_1_56' title='bbox 712 1215 774 1280; x_wconf 93' lang='lat' dir='ltr'><strong>hoc</strong></span> <span class='ocrx_word' id='word_1_57' title='bbox 795 1212 880 1279; x_wconf 93' lang='lat' dir='ltr'><strong>nodo</strong></span> <span class='ocrx_word' id='word_1_58' title='bbox 903 1215 1074 1296; x_wconf 81' lang='lat' dir='ltr'><strong>explicari,</strong></span> <span class='ocrx_word' id='word_1_59' title='bbox 1105 1217 1186 1297; x_wconf 89' lang='lat' dir='ltr'><strong>quin</strong></span> <span class='ocrx_word' id='word_1_60' title='bbox 1208 1237 1336 1299; x_wconf 90' lang='lat' dir='ltr'><strong>semper</strong></span> 
     </span>
     <span class='ocr_line' id='line_1_9' title="bbox 358 1299 1335 1384; baseline 0.001 -18"><span class='ocrx_word' id='word_1_61' title='bbox 358 1302 452 1366; x_wconf 90' lang='lat' dir='ltr'><strong>obiici</strong></span> <span class='ocrx_word' id='word_1_62' title='bbox 479 1302 594 1383; x_wconf 83' lang='lat' dir='ltr'><strong>possit,</strong></span> <span class='ocrx_word' id='word_1_63' title='bbox 622 1299 776 1384; x_wconf 82' lang='lat' dir='ltr'><strong>indignos</strong></span> <span class='ocrx_word' id='word_1_64' title='bbox 803 1321 900 1382; x_wconf 88' lang='lat' dir='ltr'><strong>saepe</strong></span> <span class='ocrx_word' id='word_1_65' title='bbox 927 1301 1025 1384; x_wconf 87' lang='lat' dir='ltr'><strong>ligari</strong></span> <span class='ocrx_word' id='word_1_66' title='bbox 1051 1310 1084 1365; x_wconf 90' lang='lat' dir='ltr'><strong>et</strong></span> <span class='ocrx_word' id='word_1_67' title='bbox 1111 1301 1194 1366; x_wconf 88' lang='lat' dir='ltr'><strong>solvi</strong></span> <span class='ocrx_word' id='word_1_68' title='bbox 1221 1323 1241 1367; x_wconf 90' lang='lat' dir='ltr'><strong>a</strong></span> <span class='ocrx_word' id='word_1_69' title='bbox 1267 1303 1335 1367; x_wconf 91' lang='lat' dir='ltr'><strong>suis</strong></span> 
     </span>
     <span class='ocr_line' id='line_1_10' title="bbox 358 1385 1334 1469; baseline -0.001 -17"><span class='ocrx_word' id='word_1_70' title='bbox 358 1385 588 1464; x_wconf 84' lang='lat' dir='ltr'><strong>sacerdotibus,</strong></span> <span class='ocrx_word' id='word_1_71' title='bbox 612 1387 666 1468; x_wconf 93' lang='lat' dir='ltr'><strong>qui</strong></span> <span class='ocrx_word' id='word_1_72' title='bbox 688 1395 861 1468; x_wconf 86' lang='lat' dir='ltr'><strong>propterca</strong></span> <span class='ocrx_word' id='word_1_73' title='bbox 883 1407 949 1450; x_wconf 91' lang='lat' dir='ltr'><strong>non</strong></span> <span class='ocrx_word' id='word_1_74' title='bbox 966 1387 1111 1469; x_wconf 82' lang='lat' dir='ltr'><strong>ligentur</strong></span> <span class='ocrx_word' id='word_1_75' title='bbox 1129 1396 1187 1451; x_wconf 91' lang='lat' dir='ltr'><strong>aut</strong></span> <span class='ocrx_word' id='word_1_76' title='bbox 1204 1388 1334 1452; x_wconf 83' lang='lat' dir='ltr'><strong>solvan·</strong></span> 
     </span>
     <span class='ocr_line' id='line_1_11' title="bbox 358 1470 1334 1555; baseline 0.002 -18"><span class='ocrx_word' id='word_1_77' title='bbox 358 1481 414 1537; x_wconf 85' lang='lat' dir='ltr'><strong>tur</strong></span> <span class='ocrx_word' id='word_1_78' title='bbox 441 1475 476 1537; x_wconf 91' lang='lat' dir='ltr'><strong>in</strong></span> <span class='ocrx_word' id='word_1_79' title='bbox 498 1472 601 1549; x_wconf 89' lang='lat' dir='ltr'><strong>coelo,</strong></span> <span class='ocrx_word' id='word_1_80' title='bbox 632 1470 718 1553; x_wconf 89' lang='lat' dir='ltr'><strong>quod</strong></span> <span class='ocrx_word' id='word_1_81' title='bbox 745 1471 899 1535; x_wconf 86' lang='lat' dir='ltr'><strong>ultimum</strong></span> <span class='ocrx_word' id='word_1_82' title='bbox 921 1473 1085 1554; x_wconf 80' lang='lat' dir='ltr'><strong>refugium</strong></span> <span class='ocrx_word' id='word_1_83' title='bbox 1106 1481 1170 1551; x_wconf 88' lang='lat' dir='ltr'><strong>cst,</strong></span> <span class='ocrx_word' id='word_1_84' title='bbox 1200 1496 1334 1555; x_wconf 87' lang='lat' dir='ltr'><strong>respon·</strong></span> 
     </span>
     <span class='ocr_line' id='line_1_12' title="bbox 358 1557 1335 1642; baseline 0.002 -19"><span class='ocrx_word' id='word_1_85' title='bbox 358 1558 444 1636; x_wconf 90' lang='lat' dir='ltr'><strong>dent,</strong></span> <span class='ocrx_word' id='word_1_86' title='bbox 471 1559 677 1624; x_wconf 86' lang='lat' dir='ltr'><strong>collationem</strong></span> <span class='ocrx_word' id='word_1_87' title='bbox 699 1557 842 1622; x_wconf 88' lang='lat' dir='ltr'><strong>clavium</strong></span> <span class='ocrx_word' id='word_1_88' title='bbox 863 1579 939 1622; x_wconf 91' lang='lat' dir='ltr'><strong>cum</strong></span> <span class='ocrx_word' id='word_1_89' title='bbox 960 1558 1152 1623; x_wconf 79' lang='lat' dir='ltr'><strong>limitatione</strong></span> <span class='ocrx_word' id='word_1_90' title='bbox 1175 1561 1335 1642; x_wconf 89' lang='lat' dir='ltr'><strong>accipien-</strong></span> 
     </span>
     <span class='ocr_line' id='line_1_13' title="bbox 358 1642 1334 1726; baseline 0 -16"><span class='ocrx_word' id='word_1_91' title='bbox 358 1644 434 1710; x_wconf 89' lang='lat' dir='ltr'><strong>dam</strong></span> <span class='ocrx_word' id='word_1_92' title='bbox 455 1666 542 1722; x_wconf 76' lang='lat' dir='ltr'><strong>essc3</strong></span> <span class='ocrx_word' id='word_1_93' title='bbox 571 1642 657 1725; x_wconf 92' lang='lat' dir='ltr'><strong>quod</strong></span> <span class='ocrx_word' id='word_1_94' title='bbox 679 1643 832 1708; x_wconf 81' lang='lat' dir='ltr'><strong>Christus</strong></span> <span class='ocrx_word' id='word_1_95' title='bbox 853 1644 1054 1725; x_wconf 82' lang='lat' dir='ltr'><strong>promiserit,</strong></span> <span class='ocrx_word' id='word_1_96' title='bbox 1082 1644 1169 1726; x_wconf 89' lang='lat' dir='ltr'><strong>apud</strong></span> <span class='ocrx_word' id='word_1_97' title='bbox 1191 1646 1334 1711; x_wconf 88' lang='lat' dir='ltr'><strong>tribunal</strong></span> 
     </span>
     <span class='ocr_line' id='line_1_14' title="bbox 357 1729 1334 1813; baseline 0.001 -18"><span class='ocrx_word' id='word_1_98' title='bbox 357 1752 455 1796; x_wconf 91' lang='lat' dir='ltr'><strong>suum</strong></span> <span class='ocrx_word' id='word_1_99' title='bbox 481 1730 699 1813; x_wconf 88' lang='lat' dir='ltr'><strong>approbatum</strong></span> <span class='ocrx_word' id='word_1_100' title='bbox 725 1730 766 1793; x_wconf 93' lang='lat' dir='ltr'><strong>iri</strong></span> <span class='ocrx_word' id='word_1_101' title='bbox 804 1729 981 1794; x_wconf 89' lang='lat' dir='ltr'><strong>sacerdotis</strong></span> <span class='ocrx_word' id='word_1_102' title='bbox 1003 1731 1215 1807; x_wconf 87' lang='lat' dir='ltr'><strong>sententiam,</strong></span> <span class='ocrx_word' id='word_1_103' title='bbox 1250 1753 1334 1813; x_wconf 87' lang='lat' dir='ltr'><strong>quae</strong></span> 
     </span>
     <span class='ocr_line' id='line_1_15' title="bbox 357 1814 1333 1899; baseline 0.001 -19"><span class='ocrx_word' id='word_1_104' title='bbox 357 1818 440 1880; x_wconf 85' lang='lat' dir='ltr'><strong>iuste</strong></span> <span class='ocrx_word' id='word_1_105' title='bbox 470 1816 598 1899; x_wconf 89' lang='lat' dir='ltr'><strong>prolata</strong></span> <span class='ocrx_word' id='word_1_106' title='bbox 623 1816 735 1892; x_wconf 89' lang='lat' dir='ltr'><strong>fuerit,</strong></span> <span class='ocrx_word' id='word_1_107' title='bbox 768 1814 949 1880; x_wconf 88' lang='lat' dir='ltr'><strong>seeundum</strong></span> <span class='ocrx_word' id='word_1_108' title='bbox 976 1814 1063 1897; x_wconf 90' lang='lat' dir='ltr'><strong>quod</strong></span> <span class='ocrx_word' id='word_1_109' title='bbox 1089 1816 1207 1880; x_wconf 87' lang='lat' dir='ltr'><strong>merita</strong></span> <span class='ocrx_word' id='word_1_110' title='bbox 1240 1816 1333 1899; x_wconf 82' lang='lat' dir='ltr'><strong>ligati</strong></span> 
     </span>
     <span class='ocr_line' id='line_1_16' title="bbox 357 1900 1333 1984; baseline 0.002 -18"><span class='ocrx_word' id='word_1_111' title='bbox 357 1914 416 1966; x_wconf 89' lang='lat' dir='ltr'><strong>aut</strong></span> <span class='ocrx_word' id='word_1_112' title='bbox 444 1902 543 1966; x_wconf 88' lang='lat' dir='ltr'><strong>soluti</strong></span> <span class='ocrx_word' id='word_1_113' title='bbox 569 1900 787 1984; x_wconf 89' lang='lat' dir='ltr'><strong>postulabant.</strong></span> <span class='ocrx_word' id='word_1_114' title='bbox 832 1900 936 1964; x_wconf 89' lang='lat' dir='ltr'><strong>Porro</strong></span> <span class='ocrx_word' id='word_1_115' title='bbox 963 1901 1024 1966; x_wconf 87' lang='lat' dir='ltr'><strong>has</strong></span> <span class='ocrx_word' id='word_1_116' title='bbox 1053 1901 1161 1967; x_wconf 86' lang='lat' dir='ltr'><strong>claves</strong></span> <span class='ocrx_word' id='word_1_117' title='bbox 1183 1902 1333 1968; x_wconf 88' lang='lat' dir='ltr'><strong>omnibus</strong></span> 
     </span>
     <span class='ocr_line' id='line_1_17' title="bbox 357 1985 1333 2070; baseline 0.003 -19"><span class='ocrx_word' id='word_1_118' title='bbox 357 1988 576 2052; x_wconf 85' lang='lat' dir='ltr'><strong>sacerdotibus</strong></span> <span class='ocrx_word' id='word_1_119' title='bbox 594 2009 614 2052; x_wconf 88' lang='lat' dir='ltr'><strong>a</strong></span> <span class='ocrx_word' id='word_1_120' title='bbox 630 1986 762 2052; x_wconf 81' lang='lat' dir='ltr'><strong>Christe</strong></span> <span class='ocrx_word' id='word_1_121' title='bbox 785 1985 877 2051; x_wconf 87' lang='lat' dir='ltr'><strong>datas</strong></span> <span class='ocrx_word' id='word_1_122' title='bbox 899 2007 978 2065; x_wconf 89' lang='lat' dir='ltr'><strong>esse,</strong></span> <span class='ocrx_word' id='word_1_123' title='bbox 1001 2008 1085 2068; x_wconf 87' lang='lat' dir='ltr'><strong>quac</strong></span> <span class='ocrx_word' id='word_1_124' title='bbox 1107 1987 1170 2053; x_wconf 87' lang='lat' dir='ltr'><strong>illis</strong></span> <span class='ocrx_word' id='word_1_125' title='bbox 1189 1988 1229 2053; x_wconf 90' lang='lat' dir='ltr'><strong>ab</strong></span> <span class='ocrx_word' id='word_1_126' title='bbox 1248 1989 1333 2070; x_wconf 87' lang='lat' dir='ltr'><strong>epis·</strong></span> 
     </span>
     <span class='ocr_line' id='line_1_18' title="bbox 357 2072 1333 2157; baseline 0.001 -19"><span class='ocrx_word' id='word_1_127' title='bbox 357 2075 445 2156; x_wconf 90' lang='lat' dir='ltr'><strong>copis</strong></span> <span class='ocrx_word' id='word_1_128' title='bbox 467 2075 503 2138; x_wconf 91' lang='lat' dir='ltr'><strong>in</strong></span> <span class='ocrx_word' id='word_1_129' title='bbox 524 2073 728 2157; x_wconf 82' lang='lat' dir='ltr'><strong>promotione</strong></span> <span class='ocrx_word' id='word_1_130' title='bbox 751 2073 979 2151; x_wconf 83' lang='lat' dir='ltr'><strong>conferuntur;</strong></span> <span class='ocrx_word' id='word_1_131' title='bbox 1001 2072 1059 2137; x_wconf 90' lang='lat' dir='ltr'><strong>sed</strong></span> <span class='ocrx_word' id='word_1_132' title='bbox 1079 2072 1219 2138; x_wconf 88' lang='lat' dir='ltr'><strong>liberum</strong></span> <span class='ocrx_word' id='word_1_133' title='bbox 1237 2096 1333 2139; x_wconf 91' lang='lat' dir='ltr'><strong>nsum</strong></span> 
     </span>
     <span class='ocr_line' id='line_1_19' title="bbox 356 2158 1332 2241; baseline 0.004 -19"><span class='ocrx_word' id='word_1_134' title='bbox 356 2181 454 2241; x_wconf 86' lang='lat' dir='ltr'><strong>penes</strong></span> <span class='ocrx_word' id='word_1_135' title='bbox 476 2180 531 2225; x_wconf 88' lang='lat' dir='ltr'><strong>cos</strong></span> <span class='ocrx_word' id='word_1_136' title='bbox 553 2158 715 2223; x_wconf 81' lang='lat' dir='ltr'><strong>duntaxat</strong></span> <span class='ocrx_word' id='word_1_137' title='bbox 735 2179 806 2223; x_wconf 87' lang='lat' dir='ltr'><strong>esse</strong></span> <span class='ocrx_word' id='word_1_138' title='bbox 829 2159 884 2240; x_wconf 92' lang='lat' dir='ltr'><strong>qui</strong></span> <span class='ocrx_word' id='word_1_139' title='bbox 901 2158 1091 2225; x_wconf 89' lang='lat' dir='ltr'><strong>muneribus</strong></span> <span class='ocrx_word' id='word_1_140' title='bbox 1109 2159 1332 2226; x_wconf 82' lang='lat' dir='ltr'><strong>ecclesiasticis</strong></span> 
     </span>
     <span class='ocr_line' id='line_1_20' title="bbox 356 2244 1332 2328; baseline 0.001 -18"><span class='ocrx_word' id='word_1_141' title='bbox 356 2246 551 2328; x_wconf 84' lang='lat' dir='ltr'><strong>funguntur;</strong></span> <span class='ocrx_word' id='word_1_142' title='bbox 581 2244 666 2326; x_wconf 89' lang='lat' dir='ltr'><strong>apud</strong></span> <span class='ocrx_word' id='word_1_143' title='bbox 689 2244 989 2309; x_wconf 81' lang='lat' dir='ltr'><strong>excommunicatos</strong></span> <span class='ocrx_word' id='word_1_144' title='bbox 1011 2252 1044 2308; x_wconf 88' lang='lat' dir='ltr'><strong>et</strong></span> <span class='ocrx_word' id='word_1_145' title='bbox 1065 2266 1240 2328; x_wconf 89' lang='lat' dir='ltr'><strong>suspensos</strong></span> <span class='ocrx_word' id='word_1_146' title='bbox 1261 2267 1332 2311; x_wconf 89' lang='lat' dir='ltr'><strong>ma·</strong></span> 
     </span>
     <span class='ocr_line' id='line_1_21' title="bbox 357 2328 1330 2414; baseline 0.002 -20"><span class='ocrx_word' id='word_1_147' title='bbox 357 2353 435 2395; x_wconf 83' lang='lat' dir='ltr'><strong>nere</strong></span> <span class='ocrx_word' id='word_1_148' title='bbox 458 2331 591 2414; x_wconf 90' lang='lat' dir='ltr'><strong>quidem</strong></span> <span class='ocrx_word' id='word_1_149' title='bbox 613 2330 701 2412; x_wconf 89' lang='lat' dir='ltr'><strong>ipsas</strong></span> <span class='ocrx_word' id='word_1_150' title='bbox 720 2331 836 2406; x_wconf 86' lang='lat' dir='ltr'><strong>claves,</strong></span> <span class='ocrx_word' id='word_1_151' title='bbox 861 2328 918 2394; x_wconf 91' lang='lat' dir='ltr'><strong>sed</strong></span> <span class='ocrx_word' id='word_1_152' title='bbox 930 2330 1134 2413; x_wconf 78' lang='lat' dir='ltr'><strong>rubiginosos</strong></span> <span class='ocrx_word' id='word_1_153' title='bbox 1151 2353 1188 2397; x_wconf 89' lang='lat' dir='ltr'><strong>ae</strong></span> <span class='ocrx_word' id='word_1_154' title='bbox 1204 2331 1330 2414; x_wconf 81' lang='lat' dir='ltr'><strong>ligatas.</strong></span> 
     </span>
     <span class='ocr_line' id='line_1_22' title="bbox 356 2414 1332 2498; baseline 0 -18"><span class='ocrx_word' id='word_1_155' title='bbox 356 2417 402 2480; x_wconf 84' lang='lat' dir='ltr'><strong>Et</strong></span> <span class='ocrx_word' id='word_1_156' title='bbox 430 2418 485 2498; x_wconf 89' lang='lat' dir='ltr'><strong>qui</strong></span> <span class='ocrx_word' id='word_1_157' title='bbox 511 2417 592 2481; x_wconf 89' lang='lat' dir='ltr'><strong>haee</strong></span> <span class='ocrx_word' id='word_1_158' title='bbox 621 2415 749 2493; x_wconf 90' lang='lat' dir='ltr'><strong>dieunt,</strong></span> <span class='ocrx_word' id='word_1_159' title='bbox 776 2414 917 2478; x_wconf 86' lang='lat' dir='ltr'><strong>modesti</strong></span> <span class='ocrx_word' id='word_1_160' title='bbox 944 2435 981 2480; x_wconf 90' lang='lat' dir='ltr'><strong>ac</strong></span> <span class='ocrx_word' id='word_1_161' title='bbox 1009 2416 1108 2480; x_wconf 88' lang='lat' dir='ltr'><strong>sobrii</strong></span> <span class='ocrx_word' id='word_1_162' title='bbox 1134 2417 1206 2481; x_wconf 88' lang='lat' dir='ltr'><strong>iure</strong></span> <span class='ocrx_word' id='word_1_163' title='bbox 1228 2416 1332 2483; x_wconf 87' lang='lat' dir='ltr'><strong>videri</strong></span> 
     </span>
     <span class='ocr_line' id='line_1_23' title="bbox 356 2500 1332 2584; baseline 0.002 -18"><span class='ocrx_word' id='word_1_164' title='bbox 356 2505 481 2584; x_wconf 89' lang='lat' dir='ltr'><strong>possint</strong></span> <span class='ocrx_word' id='word_1_165' title='bbox 499 2524 577 2584; x_wconf 88' lang='lat' dir='ltr'><strong>prae</strong></span> <span class='ocrx_word' id='word_1_166' title='bbox 596 2501 676 2579; x_wconf 86' lang='lat' dir='ltr'><strong>aliis,</strong></span> <span class='ocrx_word' id='word_1_167' title='bbox 699 2502 754 2583; x_wconf 89' lang='lat' dir='ltr'><strong>qui</strong></span> <span class='ocrx_word' id='word_1_168' title='bbox 775 2500 836 2564; x_wconf 90' lang='lat' dir='ltr'><strong>sub</strong></span> <span class='ocrx_word' id='word_1_169' title='bbox 854 2522 939 2566; x_wconf 85' lang='lat' dir='ltr'><strong>nova</strong></span> <span class='ocrx_word' id='word_1_170' title='bbox 961 2501 1078 2567; x_wconf 91' lang='lat' dir='ltr'><strong>incude</strong></span> <span class='ocrx_word' id='word_1_171' title='bbox 1100 2524 1202 2568; x_wconf 80' lang='lat' dir='ltr'><strong>noras</strong></span> <span class='ocrx_word' id='word_1_172' title='bbox 1225 2503 1332 2568; x_wconf 87' lang='lat' dir='ltr'><strong>claves</strong></span> 
     </span>
     <span class='ocr_line' id='line_1_24' title="bbox 356 2586 1333 2668; baseline 0 -16"><span class='ocrx_word' id='word_1_173' title='bbox 356 2588 504 2653; x_wconf 85' lang='lat' dir='ltr'><strong>fabricati</strong></span> <span class='ocrx_word' id='word_1_174' title='bbox 531 2595 609 2651; x_wconf 90' lang='lat' dir='ltr'><strong>snut</strong></span> <span class='ocrx_word' id='word_1_175' title='bbox 636 2587 754 2668; x_wconf 90' lang='lat' dir='ltr'><strong>quibus</strong></span> <span class='ocrx_word' id='word_1_176' title='bbox 780 2586 974 2651; x_wconf 88' lang='lat' dir='ltr'><strong>thesaurum</strong></span> <span class='ocrx_word' id='word_1_177' title='bbox 1003 2587 1157 2653; x_wconf 89' lang='lat' dir='ltr'><strong>ecclcsiae</strong></span> <span class='ocrx_word' id='word_1_178' title='bbox 1188 2588 1333 2654; x_wconf 89' lang='lat' dir='ltr'><strong>obserari</strong></span> 
     </span>
     <span class='ocr_line' id='line_1_25' title="bbox 357 2671 1192 2758; baseline 0.001 -22"><span class='ocrx_word' id='word_1_179' title='bbox 357 2674 507 2751; x_wconf 91' lang='lat' dir='ltr'><strong>tradunt;</strong></span> <span class='ocrx_word' id='word_1_180' title='bbox 533 2693 613 2756; x_wconf 86' lang='lat' dir='ltr'><strong>quas</strong></span> <span class='ocrx_word' id='word_1_181' title='bbox 634 2681 747 2754; x_wconf 87' lang='lat' dir='ltr'><strong>postca</strong></span> <span class='ocrx_word' id='word_1_182' title='bbox 768 2694 827 2737; x_wconf 90' lang='lat' dir='ltr'><strong>suo</strong></span> <span class='ocrx_word' id='word_1_183' title='bbox 849 2671 918 2736; x_wconf 91' lang='lat' dir='ltr'><strong>loeo</strong></span> <span class='ocrx_word' id='word_1_184' title='bbox 941 2673 1152 2739; x_wconf 85' lang='lat' dir='ltr'><strong>excutiemus.</strong></span> <span class='ocrx_word' id='word_1_185' title='bbox 1169 2673 1192 2758; x_wconf 88' lang='lat'><strong>¹)</strong></span> 
     </span>
    </p>

    <p class='ocr_par' dir='ltr' id='par_1_8' title="bbox 350 2757 1334 5027">
     <span class='ocr_line' id='line_1_26' title="bbox 446 2757 1333 2845; baseline 0.006 -24"><span class='ocrx_word' id='word_1_186' title='bbox 446 2762 493 2823; x_wconf 87' lang='lat'><strong>16.</strong></span> <span class='ocrx_word' id='word_1_187' title='bbox 549 2757 604 2824; x_wconf 83' lang='lat' dir='ltr'><strong>Ad</strong></span> <span class='ocrx_word' id='word_1_188' title='bbox 644 2759 775 2840; x_wconf 81' lang='lat' dir='ltr'><strong>singula</strong></span> <span class='ocrx_word' id='word_1_189' title='bbox 812 2758 923 2839; x_wconf 89' lang='lat' dir='ltr'><strong>paucis</strong></span> <span class='ocrx_word' id='word_1_190' title='bbox 963 2758 1172 2845; x_wconf 88' lang='lat' dir='ltr'><strong>respondebo.</strong></span> <span class='ocrx_word' id='word_1_191' title='bbox 1228 2761 1333 2826; x_wconf 78' lang='lat' dir='ltr'><strong>Taceo</strong></span> 
     </span>
     <span class='ocr_line' id='line_1_27' title="bbox 356 2843 1334 2926; baseline 0.002 -18"><span class='ocrx_word' id='word_1_192' title='bbox 356 2855 467 2909; x_wconf 87' lang='lat' dir='ltr'><strong>autem</strong></span> <span class='ocrx_word' id='word_1_193' title='bbox 495 2845 712 2926; x_wconf 78' lang='lat' dir='ltr'><strong>adpraesens</strong></span> <span class='ocrx_word' id='word_1_194' title='bbox 734 2865 796 2926; x_wconf 90' lang='lat' dir='ltr'><strong>quo</strong></span> <span class='ocrx_word' id='word_1_195' title='bbox 819 2843 890 2907; x_wconf 86' lang='lat' dir='ltr'><strong>iuro</strong></span> <span class='ocrx_word' id='word_1_196' title='bbox 912 2863 1017 2925; x_wconf 85' lang='lat' dir='ltr'><strong>quave</strong></span> <span class='ocrx_word' id='word_1_197' title='bbox 1043 2844 1166 2909; x_wconf 80' lang='lat' dir='ltr'><strong>inimic</strong></span> <span class='ocrx_word' id='word_1_198' title='bbox 1186 2845 1334 2911; x_wconf 90' lang='lat' dir='ltr'><strong>fidelium</strong></span> 
     </span>
     <span class='ocr_line' id='line_1_28' title="bbox 356 2929 1333 3012; baseline 0.001 -18"><span class='ocrx_word' id='word_1_199' title='bbox 356 2932 483 2995; x_wconf 86' lang='lat' dir='ltr'><strong>animas</strong></span> <span class='ocrx_word' id='word_1_200' title='bbox 505 2931 572 2994; x_wconf 87' lang='lat' dir='ltr'><strong>suis</strong></span> <span class='ocrx_word' id='word_1_201' title='bbox 594 2929 721 3012; x_wconf 85' lang='lat' dir='ltr'><strong>legibus</strong></span> <span class='ocrx_word' id='word_1_202' title='bbox 740 2929 961 3011; x_wconf 80' lang='lat' dir='ltr'><strong>obstringant:</strong></span> <span class='ocrx_word' id='word_1_203' title='bbox 985 2929 1115 3010; x_wconf 89' lang='lat' dir='ltr'><strong>quando</strong></span> <span class='ocrx_word' id='word_1_204' title='bbox 1134 2930 1168 2993; x_wconf 93' lang='lat' dir='ltr'><strong>id</strong></span> <span class='ocrx_word' id='word_1_205' title='bbox 1185 2952 1245 2995; x_wconf 93' lang='lat' dir='ltr'><strong>suc</strong></span> <span class='ocrx_word' id='word_1_206' title='bbox 1263 2931 1333 2998; x_wconf 90' lang='lat' dir='ltr'><strong>loco</strong></span> 
     </span>
     <span class='ocr_line' id='line_1_29' title="bbox 357 3014 1333 3099; baseline 0.002 -20"><span class='ocrx_word' id='word_1_207' title='bbox 357 3016 554 3099; x_wconf 69' lang='lat' dir='ltr'><strong>dispiciam.</strong></span> <span class='ocrx_word' id='word_1_208' title='bbox 600 3014 697 3095; x_wconf 79' lang='lat' dir='ltr'><strong>Quod</strong></span> <span class='ocrx_word' id='word_1_209' title='bbox 726 3023 836 3079; x_wconf 85' lang='lat' dir='ltr'><strong>autem</strong></span> <span class='ocrx_word' id='word_1_210' title='bbox 862 3014 970 3097; x_wconf 85' lang='lat' dir='ltr'><strong>legem</strong></span> <span class='ocrx_word' id='word_1_211' title='bbox 997 3015 1172 3096; x_wconf 90' lang='lat' dir='ltr'><strong>imponunt</strong></span> <span class='ocrx_word' id='word_1_212' title='bbox 1200 3016 1239 3080; x_wconf 88' lang='lat' dir='ltr'><strong>dc</strong></span> <span class='ocrx_word' id='word_1_213' title='bbox 1263 3037 1333 3082; x_wconf 91' lang='lat' dir='ltr'><strong>cm-</strong></span> 
     </span>
     <span class='ocr_line' id='line_1_30' title="bbox 356 3100 1333 3185; baseline 0.002 -21"><span class='ocrx_word' id='word_1_214' title='bbox 356 3103 449 3165; x_wconf 91' lang='lat' dir='ltr'><strong>ninm</strong></span> <span class='ocrx_word' id='word_1_215' title='bbox 471 3110 680 3185; x_wconf 70' lang='lat' dir='ltr'><strong>pausaturum</strong></span> <span class='ocrx_word' id='word_1_216' title='bbox 703 3100 962 3177; x_wconf 84' lang='lat' dir='ltr'><strong>enumeratione;</strong></span> <span class='ocrx_word' id='word_1_217' title='bbox 986 3100 1072 3181; x_wconf 91' lang='lat' dir='ltr'><strong>quod</strong></span> <span class='ocrx_word' id='word_1_218' title='bbox 1092 3111 1262 3184; x_wconf 88' lang='lat' dir='ltr'><strong>peccatum</strong></span> <span class='ocrx_word' id='word_1_219' title='bbox 1284 3101 1333 3166; x_wconf 91' lang='lat' dir='ltr'><strong>di·</strong></span> 
     </span>
     <span class='ocr_line' id='line_1_31' title="bbox 355 3185 1334 3270; baseline 0.002 -19"><span class='ocrx_word' id='word_1_220' title='bbox 355 3189 440 3251; x_wconf 89' lang='lat' dir='ltr'><strong>mitti</strong></span> <span class='ocrx_word' id='word_1_221' title='bbox 462 3195 587 3270; x_wconf 85' lang='lat' dir='ltr'><strong>negant</strong></span> <span class='ocrx_word' id='word_1_222' title='bbox 604 3188 669 3251; x_wconf 89' lang='lat' dir='ltr'><strong>nisi</strong></span> <span class='ocrx_word' id='word_1_223' title='bbox 682 3186 741 3250; x_wconf 89' lang='lat' dir='ltr'><strong>sub</strong></span> <span class='ocrx_word' id='word_1_224' title='bbox 754 3185 950 3263; x_wconf 84' lang='lat' dir='ltr'><strong>conditione,</strong></span> <span class='ocrx_word' id='word_1_225' title='bbox 971 3186 1000 3250; x_wconf 92' lang='lat' dir='ltr'><strong>si</strong></span> <span class='ocrx_word' id='word_1_226' title='bbox 1022 3192 1136 3252; x_wconf 83' lang='lat' dir='ltr'><strong>votum</strong></span> <span class='ocrx_word' id='word_1_227' title='bbox 1157 3188 1334 3253; x_wconf 86' lang='lat' dir='ltr'><strong>confitendi</strong></span> 
     </span>
     <span class='ocr_line' id='line_1_32' title="bbox 355 3271 1333 3355; baseline 0.002 -19"><span class='ocrx_word' id='word_1_228' title='bbox 355 3274 493 3337; x_wconf 89' lang='lat' dir='ltr'><strong>firmiter</strong></span> <span class='ocrx_word' id='word_1_229' title='bbox 524 3279 716 3355; x_wconf 89' lang='lat' dir='ltr'><strong>conceptum</strong></span> <span class='ocrx_word' id='word_1_230' title='bbox 744 3272 856 3350; x_wconf 83' lang='lat' dir='ltr'><strong>fuerit3</strong></span> <span class='ocrx_word' id='word_1_231' title='bbox 890 3271 977 3353; x_wconf 90' lang='lat' dir='ltr'><strong>quod</strong></span> <span class='ocrx_word' id='word_1_232' title='bbox 1010 3271 1139 3335; x_wconf 91' lang='lat' dir='ltr'><strong>nullum</strong></span> <span class='ocrx_word' id='word_1_233' title='bbox 1164 3295 1333 3355; x_wconf 86' lang='lat' dir='ltr'><strong>superesse</strong></span> 
     </span>
     <span class='ocr_line' id='line_1_33' title="bbox 355 3357 1333 3442; baseline 0.002 -20"><span class='ocrx_word' id='word_1_234' title='bbox 355 3359 540 3442; x_wconf 86' lang='lat' dir='ltr'><strong>ingressum</strong></span> <span class='ocrx_word' id='word_1_235' title='bbox 567 3357 710 3440; x_wconf 87' lang='lat' dir='ltr'><strong>paradisi</strong></span> <span class='ocrx_word' id='word_1_236' title='bbox 739 3359 902 3441; x_wconf 79' lang='lat' dir='ltr'><strong>garritmt,</strong></span> <span class='ocrx_word' id='word_1_237' title='bbox 937 3357 966 3422; x_wconf 89' lang='lat' dir='ltr'><strong>si</strong></span> <span class='ocrx_word' id='word_1_238' title='bbox 993 3358 1130 3434; x_wconf 83' lang='lat' dir='ltr'><strong>facultas</strong></span> <span class='ocrx_word' id='word_1_239' title='bbox 1159 3359 1333 3424; x_wconf 90' lang='lat' dir='ltr'><strong>confitendi</strong></span> 
     </span>
     <span class='ocr_line' id='line_1_34' title="bbox 355 3443 1331 3526; baseline 0.003 -18"><span class='ocrx_word' id='word_1_240' title='bbox 355 3445 504 3526; x_wconf 82' lang='lat' dir='ltr'><strong>neglecta</strong></span> <span class='ocrx_word' id='word_1_241' title='bbox 525 3446 635 3508; x_wconf 87' lang='lat' dir='ltr'><strong>fuerit:</strong></span> <span class='ocrx_word' id='word_1_242' title='bbox 660 3443 749 3508; x_wconf 89' lang='lat' dir='ltr'><strong>istud</strong></span> <span class='ocrx_word' id='word_1_243' title='bbox 771 3465 850 3509; x_wconf 80' lang='lat' dir='ltr'><strong>vero</strong></span> <span class='ocrx_word' id='word_1_244' title='bbox 872 3443 962 3507; x_wconf 91' lang='lat' dir='ltr'><strong>nullo</strong></span> <span class='ocrx_word' id='word_1_245' title='bbox 982 3443 1078 3507; x_wconf 91' lang='lat' dir='ltr'><strong>modo</strong></span> <span class='ocrx_word' id='word_1_246' title='bbox 1090 3443 1331 3511; x_wconf 87' lang='lat' dir='ltr'><strong>ferendumest.</strong></span> 
     </span>
     <span class='ocr_line' id='line_1_35' title="bbox 355 3527 1333 3613; baseline 0 -18"><span class='ocrx_word' id='word_1_247' title='bbox 355 3527 520 3595; x_wconf 86' lang='lat' dir='ltr'><strong>Onmiane</strong></span> <span class='ocrx_word' id='word_1_248' title='bbox 541 3537 673 3611; x_wconf 84' lang='lat' dir='ltr'><strong>peccata</strong></span> <span class='ocrx_word' id='word_1_249' title='bbox 694 3529 917 3594; x_wconf 87' lang='lat' dir='ltr'><strong>enumeranda</strong></span> <span class='ocrx_word' id='word_1_250' title='bbox 934 3528 1035 3593; x_wconf 79' lang='lat' dir='ltr'><strong>sunt?</strong></span> <span class='ocrx_word' id='word_1_251' title='bbox 1069 3531 1116 3594; x_wconf 88' lang='lat' dir='ltr'><strong>At</strong></span> <span class='ocrx_word' id='word_1_252' title='bbox 1132 3528 1252 3608; x_wconf 88' lang='lat' dir='ltr'><strong>David,</strong></span> <span class='ocrx_word' id='word_1_253' title='bbox 1278 3531 1333 3613; x_wconf 92' lang='lat' dir='ltr'><strong>qui</strong></span> 
     </span>
     <span class='ocr_line' id='line_1_36' title="bbox 355 3614 1333 3700; baseline 0.001 -20"><span class='ocrx_word' id='word_1_254' title='bbox 355 3637 465 3680; x_wconf 87' lang='lat' dir='ltr'><strong>secum</strong></span> <span class='ocrx_word' id='word_1_255' title='bbox 493 3617 594 3698; x_wconf 89' lang='lat' dir='ltr'><strong>probe</strong></span> <span class='ocrx_word' id='word_1_256' title='bbox 621 3616 675 3695; x_wconf 87' lang='lat' dir='ltr'><strong>(ut</strong></span> <span class='ocrx_word' id='word_1_257' title='bbox 696 3614 852 3700; x_wconf 90' lang='lat' dir='ltr'><strong>arbitror)</strong></span> <span class='ocrx_word' id='word_1_258' title='bbox 882 3615 1059 3681; x_wconf 84' lang='lat' dir='ltr'><strong>meditatus</strong></span> <span class='ocrx_word' id='word_1_259' title='bbox 1087 3624 1159 3680; x_wconf 89' lang='lat' dir='ltr'><strong>crat</strong></span> <span class='ocrx_word' id='word_1_260' title='bbox 1186 3624 1333 3698; x_wconf 86' lang='lat' dir='ltr'><strong>peceato-</strong></span> 
     </span>
     <span class='ocr_line' id='line_1_37' title="bbox 353 3700 1332 3786; baseline 0 -20"><span class='ocrx_word' id='word_1_261' title='bbox 353 3723 429 3766; x_wconf 89' lang='lat' dir='ltr'><strong>rum</strong></span> <span class='ocrx_word' id='word_1_262' title='bbox 450 3703 695 3778; x_wconf 86' lang='lat' dir='ltr'><strong>confessionem,</strong></span> <span class='ocrx_word' id='word_1_263' title='bbox 718 3710 830 3766; x_wconf 90' lang='lat' dir='ltr'><strong>tamen</strong></span> <span class='ocrx_word' id='word_1_264' title='bbox 852 3700 1056 3766; x_wconf 74' lang='lat' dir='ltr'><strong>exclamabat</strong></span> <span class='ocrx_word' id='word_1_265' title='bbox 1073 3700 1176 3786; x_wconf 83' lang='lat' dir='ltr'><strong>(Psal.</strong></span> <span class='ocrx_word' id='word_1_266' title='bbox 1199 3702 1332 3786; x_wconf 85' lang='lat'><strong>19,13):</strong></span> 
     </span>
     <span class='ocr_line' id='line_1_38' title="bbox 354 3786 1333 3870; baseline 0.002 -19"><span class='ocrx_word' id='word_1_267' title='bbox 354 3809 480 3852; x_wconf 86' lang='lat' dir='ltr'><strong>errores</strong></span> <span class='ocrx_word' id='word_1_268' title='bbox 503 3789 575 3868; x_wconf 89' lang='lat' dir='ltr'><strong>quis</strong></span> <span class='ocrx_word' id='word_1_269' title='bbox 597 3786 781 3870; x_wconf 85' lang='lat' dir='ltr'><strong>intelliget?</strong></span> <span class='ocrx_word' id='word_1_270' title='bbox 809 3788 851 3852; x_wconf 92' lang='lat' dir='ltr'><strong>ab</strong></span> <span class='ocrx_word' id='word_1_271' title='bbox 874 3787 1010 3852; x_wconf 90' lang='lat' dir='ltr'><strong>occultis</strong></span> <span class='ocrx_word' id='word_1_272' title='bbox 1031 3788 1113 3852; x_wconf 89' lang='lat' dir='ltr'><strong>meis</strong></span> <span class='ocrx_word' id='word_1_273' title='bbox 1134 3788 1259 3853; x_wconf 79' lang='lat' dir='ltr'><strong>mimda</strong></span> <span class='ocrx_word' id='word_1_274' title='bbox 1279 3810 1333 3853; x_wconf 90' lang='lat' dir='ltr'><strong>mc</strong></span> 
     </span>
     <span class='ocr_line' id='line_1_39' title="bbox 352 3873 1332 3956; baseline 0.002 -18"><span class='ocrx_word' id='word_1_275' title='bbox 352 3874 504 3938; x_wconf 85' lang='lat' dir='ltr'><strong>Domine.</strong></span> <span class='ocrx_word' id='word_1_276' title='bbox 554 3874 600 3937; x_wconf 86' lang='lat' dir='ltr'><strong>Et</strong></span> <span class='ocrx_word' id='word_1_277' title='bbox 632 3873 710 3937; x_wconf 87' lang='lat' dir='ltr'><strong>alibi</strong></span> <span class='ocrx_word' id='word_1_278' title='bbox 738 3873 829 3956; x_wconf 83' lang='lat' dir='ltr'><strong>(ibid.</strong></span> <span class='ocrx_word' id='word_1_279' title='bbox 856 3877 911 3948; x_wconf 89' lang='lat'><strong>38,</strong></span> <span class='ocrx_word' id='word_1_280' title='bbox 938 3873 985 3956; x_wconf 82' lang='lat' dir='ltr'><strong>b):</strong></span> <span class='ocrx_word' id='word_1_281' title='bbox 1009 3873 1210 3955; x_wconf 83' lang='lat' dir='ltr'><strong>iniquitates</strong></span> <span class='ocrx_word' id='word_1_282' title='bbox 1239 3895 1332 3940; x_wconf 87' lang='lat' dir='ltr'><strong>meac</strong></span> 
     </span>
     <span class='ocr_line' id='line_1_40' title="bbox 353 3960 1331 4043; baseline 0.002 -22"><span class='ocrx_word' id='word_1_283' title='bbox 353 3960 558 4023; x_wconf 85' lang='lat' dir='ltr'><strong>transierunt</strong></span> <span class='ocrx_word' id='word_1_284' title='bbox 580 3980 680 4041; x_wconf 87' lang='lat' dir='ltr'><strong>super</strong></span> <span class='ocrx_word' id='word_1_285' title='bbox 701 3966 799 4041; x_wconf 87' lang='lat' dir='ltr'><strong>eaput</strong></span> <span class='ocrx_word' id='word_1_286' title='bbox 816 3979 937 4036; x_wconf 90' lang='lat' dir='ltr'><strong>meum,</strong></span> <span class='ocrx_word' id='word_1_287' title='bbox 958 3968 991 4022; x_wconf 90' lang='lat' dir='ltr'><strong>et</strong></span> <span class='ocrx_word' id='word_1_288' title='bbox 1012 3960 1097 4039; x_wconf 70' lang='lat' dir='ltr'><strong>sicut</strong></span> <span class='ocrx_word' id='word_1_289' title='bbox 1120 3980 1203 4024; x_wconf 90' lang='lat' dir='ltr'><strong>onus</strong></span> <span class='ocrx_word' id='word_1_290' title='bbox 1221 3981 1331 4043; x_wconf 83' lang='lat' dir='ltr'><strong>gravo,</strong></span> 
     </span>
     <span class='ocr_line' id='line_1_41' title="bbox 354 4045 1332 4128; baseline 0.001 -19"><span class='ocrx_word' id='word_1_291' title='bbox 354 4054 509 4128; x_wconf 81' lang='lat' dir='ltr'><strong>gravatae</strong></span> <span class='ocrx_word' id='word_1_292' title='bbox 536 4055 613 4109; x_wconf 93' lang='lat' dir='ltr'><strong>sunt</strong></span> <span class='ocrx_word' id='word_1_293' title='bbox 639 4045 727 4108; x_wconf 90' lang='lat' dir='ltr'><strong>ultra</strong></span> <span class='ocrx_word' id='word_1_294' title='bbox 754 4045 844 4108; x_wconf 84' lang='lat' dir='ltr'><strong>vires</strong></span> <span class='ocrx_word' id='word_1_295' title='bbox 871 4064 969 4109; x_wconf 89' lang='lat' dir='ltr'><strong>meas.</strong></span> <span class='ocrx_word' id='word_1_296' title='bbox 1015 4045 1182 4109; x_wconf 91' lang='lat' dir='ltr'><strong>Nimirum</strong></span> <span class='ocrx_word' id='word_1_297' title='bbox 1210 4046 1332 4110; x_wconf 89' lang='lat' dir='ltr'><strong>intelli·</strong></span> 
     </span>
     <span class='ocr_line' id='line_1_42' title="bbox 353 4130 1331 4214; baseline 0.002 -20"><span class='ocrx_word' id='word_1_298' title='bbox 353 4132 453 4213; x_wconf 80' lang='lat' dir='ltr'><strong>gebat</strong></span> <span class='ocrx_word' id='word_1_299' title='bbox 479 4140 602 4213; x_wconf 86' lang='lat' dir='ltr'><strong>quanta</strong></span> <span class='ocrx_word' id='word_1_300' title='bbox 629 4137 715 4196; x_wconf 88' lang='lat' dir='ltr'><strong>esset</strong></span> <span class='ocrx_word' id='word_1_301' title='bbox 741 4136 948 4212; x_wconf 88' lang='lat' dir='ltr'><strong>peecatorum</strong></span> <span class='ocrx_word' id='word_1_302' title='bbox 975 4138 1163 4194; x_wconf 85' lang='lat' dir='ltr'><strong>nostrorum</strong></span> <span class='ocrx_word' id='word_1_303' title='bbox 1185 4130 1331 4214; x_wconf 87' lang='lat' dir='ltr'><strong>abyssus,</strong></span> 
     </span>
     <span class='ocr_line' id='line_1_43' title="bbox 353 4216 1333 4298; baseline -0.001 -17"><span class='ocrx_word' id='word_1_304' title='bbox 353 4237 451 4298; x_wconf 88' lang='lat' dir='ltr'><strong>quam</strong></span> <span class='ocrx_word' id='word_1_305' title='bbox 475 4217 597 4281; x_wconf 89' lang='lat' dir='ltr'><strong>multae</strong></span> <span class='ocrx_word' id='word_1_306' title='bbox 620 4216 780 4282; x_wconf 85' lang='lat' dir='ltr'><strong>seclorum</strong></span> <span class='ocrx_word' id='word_1_307' title='bbox 801 4216 908 4291; x_wconf 81' lang='lat' dir='ltr'><strong>facies,</strong></span> <span class='ocrx_word' id='word_1_308' title='bbox 932 4225 1012 4297; x_wconf 89' lang='lat' dir='ltr'><strong>quot</strong></span> <span class='ocrx_word' id='word_1_309' title='bbox 1034 4216 1141 4297; x_wconf 87' lang='lat' dir='ltr'><strong>capita</strong></span> <span class='ocrx_word' id='word_1_310' title='bbox 1162 4218 1271 4293; x_wconf 87' lang='lat' dir='ltr'><strong>ferret,</strong></span> <span class='ocrx_word' id='word_1_311' title='bbox 1300 4225 1333 4281; x_wconf 90' lang='lat' dir='ltr'><strong>et</strong></span> 
     </span>
     <span class='ocr_line' id='line_1_44' title="bbox 354 4299 1332 4386; baseline 0 -20"><span class='ocrx_word' id='word_1_312' title='bbox 354 4324 453 4384; x_wconf 87' lang='lat' dir='ltr'><strong>quam</strong></span> <span class='ocrx_word' id='word_1_313' title='bbox 480 4304 614 4386; x_wconf 83' lang='lat' dir='ltr'><strong>longam</strong></span> <span class='ocrx_word' id='word_1_314' title='bbox 641 4299 781 4367; x_wconf 88' lang='lat' dir='ltr'><strong>caudam</strong></span> <span class='ocrx_word' id='word_1_315' title='bbox 813 4300 960 4365; x_wconf 87' lang='lat' dir='ltr'><strong>traheret</strong></span> <span class='ocrx_word' id='word_1_316' title='bbox 990 4300 1072 4365; x_wconf 88' lang='lat' dir='ltr'><strong>hace</strong></span> <span class='ocrx_word' id='word_1_317' title='bbox 1099 4301 1214 4385; x_wconf 84' lang='lat' dir='ltr'><strong>hydra.</strong></span> <span class='ocrx_word' id='word_1_318' title='bbox 1257 4302 1332 4366; x_wconf 91' lang='lat' dir='ltr'><strong>Non</strong></span> 
     </span>
     <span class='ocr_line' id='line_1_45' title="bbox 354 4386 1333 4472; baseline 0 -20"><span class='ocrx_word' id='word_1_319' title='bbox 354 4410 430 4472; x_wconf 84' lang='lat' dir='ltr'><strong>ergo</strong></span> <span class='ocrx_word' id='word_1_320' title='bbox 452 4389 494 4454; x_wconf 92' lang='lat' dir='ltr'><strong>ad</strong></span> <span class='ocrx_word' id='word_1_321' title='bbox 516 4387 754 4454; x_wconf 83' lang='lat' dir='ltr'><strong>recensendum</strong></span> <span class='ocrx_word' id='word_1_322' title='bbox 776 4386 960 4469; x_wconf 75' lang='lat' dir='ltr'><strong>catalogum</strong></span> <span class='ocrx_word' id='word_1_323' title='bbox 988 4408 1023 4452; x_wconf 88' lang='lat' dir='ltr'><strong>se</strong></span> <span class='ocrx_word' id='word_1_324' title='bbox 1045 4386 1243 4465; x_wconf 78' lang='lat' dir='ltr'><strong>conferebat,</strong></span> <span class='ocrx_word' id='word_1_325' title='bbox 1275 4387 1333 4452; x_wconf 85' lang='lat' dir='ltr'><strong>sed</strong></span> 
     </span>
     <span class='ocr_line' id='line_1_46' title="bbox 354 4472 1331 4557; baseline -0.001 -19"><span class='ocrx_word' id='word_1_326' title='bbox 354 4495 371 4538; x_wconf 90' lang='lat' dir='ltr'><strong>e</strong></span> <span class='ocrx_word' id='word_1_327' title='bbox 392 4475 554 4557; x_wconf 74' lang='lat' dir='ltr'><strong>proscinde</strong></span> <span class='ocrx_word' id='word_1_328' title='bbox 580 4475 745 4538; x_wconf 88' lang='lat' dir='ltr'><strong>malorum</strong></span> <span class='ocrx_word' id='word_1_329' title='bbox 767 4473 929 4537; x_wconf 79' lang='lat' dir='ltr'><strong>clanrabat</strong></span> <span class='ocrx_word' id='word_1_330' title='bbox 950 4472 992 4536; x_wconf 89' lang='lat' dir='ltr'><strong>ad</strong></span> <span class='ocrx_word' id='word_1_331' title='bbox 1013 4472 1208 4537; x_wconf 89' lang='lat' dir='ltr'><strong>Dominum:</strong></span> <span class='ocrx_word' id='word_1_332' title='bbox 1235 4472 1331 4537; x_wconf 92' lang='lat' dir='ltr'><strong>obru-</strong></span> 
     </span>
     <span class='ocr_line' id='line_1_47' title="bbox 352 4559 1332 4644; baseline 0 -21"><span class='ocrx_word' id='word_1_333' title='bbox 352 4570 405 4623; x_wconf 89' lang='lat' dir='ltr'><strong>tus</strong></span> <span class='ocrx_word' id='word_1_334' title='bbox 438 4583 526 4638; x_wconf 87' lang='lat' dir='ltr'><strong>sum,</strong></span> <span class='ocrx_word' id='word_1_335' title='bbox 564 4561 713 4644; x_wconf 90' lang='lat' dir='ltr'><strong>sepultus</strong></span> <span class='ocrx_word' id='word_1_336' title='bbox 746 4581 819 4623; x_wconf 91' lang='lat' dir='ltr'><strong>sum</strong></span> <span class='ocrx_word' id='word_1_337' title='bbox 852 4568 886 4623; x_wconf 89' lang='lat' dir='ltr'><strong>ct</strong></span> <span class='ocrx_word' id='word_1_338' title='bbox 918 4559 1096 4624; x_wconf 85' lang='lat' dir='ltr'><strong>suffocatus</strong></span> <span class='ocrx_word' id='word_1_339' title='bbox 1103 4582 1111 4638; x_wconf 90' lang='lat'>;</span> <span class='ocrx_word' id='word_1_340' title='bbox 1151 4559 1332 4623; x_wconf 87' lang='lat' dir='ltr'><strong>inferorum</strong></span> 
     </span>
     <span class='ocr_line' id='line_1_48' title="bbox 350 4645 1330 4727; baseline 0.002 -19"><span class='ocrx_word' id='word_1_341' title='bbox 350 4659 465 4726; x_wconf 83' lang='lat' dir='ltr'><strong>portae</strong></span> <span class='ocrx_word' id='word_1_342' title='bbox 492 4647 778 4712; x_wconf 88' lang='lat' dir='ltr'><strong>eircmndcderunt</strong></span> <span class='ocrx_word' id='word_1_343' title='bbox 804 4667 872 4724; x_wconf 87' lang='lat' dir='ltr'><strong>me,</strong></span> <span class='ocrx_word' id='word_1_344' title='bbox 905 4646 1097 4709; x_wconf 87' lang='lat' dir='ltr'><strong>immersum</strong></span> <span class='ocrx_word' id='word_1_345' title='bbox 1130 4645 1196 4709; x_wconf 81' lang='lat' dir='ltr'><strong>alte</strong></span> <span class='ocrx_word' id='word_1_346' title='bbox 1223 4655 1330 4727; x_wconf 87' lang='lat' dir='ltr'><strong>puteo,</strong></span> 
     </span>
     <span class='ocr_line' id='line_1_49' title="bbox 351 4729 1330 4796; baseline 0.002 -3"><span class='ocrx_word' id='word_1_347' title='bbox 351 4729 557 4794; x_wconf 86' lang='lat' dir='ltr'><strong>deficientem</strong></span> <span class='ocrx_word' id='word_1_348' title='bbox 589 4742 622 4796; x_wconf 89' lang='lat' dir='ltr'><strong>et</strong></span> <span class='ocrx_word' id='word_1_349' title='bbox 648 4731 881 4796; x_wconf 90' lang='lat' dir='ltr'><strong>moribundum</strong></span> <span class='ocrx_word' id='word_1_350' title='bbox 920 4752 1039 4796; x_wconf 87' lang='lat' dir='ltr'><strong>manus</strong></span> <span class='ocrx_word' id='word_1_351' title='bbox 1078 4738 1136 4795; x_wconf 89' lang='lat' dir='ltr'><strong>tua</strong></span> <span class='ocrx_word' id='word_1_352' title='bbox 1167 4731 1330 4796; x_wconf 83' lang='lat' dir='ltr'><strong>extrahat.</strong></span> 
     </span>
     <span class='ocr_line' id='line_1_50' title="bbox 352 4813 1330 4900; baseline 0.004 -22"><span class='ocrx_word' id='word_1_353' title='bbox 352 4813 438 4894; x_wconf 82' lang='lat' dir='ltr'><strong>Quis</strong></span> <span class='ocrx_word' id='word_1_354' title='bbox 461 4836 595 4879; x_wconf 88' lang='lat' dir='ltr'><strong>suorum</strong></span> <span class='ocrx_word' id='word_1_355' title='bbox 615 4824 823 4898; x_wconf 85' lang='lat' dir='ltr'><strong>peccatorum</strong></span> <span class='ocrx_word' id='word_1_356' title='bbox 845 4840 934 4882; x_wconf 92' lang='lat' dir='ltr'><strong>nunc</strong></span> <span class='ocrx_word' id='word_1_357' title='bbox 953 4817 1219 4900; x_wconf 85' lang='lat' dir='ltr'><strong>supputationem</strong></span> <span class='ocrx_word' id='word_1_358' title='bbox 1241 4818 1330 4900; x_wconf 81' lang='lat' dir='ltr'><strong>eogi-</strong></span> 
     </span>
     <span class='ocr_line' id='line_1_51' title="bbox 352 4899 1331 5027; baseline 0.002 -61"><span class='ocrx_word' id='word_1_359' title='bbox 352 4909 410 4979; x_wconf 87' lang='lat' dir='ltr'><strong>tet,</strong></span> <span class='ocrx_word' id='word_1_360' title='bbox 435 4900 491 5027; x_wconf 61' lang='lat' dir='ltr'><strong>ubi</strong></span> <span class='ocrx_word' id='word_1_361' title='bbox 508 4899 672 4966; x_wconf 84' lang='lat' dir='ltr'><strong>Davidem</strong></span> <span class='ocrx_word' id='word_1_362' title='bbox 692 4903 783 4968; x_wconf 86' lang='lat' dir='ltr'><strong>ridet</strong></span> <span class='ocrx_word' id='word_1_363' title='bbox 804 4925 939 4968; x_wconf 89' lang='lat' dir='ltr'><strong>suorum</strong></span> <span class='ocrx_word' id='word_1_364' title='bbox 960 4925 1136 4968; x_wconf 84' lang='lat' dir='ltr'><strong>numerum</strong></span> <span class='ocrx_word' id='word_1_365' title='bbox 1156 4904 1241 4968; x_wconf 86' lang='lat' dir='ltr'><strong>inire</strong></span> <span class='ocrx_word' id='word_1_366' title='bbox 1263 4925 1331 4968; x_wconf 91' lang='lat' dir='ltr'><strong>non</strong></span> 
     </span>
    </p>

    <p class='ocr_par' dir='ltr' id='par_1_9' title="bbox 428 5007 446 5050">
     <span class='ocr_line' id='line_1_52' title="bbox 428 5007 446 5050; baseline 0 0"><span class='ocrx_word' id='word_1_367' title='bbox 428 5007 446 5050; x_wconf 89' lang='lat' dir='ltr'><strong>c</strong></span> 
     </span>
    </p>
   </div>
   <div class='ocr_carea' id='block_1_8' title="bbox 441 5035 1357 5171">
    <p class='ocr_par' dir='ltr' id='par_1_10' title="bbox 441 5035 1357 5171">
     <span class='ocr_line' id='line_1_53' title="bbox 441 5035 1357 5171; baseline 0.004 -36"><span class='ocrx_word' id='word_1_368' title='bbox 441 5035 488 5136; x_wconf 49' lang='lat'><strong>1⁶7.</strong></span> <span class='ocrx_word' id='word_1_369' title='bbox 512 5072 586 5137; x_wconf 90' lang='lat' dir='ltr'><strong>Hae</strong></span> <span class='ocrx_word' id='word_1_370' title='bbox 603 5072 792 5138; x_wconf 89' lang='lat' dir='ltr'><strong>carnificina</strong></span> <span class='ocrx_word' id='word_1_371' title='bbox 802 5075 876 5156; x_wconf 92' lang='lat' dir='ltr'><strong>plus</strong></span> <span class='ocrx_word' id='word_1_372' title='bbox 887 5097 987 5158; x_wconf 89' lang='lat' dir='ltr'><strong>quam</strong></span> <span class='ocrx_word' id='word_1_373' title='bbox 1003 5075 1178 5141; x_wconf 86' lang='lat' dir='ltr'><strong>crudeliter</strong></span> <span class='ocrx_word' id='word_1_374' title='bbox 1195 5074 1329 5140; x_wconf 79' lang='lat' dir='ltr'><strong>divexa·</strong></span> <span class='ocrx_word' id='word_1_375' title='bbox 1353 5136 1357 5171; x_wconf 58' lang='grc' dir='ltr'>Ι</span> 
     </span>
    </p>
   </div>
   <div class='ocr_carea' id='block_1_9' title="bbox 1381 1216 2383 5157">
    <p class='ocr_par' dir='ltr' id='par_1_11' title="bbox 1383 1216 2383 4298">
     <span class='ocr_line' id='line_1_54' title="bbox 1389 1216 2364 1301; baseline 0.015 -23"><span class='ocrx_word' id='word_1_376' title='bbox 1389 1230 1458 1292; x_wconf 76' lang='lat' dir='ltr'><strong>tua;</strong></span> <span class='ocrx_word' id='word_1_377' title='bbox 1485 1216 1596 1281; x_wconf 89' lang='lat' dir='ltr'><strong>nullus</strong></span> <span class='ocrx_word' id='word_1_378' title='bbox 1618 1225 1747 1299; x_wconf 83' lang='lat' dir='ltr'><strong>pertus.</strong></span> <span class='ocrx_word' id='word_1_379' title='bbox 1777 1217 1870 1282; x_wconf 90' lang='lat' dir='ltr'><strong>nulla</strong></span> <span class='ocrx_word' id='word_1_380' title='bbox 1891 1219 1996 1283; x_wconf 80' lang='lat' dir='ltr'><strong>sbttio.</strong></span> <span class='ocrx_word' id='word_1_381' title='bbox 2042 1218 2117 1301; x_wconf 72' lang='lat' dir='ltr'><strong>Qtto</strong></span> <span class='ocrx_word' id='word_1_382' title='bbox 2151 1223 2234 1289; x_wconf 77' lang='lat' dir='ltr'><strong>tlara</strong></span> <span class='ocrx_word' id='word_1_383' title='bbox 2254 1237 2364 1292; x_wconf 82' lang='lat' dir='ltr'><strong>tatus·</strong></span> 
     </span>
     <span class='ocr_line' id='line_1_55' title="bbox 1387 1301 2363 1392; baseline 0.013 -27"><span class='ocrx_word' id='word_1_384' title='bbox 1387 1303 1556 1380; x_wconf 83' lang='lat' dir='ltr'><strong>miserant,</strong></span> <span class='ocrx_word' id='word_1_385' title='bbox 1579 1301 1683 1365; x_wconf 81' lang='lat' dir='ltr'><strong>nnuor</strong></span> <span class='ocrx_word' id='word_1_386' title='bbox 1700 1323 1829 1384; x_wconf 86' lang='lat' dir='ltr'><strong>sernper</strong></span> <span class='ocrx_word' id='word_1_387' title='bbox 1846 1305 2015 1388; x_wconf 82' lang='lat' dir='ltr'><strong>congeries</strong></span> <span class='ocrx_word' id='word_1_388' title='bbox 2026 1306 2129 1372; x_wconf 88' lang='lat' dir='ltr'><strong>oeulis</strong></span> <span class='ocrx_word' id='word_1_389' title='bbox 2140 1309 2363 1392; x_wconf 64' lang='lat' dir='ltr'><strong>intimabatur:</strong></span> 
     </span>
     <span class='ocr_line' id='line_1_56' title="bbox 1387 1387 2364 1480; baseline 0.011 -29"><span class='ocrx_word' id='word_1_390' title='bbox 1387 1387 1556 1452; x_wconf 86' lang='lat' dir='ltr'><strong>imovero</strong></span> <span class='ocrx_word' id='word_1_391' title='bbox 1585 1387 1674 1452; x_wconf 88' lang='lat' dir='ltr'><strong>velut</strong></span> <span class='ocrx_word' id='word_1_392' title='bbox 1701 1387 1788 1452; x_wconf 67' lang='lat' dir='ltr'><strong>saltate</strong></span> <span class='ocrx_word' id='word_1_393' title='bbox 1815 1390 1918 1455; x_wconf 88' lang='lat' dir='ltr'><strong>moles</strong></span> <span class='ocrx_word' id='word_1_394' title='bbox 1945 1391 2175 1473; x_wconf 66' lang='lat' dir='ltr'><strong>rtssurprebant,</strong></span> <span class='ocrx_word' id='word_1_395' title='bbox 2204 1418 2263 1462; x_wconf 78' lang='lat' dir='ltr'><strong>ine</strong></span> <span class='ocrx_word' id='word_1_396' title='bbox 2290 1420 2364 1480; x_wconf 69' lang='lat' dir='ltr'><strong>aptes</strong></span> 
     </span>
     <span class='ocr_line' id='line_1_57' title="bbox 1387 1471 2364 1565; baseline 0.012 -31"><span class='ocrx_word' id='word_1_397' title='bbox 1387 1471 1469 1550; x_wconf 92' lang='lat' dir='ltr'><strong>ulla,</strong></span> <span class='ocrx_word' id='word_1_398' title='bbox 1494 1473 1545 1537; x_wconf 87' lang='lat' dir='ltr'><strong>vel</strong></span> <span class='ocrx_word' id='word_1_399' title='bbox 1567 1473 1682 1538; x_wconf 86' lang='lat' dir='ltr'><strong>saltum</strong></span> <span class='ocrx_word' id='word_1_400' title='bbox 1706 1482 1780 1556; x_wconf 66' lang='lat' dir='ltr'><strong>riost</strong></span> <span class='ocrx_word' id='word_1_401' title='bbox 1801 1473 1915 1558; x_wconf 77' lang='lat' dir='ltr'><strong>longas</strong></span> <span class='ocrx_word' id='word_1_402' title='bbox 1936 1474 2103 1560; x_wconf 77' lang='lat' dir='ltr'><strong>arubages,</strong></span> <span class='ocrx_word' id='word_1_403' title='bbox 2126 1478 2285 1545; x_wconf 86' lang='lat' dir='ltr'><strong>evadendi</strong></span> <span class='ocrx_word' id='word_1_404' title='bbox 2307 1504 2364 1565; x_wconf 70' lang='lat' dir='ltr'><strong>rapt·</strong></span> 
     </span>
     <span class='ocr_line' id='line_1_58' title="bbox 1386 1558 2364 1642; baseline 0.009 -19"><span class='ocrx_word' id='word_1_405' title='bbox 1386 1559 1530 1639; x_wconf 86' lang='lat' dir='ltr'><strong>parebat.</strong></span> <span class='ocrx_word' id='word_1_406' title='bbox 1570 1558 1761 1623; x_wconf 88' lang='lat' dir='ltr'><strong>Haerebant</strong></span> <span class='ocrx_word' id='word_1_407' title='bbox 1781 1560 1892 1642; x_wconf 75' lang='lat' dir='ltr'><strong>italuc</strong></span> <span class='ocrx_word' id='word_1_408' title='bbox 1913 1562 2002 1625; x_wconf 85' lang='lat' dir='ltr'><strong>iuter</strong></span> <span class='ocrx_word' id='word_1_409' title='bbox 2023 1585 2154 1629; x_wconf 73' lang='lat' dir='ltr'><strong>sitorum</strong></span> <span class='ocrx_word' id='word_1_410' title='bbox 2177 1576 2210 1630; x_wconf 89' lang='lat' dir='ltr'><strong>et</strong></span> <span class='ocrx_word' id='word_1_411' title='bbox 2232 1589 2364 1640; x_wconf 74' lang='lat' dir='ltr'><strong>seranni:</strong></span> 
     </span>
     <span class='ocr_line' id='line_1_59' title="bbox 1386 1642 2365 1735; baseline 0.009 -28"><span class='ocrx_word' id='word_1_412' title='bbox 1386 1664 1446 1708; x_wconf 89' lang='lat' dir='ltr'><strong>nce</strong></span> <span class='ocrx_word' id='word_1_413' title='bbox 1474 1643 1559 1708; x_wconf 90' lang='lat' dir='ltr'><strong>alius</strong></span> <span class='ocrx_word' id='word_1_414' title='bbox 1587 1642 1719 1708; x_wconf 86' lang='lat' dir='ltr'><strong>tandem</strong></span> <span class='ocrx_word' id='word_1_415' title='bbox 1746 1646 1856 1709; x_wconf 78' lang='lat' dir='ltr'><strong>exitus</strong></span> <span class='ocrx_word' id='word_1_416' title='bbox 1877 1648 2099 1728; x_wconf 71' lang='lat' dir='ltr'><strong>reperiebatur</strong></span> <span class='ocrx_word' id='word_1_417' title='bbox 2128 1672 2226 1732; x_wconf 67' lang='lat' dir='ltr'><strong>altram</strong></span> <span class='ocrx_word' id='word_1_418' title='bbox 2251 1652 2365 1735; x_wconf 64' lang='lat' dir='ltr'><strong>altaspa-</strong></span> 
     </span>
     <span class='ocr_line' id='line_1_60' title="bbox 1386 1729 2364 1811; baseline 0.012 -19"><span class='ocrx_word' id='word_1_419' title='bbox 1386 1731 1480 1793; x_wconf 89' lang='lat' dir='ltr'><strong>ratic.</strong></span> <span class='ocrx_word' id='word_1_420' title='bbox 1525 1729 1576 1792; x_wconf 90' lang='lat' dir='ltr'><strong>Ibi</strong></span> <span class='ocrx_word' id='word_1_421' title='bbox 1599 1730 1687 1794; x_wconf 88' lang='lat' dir='ltr'><strong>saevi</strong></span> <span class='ocrx_word' id='word_1_422' title='bbox 1711 1731 1765 1793; x_wconf 89' lang='lat' dir='ltr'><strong>isti</strong></span> <span class='ocrx_word' id='word_1_423' title='bbox 1785 1732 1971 1811; x_wconf 82' lang='lat' dir='ltr'><strong>carnifices,</strong></span> <span class='ocrx_word' id='word_1_424' title='bbox 2000 1742 2037 1797; x_wconf 89' lang='lat' dir='ltr'><strong>ut</strong></span> <span class='ocrx_word' id='word_1_425' title='bbox 2060 1734 2196 1800; x_wconf 83' lang='lat' dir='ltr'><strong>vulnera</strong></span> <span class='ocrx_word' id='word_1_426' title='bbox 2216 1738 2364 1804; x_wconf 80' lang='lat' dir='ltr'><strong>levttreut</strong></span> 
     </span>
     <span class='ocr_line' id='line_1_61' title="bbox 1385 1816 2365 1900; baseline 0.01 -22"><span class='ocrx_word' id='word_1_427' title='bbox 1385 1833 1469 1897; x_wconf 82' lang='lat' dir='ltr'><strong>quac</strong></span> <span class='ocrx_word' id='word_1_428' title='bbox 1502 1816 1659 1893; x_wconf 85' lang='lat' dir='ltr'><strong>l&#39;ccorant,</strong></span> <span class='ocrx_word' id='word_1_429' title='bbox 1690 1816 1835 1881; x_wconf 80' lang='lat' dir='ltr'><strong>lementa</strong></span> <span class='ocrx_word' id='word_1_430' title='bbox 1862 1817 2023 1900; x_wconf 76' lang='lat' dir='ltr'><strong>quaetlrun</strong></span> <span class='ocrx_word' id='word_1_431' title='bbox 2055 1819 2291 1888; x_wconf 80' lang='lat' dir='ltr'><strong>iulltibcorunt:</strong></span> <span class='ocrx_word' id='word_1_432' title='bbox 2328 1834 2365 1888; x_wconf 89' lang='lat' dir='ltr'><strong>ut</strong></span> 
     </span>
     <span class='ocr_line' id='line_1_62' title="bbox 1385 1901 2364 1984; baseline 0.013 -21"><span class='ocrx_word' id='word_1_433' title='bbox 1385 1901 1507 1965; x_wconf 86' lang='lat' dir='ltr'><strong>faceret</strong></span> <span class='ocrx_word' id='word_1_434' title='bbox 1529 1901 1652 1966; x_wconf 89' lang='lat' dir='ltr'><strong>seilicet</strong></span> <span class='ocrx_word' id='word_1_435' title='bbox 1673 1902 1809 1983; x_wconf 84' lang='lat' dir='ltr'><strong>quisquo</strong></span> <span class='ocrx_word' id='word_1_436' title='bbox 1827 1902 1968 1984; x_wconf 90' lang='lat' dir='ltr'><strong>quadiu</strong></span> <span class='ocrx_word' id='word_1_437' title='bbox 1989 1926 2023 1969; x_wconf 86' lang='lat' dir='ltr'><strong>sc</strong></span> <span class='ocrx_word' id='word_1_438' title='bbox 2043 1916 2137 1972; x_wconf 87' lang='lat' dir='ltr'><strong>esset.</strong></span> <span class='ocrx_word' id='word_1_439' title='bbox 2173 1908 2239 1973; x_wconf 68' lang='lat' dir='ltr'><strong>stat</strong></span> <span class='ocrx_word' id='word_1_440' title='bbox 2259 1930 2364 1975; x_wconf 77' lang='lat' dir='ltr'><strong>trevae</strong></span> 
     </span>
     <span class='ocr_line' id='line_1_63' title="bbox 1385 1986 2364 2070; baseline 0.012 -21"><span class='ocrx_word' id='word_1_441' title='bbox 1385 2008 1519 2050; x_wconf 87' lang='lat' dir='ltr'><strong>rursum</strong></span> <span class='ocrx_word' id='word_1_442' title='bbox 1557 2008 1655 2051; x_wconf 74' lang='lat' dir='ltr'><strong>eunte</strong></span> <span class='ocrx_word' id='word_1_443' title='bbox 1693 1986 1940 2070; x_wconf 86' lang='lat' dir='ltr'><strong>obstrepebant,</strong></span> <span class='ocrx_word' id='word_1_444' title='bbox 1989 1989 2054 2055; x_wconf 83' lang='lat' dir='ltr'><strong>into</strong></span> <span class='ocrx_word' id='word_1_445' title='bbox 2087 1993 2162 2058; x_wconf 87' lang='lat' dir='ltr'><strong>novi</strong></span> <span class='ocrx_word' id='word_1_446' title='bbox 2198 1996 2364 2061; x_wconf 65' lang='lat' dir='ltr'><strong>articulatus</strong></span> 
     </span>
     <span class='ocr_line' id='line_1_64' title="bbox 1385 2072 2364 2163; baseline 0.01 -28"><span class='ocrx_word' id='word_1_447' title='bbox 1385 2072 1597 2138; x_wconf 76' lang='lat' dir='ltr'><strong>excoriabant</strong></span> <span class='ocrx_word' id='word_1_448' title='bbox 1630 2073 1765 2136; x_wconf 87' lang='lat' dir='ltr'><strong>miseras</strong></span> <span class='ocrx_word' id='word_1_449' title='bbox 1806 2073 1946 2139; x_wconf 75' lang='lat' dir='ltr'><strong>arrianas:</strong></span> <span class='ocrx_word' id='word_1_450' title='bbox 1992 2097 2057 2140; x_wconf 91' lang='lat' dir='ltr'><strong>non</strong></span> <span class='ocrx_word' id='word_1_451' title='bbox 2095 2079 2174 2143; x_wconf 77' lang='lat' dir='ltr'><strong>settis</strong></span> <span class='ocrx_word' id='word_1_452' title='bbox 2208 2081 2364 2163; x_wconf 87' lang='lat' dir='ltr'><strong>temporis</strong></span> 
     </span>
     <span class='ocr_line' id='line_1_65' title="bbox 1384 2157 2363 2247; baseline 0.009 -26"><span class='ocrx_word' id='word_1_453' title='bbox 1384 2157 1545 2240; x_wconf 88' lang='lat' dir='ltr'><strong>impendi,</strong></span> <span class='ocrx_word' id='word_1_454' title='bbox 1569 2179 1634 2221; x_wconf 90' lang='lat' dir='ltr'><strong>non</strong></span> <span class='ocrx_word' id='word_1_455' title='bbox 1656 2159 1744 2223; x_wconf 89' lang='lat' dir='ltr'><strong>iusta</strong></span> <span class='ocrx_word' id='word_1_456' title='bbox 1764 2180 1863 2241; x_wconf 88' lang='lat' dir='ltr'><strong>opera</strong></span> <span class='ocrx_word' id='word_1_457' title='bbox 1884 2159 2031 2237; x_wconf 89' lang='lat' dir='ltr'><strong>incubui,</strong></span> <span class='ocrx_word' id='word_1_458' title='bbox 2054 2163 2157 2228; x_wconf 86' lang='lat' dir='ltr'><strong>nndta</strong></span> <span class='ocrx_word' id='word_1_459' title='bbox 2179 2186 2237 2246; x_wconf 89' lang='lat' dir='ltr'><strong>per</strong></span> <span class='ocrx_word' id='word_1_460' title='bbox 2259 2166 2363 2247; x_wconf 71' lang='lat' dir='ltr'><strong>iterpli·</strong></span> 
     </span>
     <span class='ocr_line' id='line_1_66' title="bbox 1385 2243 2363 2327; baseline 0.009 -20"><span class='ocrx_word' id='word_1_461' title='bbox 1385 2245 1530 2327; x_wconf 80' lang='lat' dir='ltr'><strong>gentiam</strong></span> <span class='ocrx_word' id='word_1_462' title='bbox 1551 2243 1719 2327; x_wconf 85' lang='lat' dir='ltr'><strong>praeterii,</strong></span> <span class='ocrx_word' id='word_1_463' title='bbox 1751 2254 1784 2309; x_wconf 92' lang='lat' dir='ltr'><strong>ct</strong></span> <span class='ocrx_word' id='word_1_464' title='bbox 1810 2244 1930 2311; x_wconf 86' lang='lat' dir='ltr'><strong>oblivio</strong></span> <span class='ocrx_word' id='word_1_465' title='bbox 1958 2267 2042 2327; x_wconf 88' lang='lat' dir='ltr'><strong>quac</strong></span> <span class='ocrx_word' id='word_1_466' title='bbox 2070 2271 2108 2312; x_wconf 79' lang='lat' dir='ltr'><strong>ex</strong></span> <span class='ocrx_word' id='word_1_467' title='bbox 2141 2250 2266 2315; x_wconf 73' lang='lat' dir='ltr'><strong>iactaris</strong></span> <span class='ocrx_word' id='word_1_468' title='bbox 2301 2273 2363 2316; x_wconf 75' lang='lat' dir='ltr'><strong>rra·</strong></span> 
     </span>
     <span class='ocr_line' id='line_1_67' title="bbox 1385 2275 2383 2415; baseline 0.009 -21"><span class='ocrx_word' id='word_1_469' title='bbox 1385 2330 1476 2394; x_wconf 89' lang='lat' dir='ltr'><strong>venit</strong></span> <span class='ocrx_word' id='word_1_470' title='bbox 1509 2350 1576 2394; x_wconf 92' lang='lat' dir='ltr'><strong>non</strong></span> <span class='ocrx_word' id='word_1_471' title='bbox 1609 2339 1659 2393; x_wconf 89' lang='lat' dir='ltr'><strong>est</strong></span> <span class='ocrx_word' id='word_1_472' title='bbox 1691 2329 1894 2397; x_wconf 83' lang='lat' dir='ltr'><strong>excusabilis.</strong></span> <span class='ocrx_word' id='word_1_473' title='bbox 1951 2332 2000 2396; x_wconf 72' lang='lat' dir='ltr'><strong>Su</strong></span> <span class='ocrx_word' id='word_1_474' title='bbox 2025 2332 2223 2415; x_wconf 74' lang='lat' dir='ltr'><strong>gerebantur</strong></span> <span class='ocrx_word' id='word_1_475' title='bbox 2255 2275 2383 2405; x_wconf 86' lang='lat' dir='ltr'><strong>adhue¹</strong></span> 
     </span>
     <span class='ocr_line' id='line_1_68' title="bbox 1384 2353 2361 2498; baseline 0.009 -19"><span class='ocrx_word' id='word_1_476' title='bbox 1384 2415 1449 2479; x_wconf 88' lang='lat' dir='ltr'><strong>alia</strong></span> <span class='ocrx_word' id='word_1_477' title='bbox 1470 2415 1647 2496; x_wconf 87' lang='lat' dir='ltr'><strong>pharmaca</strong></span> <span class='ocrx_word' id='word_1_478' title='bbox 1668 2437 1750 2498; x_wconf 70' lang='lat' dir='ltr'><strong>&lt;luae</strong></span> <span class='ocrx_word' id='word_1_479' title='bbox 1779 2415 1939 2481; x_wconf 85' lang='lat' dir='ltr'><strong>eiusmodi</strong></span> <span class='ocrx_word' id='word_1_480' title='bbox 1966 2353 2093 2483; x_wconf 70' lang='lat' dir='ltr'><strong>deictus</strong></span> <span class='ocrx_word' id='word_1_481' title='bbox 2121 2418 2361 2488; x_wconf 86' lang='lat' dir='ltr'><strong>denutlcebant:</strong></span> 
     </span>
     <span class='ocr_line' id='line_1_69' title="bbox 1384 2501 2365 2589; baseline 0.011 -25"><span class='ocrx_word' id='word_1_482' title='bbox 1384 2520 1445 2583; x_wconf 81' lang='lat' dir='ltr'><strong>age</strong></span> <span class='ocrx_word' id='word_1_483' title='bbox 1478 2501 1699 2584; x_wconf 79' lang='lat' dir='ltr'><strong>negligentiae</strong></span> <span class='ocrx_word' id='word_1_484' title='bbox 1732 2509 1808 2566; x_wconf 90' lang='lat' dir='ltr'><strong>tuac</strong></span> <span class='ocrx_word' id='word_1_485' title='bbox 1840 2503 2089 2584; x_wconf 61' lang='lat' dir='ltr'><strong>poenitentiaea</strong></span> <span class='ocrx_word' id='word_1_486' title='bbox 2123 2504 2218 2571; x_wconf 78' lang='lat' dir='ltr'><strong>auido</strong></span> <span class='ocrx_word' id='word_1_487' title='bbox 2247 2509 2365 2589; x_wconf 63' lang='lat' dir='ltr'><strong>sutrina</strong></span> 
     </span>
     <span class='ocr_line' id='line_1_70' title="bbox 1385 2585 2364 2664; baseline 0.008 -14"><span class='ocrx_word' id='word_1_488' title='bbox 1385 2607 1452 2650; x_wconf 92' lang='lat' dir='ltr'><strong>non</strong></span> <span class='ocrx_word' id='word_1_489' title='bbox 1482 2588 1540 2664; x_wconf 88' lang='lat' dir='ltr'><strong>sit,</strong></span> <span class='ocrx_word' id='word_1_490' title='bbox 1570 2585 1814 2651; x_wconf 90' lang='lat' dir='ltr'><strong>condonabitur.</strong></span> <span class='ocrx_word' id='word_1_491' title='bbox 1861 2587 1988 2653; x_wconf 86' lang='lat' dir='ltr'><strong>Verum</strong></span> <span class='ocrx_word' id='word_1_492' title='bbox 2018 2591 2129 2656; x_wconf 80' lang='lat' dir='ltr'><strong>attritio</strong></span> <span class='ocrx_word' id='word_1_493' title='bbox 2153 2591 2215 2656; x_wconf 85' lang='lat' dir='ltr'><strong>ista</strong></span> <span class='ocrx_word' id='word_1_494' title='bbox 2236 2593 2364 2659; x_wconf 89' lang='lat' dir='ltr'><strong>eieatri·</strong></span> 
     </span>
     <span class='ocr_line' id='line_1_71' title="bbox 1385 2672 2364 2756; baseline 0.009 -20"><span class='ocrx_word' id='word_1_495' title='bbox 1385 2692 1457 2736; x_wconf 91' lang='lat' dir='ltr'><strong>eom</strong></span> <span class='ocrx_word' id='word_1_496' title='bbox 1478 2672 1638 2738; x_wconf 87' lang='lat' dir='ltr'><strong>obducere</strong></span> <span class='ocrx_word' id='word_1_497' title='bbox 1660 2692 1727 2735; x_wconf 92' lang='lat' dir='ltr'><strong>non</strong></span> <span class='ocrx_word' id='word_1_498' title='bbox 1750 2681 1898 2756; x_wconf 86' lang='lat' dir='ltr'><strong>possunt;</strong></span> <span class='ocrx_word' id='word_1_499' title='bbox 1928 2696 1988 2739; x_wconf 91' lang='lat' dir='ltr'><strong>nec</strong></span> <span class='ocrx_word' id='word_1_500' title='bbox 2017 2684 2084 2739; x_wconf 85' lang='lat' dir='ltr'><strong>tarn</strong></span> <span class='ocrx_word' id='word_1_501' title='bbox 2112 2676 2189 2741; x_wconf 88' lang='lat' dir='ltr'><strong>mali</strong></span> <span class='ocrx_word' id='word_1_502' title='bbox 2213 2688 2292 2743; x_wconf 83' lang='lat' dir='ltr'><strong>surtt</strong></span> <span class='ocrx_word' id='word_1_503' title='bbox 2319 2678 2364 2745; x_wconf 87' lang='lat' dir='ltr'><strong>le·</strong></span> 
     </span>
     <span class='ocr_line' id='line_1_72' title="bbox 1385 2758 2364 2840; baseline 0.007 -18"><span class='ocrx_word' id='word_1_504' title='bbox 1385 2766 1541 2823; x_wconf 84' lang='lat' dir='ltr'><strong>varnenta</strong></span> <span class='ocrx_word' id='word_1_505' title='bbox 1564 2779 1663 2840; x_wconf 87' lang='lat' dir='ltr'><strong>quam</strong></span> <span class='ocrx_word' id='word_1_506' title='bbox 1687 2778 1813 2822; x_wconf 89' lang='lat' dir='ltr'><strong>venena</strong></span> <span class='ocrx_word' id='word_1_507' title='bbox 1835 2758 1931 2824; x_wconf 91' lang='lat' dir='ltr'><strong>melle</strong></span> <span class='ocrx_word' id='word_1_508' title='bbox 1953 2759 2068 2838; x_wconf 78' lang='lat' dir='ltr'><strong>obliti,</strong></span> <span class='ocrx_word' id='word_1_509' title='bbox 2094 2784 2135 2827; x_wconf 88' lang='lat' dir='ltr'><strong>ae</strong></span> <span class='ocrx_word' id='word_1_510' title='bbox 2157 2785 2218 2828; x_wconf 83' lang='lat' dir='ltr'><strong>etta</strong></span> <span class='ocrx_word' id='word_1_511' title='bbox 2240 2764 2364 2829; x_wconf 71' lang='lat' dir='ltr'><strong>accerbi-</strong></span> 
     </span>
     <span class='ocr_line' id='line_1_73' title="bbox 1384 2843 2364 2931; baseline 0.009 -25"><span class='ocrx_word' id='word_1_512' title='bbox 1384 2849 1453 2908; x_wconf 86' lang='lat' dir='ltr'><strong>tatc</strong></span> <span class='ocrx_word' id='word_1_513' title='bbox 1475 2845 1618 2925; x_wconf 91' lang='lat' dir='ltr'><strong>primum</strong></span> <span class='ocrx_word' id='word_1_514' title='bbox 1640 2853 1775 2926; x_wconf 82' lang='lat' dir='ltr'><strong>gustum</strong></span> <span class='ocrx_word' id='word_1_515' title='bbox 1799 2843 1977 2921; x_wconf 79' lang='lat' dir='ltr'><strong>offendant,</strong></span> <span class='ocrx_word' id='word_1_516' title='bbox 2000 2845 2056 2910; x_wconf 86' lang='lat' dir='ltr'><strong>sed</strong></span> <span class='ocrx_word' id='word_1_517' title='bbox 2075 2847 2110 2911; x_wconf 89' lang='lat' dir='ltr'><strong>ia</strong></span> <span class='ocrx_word' id='word_1_518' title='bbox 2133 2848 2248 2913; x_wconf 88' lang='lat' dir='ltr'><strong>intima</strong></span> <span class='ocrx_word' id='word_1_519' title='bbox 2266 2870 2364 2931; x_wconf 74' lang='lat' dir='ltr'><strong>pierre·</strong></span> 
     </span>
     <span class='ocr_line' id='line_1_74' title="bbox 1385 2930 2364 3017; baseline 0.009 -25"><span class='ocrx_word' id='word_1_520' title='bbox 1385 2935 1487 3007; x_wconf 88' lang='lat' dir='ltr'><strong>trent,</strong></span> <span class='ocrx_word' id='word_1_521' title='bbox 1522 2939 1698 3011; x_wconf 82' lang='lat' dir='ltr'><strong>antequam</strong></span> <span class='ocrx_word' id='word_1_522' title='bbox 1732 2930 1926 2994; x_wconf 86' lang='lat' dir='ltr'><strong>sentiantur.</strong></span> <span class='ocrx_word' id='word_1_523' title='bbox 1987 2930 2091 3009; x_wconf 68' lang='lat' dir='ltr'><strong>erpa</strong></span> <span class='ocrx_word' id='word_1_524' title='bbox 2123 2956 2200 3015; x_wconf 61' lang='lat' dir='ltr'><strong>(irco</strong></span> <span class='ocrx_word' id='word_1_525' title='bbox 2234 2956 2364 3017; x_wconf 84' lang='lat' dir='ltr'><strong>seutpcr</strong></span> 
     </span>
     <span class='ocr_line' id='line_1_75' title="bbox 1386 3013 2364 3093; baseline 0.008 -15"><span class='ocrx_word' id='word_1_526' title='bbox 1386 3015 1540 3080; x_wconf 86' lang='lat' dir='ltr'><strong>torribilis</strong></span> <span class='ocrx_word' id='word_1_527' title='bbox 1562 3014 1621 3079; x_wconf 86' lang='lat' dir='ltr'><strong>illa</strong></span> <span class='ocrx_word' id='word_1_528' title='bbox 1638 3036 1718 3093; x_wconf 79' lang='lat' dir='ltr'><strong>vex,</strong></span> <span class='ocrx_word' id='word_1_529' title='bbox 1742 3023 1775 3078; x_wconf 93' lang='lat' dir='ltr'><strong>ct</strong></span> <span class='ocrx_word' id='word_1_530' title='bbox 1796 3013 1930 3081; x_wconf 86' lang='lat' dir='ltr'><strong>auribus</strong></span> <span class='ocrx_word' id='word_1_531' title='bbox 1954 3016 2094 3080; x_wconf 85' lang='lat' dir='ltr'><strong>insonat:</strong></span> <span class='ocrx_word' id='word_1_532' title='bbox 2120 3022 2272 3083; x_wconf 84' lang='lat' dir='ltr'><strong>eorditarc</strong></span> <span class='ocrx_word' id='word_1_533' title='bbox 2295 3042 2364 3085; x_wconf 88' lang='lat' dir='ltr'><strong>orn·</strong></span> 
     </span>
     <span class='ocr_line' id='line_1_76' title="bbox 1385 3100 2362 3186; baseline 0.007 -22"><span class='ocrx_word' id='word_1_534' title='bbox 1385 3101 1443 3165; x_wconf 88' lang='lat' dir='ltr'><strong>nia</strong></span> <span class='ocrx_word' id='word_1_535' title='bbox 1464 3107 1597 3183; x_wconf 90' lang='lat' dir='ltr'><strong>peccata</strong></span> <span class='ocrx_word' id='word_1_536' title='bbox 1618 3109 1689 3177; x_wconf 89' lang='lat' dir='ltr'><strong>tua;</strong></span> <span class='ocrx_word' id='word_1_537' title='bbox 1718 3122 1777 3165; x_wconf 89' lang='lat' dir='ltr'><strong>nec</strong></span> <span class='ocrx_word' id='word_1_538' title='bbox 1805 3109 1912 3182; x_wconf 84' lang='lat' dir='ltr'><strong>potest</strong></span> <span class='ocrx_word' id='word_1_539' title='bbox 1941 3100 2057 3166; x_wconf 89' lang='lat' dir='ltr'><strong>horror</strong></span> <span class='ocrx_word' id='word_1_540' title='bbox 2083 3102 2145 3168; x_wconf 86' lang='lat' dir='ltr'><strong>isto</strong></span> <span class='ocrx_word' id='word_1_541' title='bbox 2168 3105 2275 3186; x_wconf 70' lang='lat' dir='ltr'><strong>placari</strong></span> <span class='ocrx_word' id='word_1_542' title='bbox 2300 3107 2362 3171; x_wconf 81' lang='lat' dir='ltr'><strong>aisi</strong></span> 
     </span>
     <span class='ocr_line' id='line_1_77' title="bbox 1385 3186 2363 3269; baseline 0.004 -18"><span class='ocrx_word' id='word_1_543' title='bbox 1385 3193 1474 3251; x_wconf 87' lang='lat' dir='ltr'><strong>corto</strong></span> <span class='ocrx_word' id='word_1_544' title='bbox 1496 3186 1620 3252; x_wconf 84' lang='lat' dir='ltr'><strong>solatio.</strong></span> <span class='ocrx_word' id='word_1_545' title='bbox 1667 3186 1731 3251; x_wconf 79' lang='lat' dir='ltr'><strong>llic</strong></span> <span class='ocrx_word' id='word_1_546' title='bbox 1752 3187 1877 3268; x_wconf 79' lang='lat' dir='ltr'><strong>copiteal</strong></span> <span class='ocrx_word' id='word_1_547' title='bbox 1900 3187 2022 3252; x_wconf 72' lang='lat' dir='ltr'><strong>iaderae</strong></span> <span class='ocrx_word' id='word_1_548' title='bbox 2043 3208 2138 3267; x_wconf 67' lang='lat' dir='ltr'><strong>rpeiam</strong></span> <span class='ocrx_word' id='word_1_549' title='bbox 2156 3189 2302 3269; x_wconf 67' lang='lat' dir='ltr'><strong>praesidiis·</strong></span> <span class='ocrx_word' id='word_1_550' title='bbox 2323 3192 2363 3255; x_wconf 80' lang='lat' dir='ltr'><strong>ait</strong></span> 
     </span>
     <span class='ocr_line' id='line_1_78' title="bbox 1386 3271 2367 3357; baseline 0.006 -21"><span class='ocrx_word' id='word_1_551' title='bbox 1386 3273 1429 3336; x_wconf 83' lang='lat' dir='ltr'><strong>ad</strong></span> <span class='ocrx_word' id='word_1_552' title='bbox 1450 3273 1601 3338; x_wconf 81' lang='lat' dir='ltr'><strong>rationem</strong></span> <span class='ocrx_word' id='word_1_553' title='bbox 1621 3292 1728 3337; x_wconf 82' lang='lat' dir='ltr'><strong>eccere</strong></span> <span class='ocrx_word' id='word_1_554' title='bbox 1750 3274 1844 3337; x_wconf 82' lang='lat' dir='ltr'><strong>totius</strong></span> <span class='ocrx_word' id='word_1_555' title='bbox 1865 3271 1944 3336; x_wconf 85' lang='lat' dir='ltr'><strong>anai</strong></span> <span class='ocrx_word' id='word_1_556' title='bbox 1966 3278 2050 3350; x_wconf 83' lang='lat' dir='ltr'><strong>acte,</strong></span> <span class='ocrx_word' id='word_1_557' title='bbox 2079 3278 2107 3337; x_wconf 79' lang='lat' dir='ltr'><strong>et</strong></span> <span class='ocrx_word' id='word_1_558' title='bbox 2133 3275 2210 3354; x_wconf 76' lang='lat' dir='ltr'><strong>arad</strong></span> <span class='ocrx_word' id='word_1_559' title='bbox 2230 3275 2367 3357; x_wconf 65' lang='lat' dir='ltr'><strong>siccatio</strong></span> 
     </span>
     <span class='ocr_line' id='line_1_79' title="bbox 1386 3358 2366 3440; baseline 0.004 -18"><span class='ocrx_word' id='word_1_560' title='bbox 1386 3358 1496 3423; x_wconf 77' lang='lat' dir='ltr'><strong>diadas</strong></span> <span class='ocrx_word' id='word_1_561' title='bbox 1518 3359 1677 3439; x_wconf 75' lang='lat' dir='ltr'><strong>peccarint</strong></span> <span class='ocrx_word' id='word_1_562' title='bbox 1698 3358 1857 3440; x_wconf 74' lang='lat' dir='ltr'><strong>collipere:</strong></span> <span class='ocrx_word' id='word_1_563' title='bbox 1885 3358 2009 3438; x_wconf 72' lang='lat' dir='ltr'><strong>querulo</strong></span> <span class='ocrx_word' id='word_1_564' title='bbox 2036 3361 2225 3439; x_wconf 72' lang='lat' dir='ltr'><strong>mater-ieram</strong></span> <span class='ocrx_word' id='word_1_565' title='bbox 2253 3381 2366 3426; x_wconf 76' lang='lat' dir='ltr'><strong>attunt·</strong></span> 
     </span>
     <span class='ocr_line' id='line_1_80' title="bbox 1385 3443 2366 3525; baseline 0.005 -18"><span class='ocrx_word' id='word_1_566' title='bbox 1385 3464 1531 3525; x_wconf 71' lang='lat' dir='ltr'><strong>panaque</strong></span> <span class='ocrx_word' id='word_1_567' title='bbox 1559 3444 1725 3522; x_wconf 72' lang='lat' dir='ltr'><strong>concinat,</strong></span> <span class='ocrx_word' id='word_1_568' title='bbox 1751 3443 1807 3507; x_wconf 81' lang='lat' dir='ltr'><strong>abi</strong></span> <span class='ocrx_word' id='word_1_569' title='bbox 1834 3443 1877 3507; x_wconf 82' lang='lat' dir='ltr'><strong>ed</strong></span> <span class='ocrx_word' id='word_1_570' title='bbox 1902 3463 2063 3524; x_wconf 67' lang='lat' dir='ltr'><strong>ceperam</strong></span> <span class='ocrx_word' id='word_1_571' title='bbox 2089 3446 2269 3511; x_wconf 66' lang='lat' dir='ltr'><strong>enatando</strong></span> <span class='ocrx_word' id='word_1_572' title='bbox 2295 3454 2366 3512; x_wconf 77' lang='lat' dir='ltr'><strong>satit</strong></span> 
     </span>
     <span class='ocr_line' id='line_1_81' title="bbox 1385 3529 2367 3610; baseline 0.004 -17"><span class='ocrx_word' id='word_1_573' title='bbox 1385 3530 1483 3594; x_wconf 80' lang='lat' dir='ltr'><strong>aciae</strong></span> <span class='ocrx_word' id='word_1_574' title='bbox 1504 3535 1627 3594; x_wconf 71' lang='lat' dir='ltr'><strong>&amp;traam</strong></span> <span class='ocrx_word' id='word_1_575' title='bbox 1648 3529 1713 3595; x_wconf 82' lang='lat' dir='ltr'><strong>dici</strong></span> <span class='ocrx_word' id='word_1_576' title='bbox 1734 3529 1859 3607; x_wconf 77' lang='lat' dir='ltr'><strong>delicta,</strong></span> <span class='ocrx_word' id='word_1_577' title='bbox 1881 3530 2064 3595; x_wconf 79' lang='lat' dir='ltr'><strong>maneriam</strong></span> <span class='ocrx_word' id='word_1_578' title='bbox 2086 3532 2250 3610; x_wconf 69' lang='lat' dir='ltr'><strong>amaena:</strong></span> <span class='ocrx_word' id='word_1_579' title='bbox 2279 3536 2367 3597; x_wconf 72' lang='lat' dir='ltr'><strong>lerata</strong></span> 
     </span>
     <span class='ocr_line' id='line_1_82' title="bbox 1385 3614 2368 3697; baseline 0.006 -20"><span class='ocrx_word' id='word_1_580' title='bbox 1385 3634 1418 3680; x_wconf 82' lang='lat' dir='ltr'><strong>ae</strong></span> <span class='ocrx_word' id='word_1_581' title='bbox 1445 3615 1536 3680; x_wconf 75' lang='lat' dir='ltr'><strong>larba</strong></span> <span class='ocrx_word' id='word_1_582' title='bbox 1565 3621 1593 3680; x_wconf 83' lang='lat' dir='ltr'><strong>et</strong></span> <span class='ocrx_word' id='word_1_583' title='bbox 1618 3616 1758 3681; x_wconf 78' lang='lat' dir='ltr'><strong>varietas</strong></span> <span class='ocrx_word' id='word_1_584' title='bbox 1784 3615 1907 3697; x_wconf 75' lang='lat' dir='ltr'><strong>inperii.</strong></span> <span class='ocrx_word' id='word_1_585' title='bbox 1953 3614 2060 3696; x_wconf 78' lang='lat' dir='ltr'><strong>Neque</strong></span> <span class='ocrx_word' id='word_1_586' title='bbox 2086 3617 2228 3681; x_wconf 70' lang='lat' dir='ltr'><strong>carimde</strong></span> <span class='ocrx_word' id='word_1_587' title='bbox 2250 3618 2368 3683; x_wconf 63' lang='lat' dir='ltr'><strong>aesca</strong></span> 
     </span>
     <span class='ocr_line' id='line_1_83' title="bbox 1386 3699 2368 3783; baseline 0.005 -19"><span class='ocrx_word' id='word_1_588' title='bbox 1386 3705 1413 3764; x_wconf 80' lang='lat' dir='ltr'><strong>ct</strong></span> <span class='ocrx_word' id='word_1_589' title='bbox 1434 3701 1572 3782; x_wconf 81' lang='lat' dir='ltr'><strong>stupidis</strong></span> <span class='ocrx_word' id='word_1_590' title='bbox 1592 3701 1759 3783; x_wconf 68' lang='lat' dir='ltr'><strong>liypoeribe</strong></span> <span class='ocrx_word' id='word_1_591' title='bbox 1785 3699 1907 3781; x_wconf 70' lang='lat' dir='ltr'><strong>baeer,</strong></span> <span class='ocrx_word' id='word_1_592' title='bbox 1932 3701 2003 3780; x_wconf 72' lang='lat' dir='ltr'><strong>qai,</strong></span> <span class='ocrx_word' id='word_1_593' title='bbox 2033 3700 2133 3767; x_wconf 81' lang='lat' dir='ltr'><strong>tribue</strong></span> <span class='ocrx_word' id='word_1_594' title='bbox 2161 3702 2209 3769; x_wconf 86' lang='lat' dir='ltr'><strong>vel</strong></span> <span class='ocrx_word' id='word_1_595' title='bbox 2235 3708 2368 3783; x_wconf 68' lang='lat' dir='ltr'><strong>quaem</strong></span> 
     </span>
     <span class='ocr_line' id='line_1_84' title="bbox 1383 3785 2369 3869; baseline 0.004 -18"><span class='ocrx_word' id='word_1_596' title='bbox 1383 3786 1584 3869; x_wconf 71' lang='lat' dir='ltr'><strong>pravioribus</strong></span> <span class='ocrx_word' id='word_1_597' title='bbox 1605 3786 1846 3865; x_wconf 81' lang='lat' dir='ltr'><strong>animaduersis,</strong></span> <span class='ocrx_word' id='word_1_598' title='bbox 1869 3785 2030 3866; x_wconf 73' lang='lat' dir='ltr'><strong>descedes</strong></span> <span class='ocrx_word' id='word_1_599' title='bbox 2051 3809 2084 3851; x_wconf 84' lang='lat' dir='ltr'><strong>ae</strong></span> <span class='ocrx_word' id='word_1_600' title='bbox 2100 3792 2229 3869; x_wconf 63' lang='lat' dir='ltr'><strong>inderet,</strong></span> <span class='ocrx_word' id='word_1_601' title='bbox 2254 3789 2309 3854; x_wconf 79' lang='lat' dir='ltr'><strong>aad</strong></span> <span class='ocrx_word' id='word_1_602' title='bbox 2330 3788 2369 3855; x_wconf 84' lang='lat' dir='ltr'><strong>de</strong></span> 
     </span>
     <span class='ocr_line' id='line_1_85' title="bbox 1384 3871 2368 3956; baseline 0.004 -19"><span class='ocrx_word' id='word_1_603' title='bbox 1384 3874 1468 3937; x_wconf 82' lang='lat' dir='ltr'><strong>veris</strong></span> <span class='ocrx_word' id='word_1_604' title='bbox 1485 3871 1550 3937; x_wconf 83' lang='lat' dir='ltr'><strong>Dei</strong></span> <span class='ocrx_word' id='word_1_605' title='bbox 1571 3872 1749 3950; x_wconf 77' lang='lat' dir='ltr'><strong>cultoribus,</strong></span> <span class='ocrx_word' id='word_1_606' title='bbox 1770 3873 1826 3953; x_wconf 78' lang='lat' dir='ltr'><strong>qai</strong></span> <span class='ocrx_word' id='word_1_607' title='bbox 1841 3875 2010 3953; x_wconf 67' lang='lat' dir='ltr'><strong>pastoriam</strong></span> <span class='ocrx_word' id='word_1_608' title='bbox 2031 3894 2064 3937; x_wconf 85' lang='lat' dir='ltr'><strong>se</strong></span> <span class='ocrx_word' id='word_1_609' title='bbox 2082 3874 2225 3939; x_wconf 71' lang='lat' dir='ltr'><strong>camiaco</strong></span> <span class='ocrx_word' id='word_1_610' title='bbox 2243 3877 2368 3956; x_wconf 67' lang='lat' dir='ltr'><strong>placete</strong></span> 
     </span>
     <span class='ocr_line' id='line_1_86' title="bbox 1386 3956 2367 4042; baseline 0.003 -19"><span class='ocrx_word' id='word_1_611' title='bbox 1386 3957 1477 4024; x_wconf 74' lang='lat' dir='ltr'><strong>obrui</strong></span> <span class='ocrx_word' id='word_1_612' title='bbox 1499 3959 1611 4036; x_wconf 56' lang='lat' dir='ltr'><strong>cidere</strong></span> <span class='ocrx_word' id='word_1_613' title='bbox 1631 3958 1752 4023; x_wconf 74' lang='lat' dir='ltr'><strong>aeldaat</strong></span> <span class='ocrx_word' id='word_1_614' title='bbox 1773 3958 1868 4021; x_wconf 81' lang='lat' dir='ltr'><strong>etiam</strong></span> <span class='ocrx_word' id='word_1_615' title='bbox 1888 3956 1969 4022; x_wconf 80' lang='lat' dir='ltr'><strong>illud</strong></span> <span class='ocrx_word' id='word_1_616' title='bbox 1993 3957 2126 4023; x_wconf 74' lang='lat' dir='ltr'><strong>laeticia</strong></span> <span class='ocrx_word' id='word_1_617' title='bbox 2147 3960 2179 4042; x_wconf 90' lang='lat' dir='ltr'><strong>(l</strong></span> <span class='ocrx_word' id='word_1_618' title='bbox 2202 3960 2317 4026; x_wconf 78' lang='lat' dir='ltr'><strong>letatur.</strong></span> <span class='ocrx_word' id='word_1_619' title='bbox 2338 3964 2367 4039; x_wconf 75' lang='lat'><strong>3,</strong></span> 
     </span>
     <span class='ocr_line' id='line_1_87' title="bbox 1386 4044 2369 4128; baseline 0.006 -22"><span class='ocrx_word' id='word_1_620' title='bbox 1386 4045 1459 4128; x_wconf 83' lang='lat'>20):</span> <span class='ocrx_word' id='word_1_621' title='bbox 1481 4045 1512 4108; x_wconf 82' lang='lat' dir='ltr'><strong>ai</strong></span> <span class='ocrx_word' id='word_1_622' title='bbox 1533 4065 1585 4110; x_wconf 89' lang='lat' dir='ltr'><strong>cor</strong></span> <span class='ocrx_word' id='word_1_623' title='bbox 1606 4049 1747 4109; x_wconf 68' lang='lat' dir='ltr'><strong>abactae</strong></span> <span class='ocrx_word' id='word_1_624' title='bbox 1769 4044 1875 4127; x_wconf 72' lang='lat' dir='ltr'><strong>capuit</strong></span> <span class='ocrx_word' id='word_1_625' title='bbox 1896 4064 1961 4122; x_wconf 78' lang='lat' dir='ltr'><strong>rios,</strong></span> <span class='ocrx_word' id='word_1_626' title='bbox 1983 4045 2086 4109; x_wconf 70' lang='lat' dir='ltr'><strong>accim</strong></span> <span class='ocrx_word' id='word_1_627' title='bbox 2103 4050 2147 4110; x_wconf 83' lang='lat' dir='ltr'><strong>eal</strong></span> <span class='ocrx_word' id='word_1_628' title='bbox 2171 4045 2260 4112; x_wconf 77' lang='lat' dir='ltr'><strong>Ilias</strong></span> <span class='ocrx_word' id='word_1_629' title='bbox 2280 4045 2369 4112; x_wconf 80' lang='lat' dir='ltr'><strong>carde</strong></span> 
     </span>
     <span class='ocr_line' id='line_1_88' title="bbox 1384 4129 2366 4213; baseline -0.001 -18"><span class='ocrx_word' id='word_1_630' title='bbox 1384 4136 1504 4209; x_wconf 65' lang='lat' dir='ltr'><strong>costra·</strong></span> <span class='ocrx_word' id='word_1_631' title='bbox 1522 4131 1627 4211; x_wconf 75' lang='lat' dir='ltr'><strong>itaque</strong></span> <span class='ocrx_word' id='word_1_632' title='bbox 1643 4135 1847 4208; x_wconf 60' lang='lat' dir='ltr'><strong>abacistae</strong></span> <span class='ocrx_word' id='word_1_633' title='bbox 1864 4130 1907 4195; x_wconf 83' lang='lat' dir='ltr'><strong>od</strong></span> <span class='ocrx_word' id='word_1_634' title='bbox 1924 4129 2041 4195; x_wconf 79' lang='lat' dir='ltr'><strong>iudicia</strong></span> <span class='ocrx_word' id='word_1_635' title='bbox 2058 4130 2150 4196; x_wconf 83' lang='lat' dir='ltr'><strong>illiue</strong></span> <span class='ocrx_word' id='word_1_636' title='bbox 2168 4136 2366 4213; x_wconf 66' lang='lat' dir='ltr'><strong>coaspredana</strong></span> 
     </span>
     <span class='ocr_line' id='line_1_89' title="bbox 1385 4215 2201 4298; baseline -0.001 -17"><span class='ocrx_word' id='word_1_637' title='bbox 1385 4217 1476 4281; x_wconf 83' lang='lat' dir='ltr'><strong>cuias</strong></span> <span class='ocrx_word' id='word_1_638' title='bbox 1497 4216 1627 4298; x_wconf 61' lang='lat' dir='ltr'><strong>coendia</strong></span> <span class='ocrx_word' id='word_1_639' title='bbox 1649 4234 1775 4280; x_wconf 73' lang='lat' dir='ltr'><strong>caeam</strong></span> <span class='ocrx_word' id='word_1_640' title='bbox 1797 4221 1936 4279; x_wconf 72' lang='lat' dir='ltr'><strong>castriae</strong></span> <span class='ocrx_word' id='word_1_641' title='bbox 1958 4215 2045 4298; x_wconf 77' lang='lat' dir='ltr'><strong>latpe</strong></span> <span class='ocrx_word' id='word_1_642' title='bbox 2066 4222 2201 4298; x_wconf 62' lang='lat' dir='ltr'><strong>mereret.</strong></span> 
     </span>
    </p>

    <p class='ocr_par' dir='ltr' id='par_1_12' title="bbox 1381 4299 2365 5157">
     <span class='ocr_line' id='line_1_90' title="bbox 1474 4299 2365 4381; baseline 0 -17"><span class='ocrx_word' id='word_1_643' title='bbox 1474 4306 1522 4365; x_wconf 83' lang='lat'><strong>18.</strong></span> <span class='ocrx_word' id='word_1_644' title='bbox 1565 4299 1663 4381; x_wconf 76' lang='lat' dir='ltr'><strong>Quod</strong></span> <span class='ocrx_word' id='word_1_645' title='bbox 1684 4310 1797 4366; x_wconf 89' lang='lat' dir='ltr'><strong>autem</strong></span> <span class='ocrx_word' id='word_1_646' title='bbox 1819 4302 1905 4367; x_wconf 89' lang='lat' dir='ltr'><strong>bona</strong></span> <span class='ocrx_word' id='word_1_647' title='bbox 1949 4324 2003 4367; x_wconf 84' lang='lat' dir='ltr'><strong>ars</strong></span> <span class='ocrx_word' id='word_1_648' title='bbox 2026 4302 2112 4367; x_wconf 85' lang='lat' dir='ltr'><strong>erbis</strong></span> <span class='ocrx_word' id='word_1_649' title='bbox 2131 4302 2250 4365; x_wconf 84' lang='lat' dir='ltr'><strong>talibus</strong></span> <span class='ocrx_word' id='word_1_650' title='bbox 2275 4300 2365 4364; x_wconf 87' lang='lat' dir='ltr'><strong>blan·</strong></span> 
     </span>
     <span class='ocr_line' id='line_1_91' title="bbox 1385 4324 2365 4469; baseline -0.003 -17"><span class='ocrx_word' id='word_1_651' title='bbox 1385 4386 1556 4465; x_wconf 84' lang='lat' dir='ltr'><strong>diruentis,</strong></span> <span class='ocrx_word' id='word_1_652' title='bbox 1585 4385 1704 4469; x_wconf 87' lang='lat' dir='ltr'><strong>quibus</strong></span> <span class='ocrx_word' id='word_1_653' title='bbox 1726 4395 1795 4452; x_wconf 89' lang='lat' dir='ltr'><strong>tam</strong></span> <span class='ocrx_word' id='word_1_654' title='bbox 1817 4324 1951 4453; x_wconf 65' lang='lat' dir='ltr'><strong>enutriti</strong></span> <span class='ocrx_word' id='word_1_655' title='bbox 1974 4408 2137 4452; x_wconf 88' lang='lat' dir='ltr'><strong>venenum</strong></span> <span class='ocrx_word' id='word_1_656' title='bbox 2161 4384 2365 4467; x_wconf 78' lang='lat' dir='ltr'><strong>corriperaba·</strong></span> 
     </span>
     <span class='ocr_line' id='line_1_92' title="bbox 1384 4469 2363 4555; baseline 0 -20"><span class='ocrx_word' id='word_1_657' title='bbox 1384 4479 1454 4551; x_wconf 90' lang='lat' dir='ltr'><strong>tur,</strong></span> <span class='ocrx_word' id='word_1_658' title='bbox 1483 4471 1661 4555; x_wconf 83' lang='lat' dir='ltr'><strong>acquievit,</strong></span> <span class='ocrx_word' id='word_1_659' title='bbox 1689 4494 1756 4538; x_wconf 92' lang='lat' dir='ltr'><strong>non</strong></span> <span class='ocrx_word' id='word_1_660' title='bbox 1782 4472 1817 4537; x_wconf 91' lang='lat' dir='ltr'><strong>id</strong></span> <span class='ocrx_word' id='word_1_661' title='bbox 1843 4474 2038 4538; x_wconf 83' lang='lat' dir='ltr'><strong>factumest</strong></span> <span class='ocrx_word' id='word_1_662' title='bbox 2066 4469 2151 4553; x_wconf 83' lang='lat' dir='ltr'><strong>quod</strong></span> <span class='ocrx_word' id='word_1_663' title='bbox 2173 4470 2245 4535; x_wconf 92' lang='lat' dir='ltr'><strong>Deo</strong></span> <span class='ocrx_word' id='word_1_664' title='bbox 2267 4470 2363 4535; x_wconf 72' lang='lat' dir='ltr'><strong>stitis·</strong></span> 
     </span>
     <span class='ocr_line' id='line_1_93' title="bbox 1382 4555 2361 4638; baseline -0.003 -15"><span class='ocrx_word' id='word_1_665' title='bbox 1382 4559 1505 4623; x_wconf 88' lang='lat' dir='ltr'><strong>factum</strong></span> <span class='ocrx_word' id='word_1_666' title='bbox 1532 4557 1693 4636; x_wconf 88' lang='lat' dir='ltr'><strong>crederet,</strong></span> <span class='ocrx_word' id='word_1_667' title='bbox 1724 4567 1795 4624; x_wconf 88' lang='lat' dir='ltr'><strong>aut·</strong></span> <span class='ocrx_word' id='word_1_668' title='bbox 1809 4559 1871 4624; x_wconf 88' lang='lat' dir='ltr'><strong>sibi</strong></span> <span class='ocrx_word' id='word_1_669' title='bbox 1900 4559 2000 4623; x_wconf 89' lang='lat' dir='ltr'><strong>ctiam</strong></span> <span class='ocrx_word' id='word_1_670' title='bbox 2025 4557 2122 4638; x_wconf 87' lang='lat' dir='ltr'><strong>plane</strong></span> <span class='ocrx_word' id='word_1_671' title='bbox 2152 4555 2361 4633; x_wconf 76' lang='lat' dir='ltr'><strong>satisfaceret,</strong></span> 
     </span>
     <span class='ocr_line' id='line_1_94' title="bbox 1383 4640 2362 4727; baseline -0.004 -17"><span class='ocrx_word' id='word_1_672' title='bbox 1383 4644 1441 4710; x_wconf 84' lang='lat' dir='ltr'><strong>sed</strong></span> <span class='ocrx_word' id='word_1_673' title='bbox 1463 4653 1516 4723; x_wconf 89' lang='lat' dir='ltr'><strong>ut,</strong></span> <span class='ocrx_word' id='word_1_674' title='bbox 1544 4644 1638 4727; x_wconf 67' lang='lat' dir='ltr'><strong>(passi</strong></span> <span class='ocrx_word' id='word_1_675' title='bbox 1662 4644 1698 4708; x_wconf 90' lang='lat' dir='ltr'><strong>in</strong></span> <span class='ocrx_word' id='word_1_676' title='bbox 1719 4644 1827 4711; x_wconf 91' lang='lat' dir='ltr'><strong>medio</strong></span> <span class='ocrx_word' id='word_1_677' title='bbox 1849 4644 1932 4708; x_wconf 89' lang='lat' dir='ltr'><strong>mari</strong></span> <span class='ocrx_word' id='word_1_678' title='bbox 1954 4645 2022 4707; x_wconf 80' lang='lat' dir='ltr'><strong>lire</strong></span> <span class='ocrx_word' id='word_1_679' title='bbox 2042 4640 2198 4717; x_wconf 86' lang='lat' dir='ltr'><strong>anchora,</strong></span> <span class='ocrx_word' id='word_1_680' title='bbox 2227 4641 2362 4721; x_wconf 85' lang='lat' dir='ltr'><strong>paulurn</strong></span> 
     </span>
     <span class='ocr_line' id='line_1_95' title="bbox 1382 4718 2362 4813; baseline -0.003 -17"><span class='ocrx_word' id='word_1_681' title='bbox 1382 4730 1652 4813; x_wconf 84' lang='lat' dir='ltr'><strong>interquiesceret</strong></span> <span class='ocrx_word' id='word_1_682' title='bbox 1673 4754 1694 4795; x_wconf 88' lang='lat' dir='ltr'><strong>a</strong></span> <span class='ocrx_word' id='word_1_683' title='bbox 1711 4731 1929 4813; x_wconf 74' lang='lat' dir='ltr'><strong>navigatione,</strong></span> <span class='ocrx_word' id='word_1_684' title='bbox 1955 4728 2005 4793; x_wconf 82' lang='lat' dir='ltr'><strong>vel</strong></span> <span class='ocrx_word' id='word_1_685' title='bbox 2023 4718 2114 4808; x_wconf 68' lang='lat' dir='ltr'><strong>(paesi</strong></span> <span class='ocrx_word' id='word_1_686' title='bbox 2137 4727 2241 4790; x_wconf 72' lang='lat' dir='ltr'><strong>bracae</strong></span> <span class='ocrx_word' id='word_1_687' title='bbox 2262 4735 2295 4789; x_wconf 90' lang='lat' dir='ltr'><strong>et</strong></span> <span class='ocrx_word' id='word_1_688' title='bbox 2314 4728 2362 4793; x_wconf 81' lang='lat' dir='ltr'><strong>la·</strong></span> 
     </span>
     <span class='ocr_line' id='line_1_96' title="bbox 1382 4810 2362 4884; baseline -0.003 -2"><span class='ocrx_word' id='word_1_689' title='bbox 1382 4818 1503 4882; x_wconf 85' lang='lat' dir='ltr'><strong>tiscens</strong></span> <span class='ocrx_word' id='word_1_690' title='bbox 1526 4817 1632 4884; x_wconf 85' lang='lat' dir='ltr'><strong>viator</strong></span> <span class='ocrx_word' id='word_1_691' title='bbox 1659 4817 1695 4880; x_wconf 91' lang='lat' dir='ltr'><strong>in</strong></span> <span class='ocrx_word' id='word_1_692' title='bbox 1717 4818 1773 4883; x_wconf 88' lang='lat' dir='ltr'><strong>via</strong></span> <span class='ocrx_word' id='word_1_693' title='bbox 1794 4814 2010 4881; x_wconf 85' lang='lat' dir='ltr'><strong>decumberet.</strong></span> <span class='ocrx_word' id='word_1_694' title='bbox 2056 4810 2267 4877; x_wconf 75' lang='lat' dir='ltr'><strong>[allicienda</strong></span> <span class='ocrx_word' id='word_1_695' title='bbox 2290 4811 2362 4879; x_wconf 84' lang='lat' dir='ltr'><strong>eiua</strong></span> 
     </span>
     <span class='ocr_line' id='line_1_97' title="bbox 1381 4897 2362 4982; baseline 0 -16"><span class='ocrx_word' id='word_1_696' title='bbox 1381 4904 1430 4967; x_wconf 89' lang='lat' dir='ltr'><strong>rei</strong></span> <span class='ocrx_word' id='word_1_697' title='bbox 1447 4904 1511 4968; x_wconf 90' lang='lat' dir='ltr'><strong>fide</strong></span> <span class='ocrx_word' id='word_1_698' title='bbox 1529 4924 1597 4969; x_wconf 91' lang='lat' dir='ltr'><strong>non</strong></span> <span class='ocrx_word' id='word_1_699' title='bbox 1607 4902 1728 4968; x_wconf 88' lang='lat' dir='ltr'><strong>laboro.</strong></span> <span class='ocrx_word' id='word_1_700' title='bbox 1762 4901 1834 4967; x_wconf 77' lang='lat' dir='ltr'><strong>Sibi</strong></span> <span class='ocrx_word' id='word_1_701' title='bbox 1850 4899 1938 4964; x_wconf 87' lang='lat' dir='ltr'><strong>enim</strong></span> <span class='ocrx_word' id='word_1_702' title='bbox 1958 4897 2095 4980; x_wconf 56' lang='lat' dir='ltr'><strong>«reuolue</strong></span> <span class='ocrx_word' id='word_1_703' title='bbox 2114 4899 2206 4963; x_wconf 73' lang='lat' dir='ltr'><strong>aistis</strong></span> <span class='ocrx_word' id='word_1_704' title='bbox 2224 4897 2313 4982; x_wconf 88' lang='lat' dir='ltr'><strong>apud</strong></span> <span class='ocrx_word' id='word_1_705' title='bbox 2327 4923 2362 4966; x_wconf 83' lang='lat' dir='ltr'><strong>se</strong></span> 
     </span>
     <span class='ocr_line' id='line_1_98' title="bbox 1382 4982 2361 5080; baseline -0.004 -26"><span class='ocrx_word' id='word_1_706' title='bbox 1382 5011 1453 5054; x_wconf 82' lang='lat' dir='ltr'><strong>esse</strong></span> <span class='ocrx_word' id='word_1_707' title='bbox 1475 4998 1591 5073; x_wconf 81' lang='lat' dir='ltr'><strong>potest</strong></span> <span class='ocrx_word' id='word_1_708' title='bbox 1635 4990 1754 5055; x_wconf 89' lang='lat' dir='ltr'><strong>Dicam</strong></span> <span class='ocrx_word' id='word_1_709' title='bbox 1776 4988 1811 5050; x_wconf 91' lang='lat' dir='ltr'><strong>in</strong></span> <span class='ocrx_word' id='word_1_710' title='bbox 1829 5005 1958 5050; x_wconf 85' lang='lat' dir='ltr'><strong>summa</strong></span> <span class='ocrx_word' id='word_1_711' title='bbox 1979 4982 2086 5080; x_wconf 60' lang='lat' dir='ltr'><strong>(puelia</strong></span> <span class='ocrx_word' id='word_1_712' title='bbox 2108 4983 2161 5050; x_wconf 78' lang='lat' dir='ltr'><strong>lex</strong></span> <span class='ocrx_word' id='word_1_713' title='bbox 2179 4984 2361 5051; x_wconf 80' lang='lat' dir='ltr'><strong>illustrarit.</strong></span> 
     </span>
     <span class='ocr_line' id='line_1_99' title="bbox 1381 5069 2362 5157; baseline -0.005 -16"><span class='ocrx_word' id='word_1_714' title='bbox 1381 5076 1534 5141; x_wconf 90' lang='lat' dir='ltr'><strong>Primum</strong></span> <span class='ocrx_word' id='word_1_715' title='bbox 1552 5075 1743 5157; x_wconf 87' lang='lat' dir='ltr'><strong>simpliciter</strong></span> <span class='ocrx_word' id='word_1_716' title='bbox 1762 5082 1812 5138; x_wconf 87' lang='lat' dir='ltr'><strong>eet</strong></span> <span class='ocrx_word' id='word_1_717' title='bbox 1832 5069 2048 5152; x_wconf 81' lang='lat' dir='ltr'><strong>impossibilis.</strong></span> <span class='ocrx_word' id='word_1_718' title='bbox 2090 5070 2206 5153; x_wconf 75' lang='lat' dir='ltr'><strong>Itaqtrc</strong></span> <span class='ocrx_word' id='word_1_719' title='bbox 2229 5071 2362 5137; x_wconf 75' lang='lat' dir='ltr'><strong>namuci</strong></span> 
     </span>
    </p>
   </div>
   <div class='ocr_carea' id='block_1_10' title="bbox 353 5155 2361 5328">
    <p class='ocr_par' dir='ltr' id='par_1_13' title="bbox 353 5155 2361 5328">
     <span class='ocr_line' id='line_1_100' title="bbox 353 5155 2361 5243; baseline 0 -21"><span class='ocrx_word' id='word_1_720' title='bbox 353 5164 404 5222; x_wconf 83' lang='lat' dir='ltr'><strong>tae</strong></span> <span class='ocrx_word' id='word_1_721' title='bbox 415 5173 493 5222; x_wconf 89' lang='lat' dir='ltr'><strong>sunt</strong></span> <span class='ocrx_word' id='word_1_722' title='bbox 506 5179 620 5222; x_wconf 90' lang='lat' dir='ltr'><strong>eorum</strong></span> <span class='ocrx_word' id='word_1_723' title='bbox 635 5157 831 5241; x_wconf 82' lang='lat' dir='ltr'><strong>animaequi</strong></span> <span class='ocrx_word' id='word_1_724' title='bbox 841 5160 1021 5243; x_wconf 88' lang='lat' dir='ltr'><strong>aliquoDci</strong></span> <span class='ocrx_word' id='word_1_725' title='bbox 1032 5182 1130 5226; x_wconf 85' lang='lat' dir='ltr'><strong>sensu</strong></span> <span class='ocrx_word' id='word_1_726' title='bbox 1142 5160 1328 5226; x_wconf 84' lang='lat' dir='ltr'><strong>afficieban·</strong></span> <span class='ocrx_word' id='word_1_727' title='bbox 1353 5174 1357 5217; x_wconf 81' lang='lat' dir='ltr'><strong>l</strong></span> <span class='ocrx_word' id='word_1_728' title='bbox 1380 5162 1527 5243; x_wconf 86' lang='lat' dir='ltr'><strong>perdere,</strong></span> <span class='ocrx_word' id='word_1_729' title='bbox 1552 5161 1717 5236; x_wconf 87' lang='lat' dir='ltr'><strong>damnare,</strong></span> <span class='ocrx_word' id='word_1_730' title='bbox 1741 5155 1949 5234; x_wconf 74' lang='lat' dir='ltr'><strong>wnl&#39;underc,</strong></span> <span class='ocrx_word' id='word_1_731' title='bbox 1967 5156 2013 5220; x_wconf 73' lang='lat' dir='ltr'><strong>oin</strong></span> <span class='ocrx_word' id='word_1_732' title='bbox 2035 5156 2167 5223; x_wconf 86' lang='lat' dir='ltr'><strong>ruinam</strong></span> <span class='ocrx_word' id='word_1_733' title='bbox 2192 5163 2226 5221; x_wconf 85' lang='lat' dir='ltr'><strong>et</strong></span> <span class='ocrx_word' id='word_1_734' title='bbox 2247 5155 2361 5239; x_wconf 80' lang='lat' dir='ltr'><strong>despe-</strong></span> 
     </span>
     <span class='ocr_line' id='line_1_101' title="bbox 353 5224 2361 5328; baseline 0 -22"><span class='ocrx_word' id='word_1_735' title='bbox 353 5252 416 5308; x_wconf 87' lang='lat' dir='ltr'><strong>tur.</strong></span> <span class='ocrx_word' id='word_1_736' title='bbox 450 5244 617 5328; x_wconf 89' lang='lat' dir='ltr'><strong>Principio</strong></span> <span class='ocrx_word' id='word_1_737' title='bbox 635 5264 705 5308; x_wconf 88' lang='lat' dir='ltr'><strong>sese</strong></span> <span class='ocrx_word' id='word_1_738' title='bbox 716 5244 877 5310; x_wconf 71' lang='lat' dir='ltr'><strong>rotabant</strong></span> <span class='ocrx_word' id='word_1_739' title='bbox 894 5245 936 5309; x_wconf 87' lang='lat' dir='ltr'><strong>ad</strong></span> <span class='ocrx_word' id='word_1_740' title='bbox 953 5246 1123 5324; x_wconf 86' lang='lat' dir='ltr'><strong>caleulum,</strong></span> <span class='ocrx_word' id='word_1_741' title='bbox 1165 5256 1276 5312; x_wconf 85' lang='lat' dir='ltr'><strong>cecata</strong></span> <span class='ocrx_word' id='word_1_742' title='bbox 1292 5248 1329 5312; x_wconf 90' lang='lat' dir='ltr'><strong>in</strong></span> <span class='ocrx_word' id='word_1_743' title='bbox 1353 5224 1356 5283; x_wconf 73' lang='lat'>¹</span> <span class='ocrx_word' id='word_1_744' title='bbox 1380 5250 1543 5313; x_wconf 78' lang='lat' dir='ltr'><strong>radonem</strong></span> <span class='ocrx_word' id='word_1_745' title='bbox 1560 5245 1718 5312; x_wconf 86' lang='lat' dir='ltr'><strong>coniicere</strong></span> <span class='ocrx_word' id='word_1_746' title='bbox 1736 5249 1852 5325; x_wconf 84' lang='lat' dir='ltr'><strong>potest.</strong></span> <span class='ocrx_word' id='word_1_747' title='bbox 1881 5241 2010 5308; x_wconf 86' lang='lat' dir='ltr'><strong>Deinde</strong></span> <span class='ocrx_word' id='word_1_748' title='bbox 2027 5252 2221 5326; x_wconf 74' lang='lat' dir='ltr'><strong>peccatoria,</strong></span> <span class='ocrx_word' id='word_1_749' title='bbox 2245 5263 2265 5305; x_wconf 87' lang='lat' dir='ltr'><strong>c</strong></span> <span class='ocrx_word' id='word_1_750' title='bbox 2284 5262 2361 5307; x_wconf 85' lang='lat' dir='ltr'><strong>vero</strong></span> 
     </span>
    </p>
   </div>
   <div class='ocr_carea' id='block_1_11' title="bbox 353 5326 1329 5502">
    <p class='ocr_par' dir='ltr' id='par_1_14' title="bbox 353 5326 1329 5502">
     <span class='ocr_line' id='line_1_102' title="bbox 354 5326 1329 5412; baseline 0.007 -21"><span class='ocrx_word' id='word_1_751' title='bbox 354 5326 498 5408; x_wconf 88' lang='lat' dir='ltr'><strong>brachia,</strong></span> <span class='ocrx_word' id='word_1_752' title='bbox 522 5331 558 5394; x_wconf 88' lang='lat' dir='ltr'><strong>in</strong></span> <span class='ocrx_word' id='word_1_753' title='bbox 575 5351 700 5409; x_wconf 88' lang='lat' dir='ltr'><strong>rames,</strong></span> <span class='ocrx_word' id='word_1_754' title='bbox 718 5331 755 5395; x_wconf 87' lang='lat' dir='ltr'><strong>in</strong></span> <span class='ocrx_word' id='word_1_755' title='bbox 772 5331 989 5410; x_wconf 86' lang='lat' dir='ltr'><strong>ramusculos,</strong></span> <span class='ocrx_word' id='word_1_756' title='bbox 1011 5334 1047 5397; x_wconf 92' lang='lat' dir='ltr'><strong>in</strong></span> <span class='ocrx_word' id='word_1_757' title='bbox 1063 5334 1135 5398; x_wconf 86' lang='lat' dir='ltr'><strong>fron</strong></span> <span class='ocrx_word' id='word_1_758' title='bbox 1179 5354 1210 5412; x_wconf 90' lang='lat' dir='ltr'><strong>s,</strong></span> <span class='ocrx_word' id='word_1_759' title='bbox 1234 5333 1329 5398; x_wconf 84' lang='lat' dir='ltr'><strong>iuxta</strong></span> 
     </span>
     <span class='ocr_line' id='line_1_103' title="bbox 353 5413 1328 5502; baseline 0.004 -23"><span class='ocrx_word' id='word_1_760' title='bbox 353 5413 491 5480; x_wconf 87' lang='lat' dir='ltr'><strong>istorum</strong></span> <span class='ocrx_word' id='word_1_761' title='bbox 508 5417 663 5482; x_wconf 86' lang='lat' dir='ltr'><strong>formulas</strong></span> <span class='ocrx_word' id='word_1_762' title='bbox 683 5415 902 5494; x_wconf 66' lang='lat' dir='ltr'><strong>maehina</strong></span> <span class='ocrx_word' id='word_1_763' title='bbox 920 5425 993 5481; x_wconf 78' lang='lat' dir='ltr'><strong>bam</strong></span> <span class='ocrx_word' id='word_1_764' title='bbox 1008 5419 1237 5502; x_wconf 84' lang='lat' dir='ltr'><strong>appendebant</strong></span> <span class='ocrx_word' id='word_1_765' title='bbox 1247 5439 1328 5500; x_wconf 86' lang='lat' dir='ltr'><strong>qua·</strong></span> 
     </span>
    </p>
   </div>
   <div class='ocr_carea' id='block_1_12' title="bbox 422 5688 894 5760">
    <p class='ocr_par' dir='ltr' id='par_1_15' title="bbox 422 5688 894 5760">
     <span class='ocr_line' id='line_1_104' title="bbox 422 5688 894 5760; baseline -0.028 -6"><span class='ocrx_word' id='word_1_766' title='bbox 422 5691 450 5753; x_wconf 82' lang='lat' dir='ltr'><strong>l)</strong></span> <span class='ocrx_word' id='word_1_767' title='bbox 470 5691 531 5746; x_wconf 61' lang='grc' dir='ltr'><strong>δὀὔ.</strong></span> <span class='ocrx_word' id='word_1_768' title='bbox 550 5707 608 5760; x_wconf 83' lang='lat' dir='ltr'><strong>cop.</strong></span> <span class='ocrx_word' id='word_1_769' title='bbox 627 5692 652 5746; x_wconf 79' lang='grc' dir='ltr'><strong>ὁ.</strong></span> <span class='ocrx_word' id='word_1_770' title='bbox 669 5693 729 5746; x_wconf 75' lang='lat' dir='ltr'><strong>libr.</strong></span> <span class='ocrx_word' id='word_1_771' title='bbox 747 5691 772 5744; x_wconf 87' lang='lat'><strong>3.</strong></span> <span class='ocrx_word' id='word_1_772' title='bbox 791 5695 851 5743; x_wconf 77' lang='lat' dir='ltr'><strong>ceci.</strong></span> <span class='ocrx_word' id='word_1_773' title='bbox 869 5688 894 5741; x_wconf 81' lang='lat'><strong>2.</strong></span> 
     </span>
    </p>
   </div>
   <div class='ocr_carea' id='block_1_13' title="bbox 1380 5324 2363 5501">
    <p class='ocr_par' dir='ltr' id='par_1_16' title="bbox 1380 5324 2363 5501">
     <span class='ocr_line' id='line_1_105' title="bbox 1381 5324 2360 5415; baseline -0.01 -15"><span class='ocrx_word' id='word_1_774' title='bbox 1381 5344 1587 5415; x_wconf 85' lang='lat' dir='ltr'><strong>peccatorum</strong></span> <span class='ocrx_word' id='word_1_775' title='bbox 1603 5348 1737 5396; x_wconf 83' lang='lat' dir='ltr'><strong>suorum</strong></span> <span class='ocrx_word' id='word_1_776' title='bbox 1755 5348 1855 5393; x_wconf 86' lang='lat' dir='ltr'><strong>seusu</strong></span> <span class='ocrx_word' id='word_1_777' title='bbox 1872 5326 2039 5406; x_wconf 83' lang='lat' dir='ltr'><strong>abductas,</strong></span> <span class='ocrx_word' id='word_1_778' title='bbox 2060 5328 2081 5394; x_wconf 92' lang='lat' dir='ltr'>h</span> <span class='ocrx_word' id='word_1_779' title='bbox 2108 5328 2249 5412; x_wconf 86' lang='lat' dir='ltr'><strong>pocritae</strong></span> <span class='ocrx_word' id='word_1_780' title='bbox 2271 5324 2360 5404; x_wconf 81' lang='lat' dir='ltr'><strong>lacit,</strong></span> 
     </span>
     <span class='ocr_line' id='line_1_106' title="bbox 1380 5351 2363 5501; baseline -0.005 -17"><span class='ocrx_word' id='word_1_781' title='bbox 1380 5419 1509 5501; x_wconf 86' lang='lat' dir='ltr'><strong>Deique</strong></span> <span class='ocrx_word' id='word_1_782' title='bbox 1536 5438 1574 5482; x_wconf 90' lang='lat' dir='ltr'><strong>ae</strong></span> <span class='ocrx_word' id='word_1_783' title='bbox 1597 5414 1815 5494; x_wconf 86' lang='lat' dir='ltr'><strong>suiipsorum</strong></span> <span class='ocrx_word' id='word_1_784' title='bbox 1835 5414 2036 5498; x_wconf 76' lang='lat' dir='ltr'><strong>ignorantes.</strong></span> <span class='ocrx_word' id='word_1_785' title='bbox 2080 5351 2259 5495; x_wconf 61' lang='lat' dir='ltr'><strong>biennem,</strong></span> <span class='ocrx_word' id='word_1_786' title='bbox 2282 5409 2363 5479; x_wconf 82' lang='lat' dir='ltr'><strong>dam</strong></span> 
     </span>
    </p>
   </div>
   <div class='ocr_carea' id='block_1_14' title="bbox 1351 5496 2361 5755">
    <p class='ocr_par' dir='ltr' id='par_1_17' title="bbox 1351 5496 2361 5755">
     <span class='ocr_line' id='line_1_107' title="bbox 1379 5496 2358 5587; baseline -0.004 -21"><span class='ocrx_word' id='word_1_787' title='bbox 1379 5504 1415 5569; x_wconf 92' lang='lat' dir='ltr'><strong>in</strong></span> <span class='ocrx_word' id='word_1_788' title='bbox 1433 5510 1640 5587; x_wconf 79' lang='lat' dir='ltr'><strong>peecatorum</strong></span> <span class='ocrx_word' id='word_1_789' title='bbox 1658 5500 1904 5566; x_wconf 84' lang='lat' dir='ltr'><strong>enumeratione</strong></span> <span class='ocrx_word' id='word_1_790' title='bbox 1920 5502 1981 5566; x_wconf 84' lang='lat' dir='ltr'><strong>toti</strong></span> <span class='ocrx_word' id='word_1_791' title='bbox 1998 5506 2207 5581; x_wconf 88' lang='lat' dir='ltr'><strong>occupantur,</strong></span> <span class='ocrx_word' id='word_1_792' title='bbox 2225 5496 2358 5562; x_wconf 87' lang='lat' dir='ltr'><strong>interim</strong></span> 
     </span>
     <span class='ocr_line' id='line_1_108' title="bbox 1352 5582 2361 5683; baseline -0.003 -31"><span class='ocrx_word' id='word_1_793' title='bbox 1352 5642 1356 5683; x_wconf 60' lang='grc' dir='ltr'>Ι</span> <span class='ocrx_word' id='word_1_794' title='bbox 1380 5590 1617 5655; x_wconf 83' lang='lat' dir='ltr'><strong>obliviscuntur</strong></span> <span class='ocrx_word' id='word_1_795' title='bbox 1633 5585 1791 5682; x_wconf 76' lang='lat' dir='ltr'><strong>latentem</strong></span> <span class='ocrx_word' id='word_1_796' title='bbox 1811 5586 1903 5653; x_wconf 89' lang='lat' dir='ltr'><strong>illam</strong></span> <span class='ocrx_word' id='word_1_797' title='bbox 1924 5589 2080 5652; x_wconf 84' lang='lat' dir='ltr'><strong>vitiorum</strong></span> <span class='ocrx_word' id='word_1_798' title='bbox 2096 5585 2231 5661; x_wconf 74' lang='lat' dir='ltr'><strong>teman,</strong></span> <span class='ocrx_word' id='word_1_799' title='bbox 2252 5582 2361 5649; x_wconf 87' lang='lat' dir='ltr'><strong>cecul-</strong></span> 
     </span>
     <span class='ocr_line' id='line_1_109' title="bbox 1351 5668 2358 5755; baseline -0.005 -14"><span class='ocrx_word' id='word_1_800' title='bbox 1351 5688 1356 5731; x_wconf 70' lang='grc' dir='ltr'>Ι</span> <span class='ocrx_word' id='word_1_801' title='bbox 1381 5684 1434 5741; x_wconf 84' lang='lat' dir='ltr'><strong>tas</strong></span> <span class='ocrx_word' id='word_1_802' title='bbox 1463 5691 1540 5737; x_wconf 86' lang='lat' dir='ltr'><strong>suas</strong></span> <span class='ocrx_word' id='word_1_803' title='bbox 1568 5672 1776 5755; x_wconf 81' lang='lat' dir='ltr'><strong>iniqmtates,</strong></span> <span class='ocrx_word' id='word_1_804' title='bbox 1808 5683 1842 5740; x_wconf 83' lang='lat' dir='ltr'><strong>a</strong></span> <span class='ocrx_word' id='word_1_805' title='bbox 1866 5672 2040 5741; x_wconf 83' lang='lat' dir='ltr'><strong>interiores</strong></span> <span class='ocrx_word' id='word_1_806' title='bbox 2067 5668 2192 5745; x_wconf 79' lang='lat' dir='ltr'><strong>sordes,</strong></span> <span class='ocrx_word' id='word_1_807' title='bbox 2220 5689 2358 5751; x_wconf 85' lang='lat' dir='ltr'><strong>quarum</strong></span> 
     </span>
    </p>
   </div>
   <div class='ocr_carea' id='block_1_15' title="bbox 2093 5772 2152 5822">
    <p class='ocr_par' dir='ltr' id='par_1_18' title="bbox 2093 5772 2152 5822">
     <span class='ocr_line' id='line_1_110' title="bbox 2093 5772 2152 5822; baseline 0.034 -2"><span class='ocrx_word' id='word_1_808' title='bbox 2093 5772 2152 5822; x_wconf 74' lang='lat'><strong>30*</strong></span> 
     </span>
    </p>
   </div>
   <div class='ocr_carea' id='block_1_16' title="bbox 0 0 2804 6807">
    <p class='ocr_par' dir='ltr' id='par_1_19' title="bbox 0 0 2804 6807">
     <span class='ocr_line' id='line_1_111' title="bbox 0 0 2804 6807; baseline 0 0"><span class='ocrx_word' id='word_1_809' title='bbox 0 0 2804 6807; x_wconf 95' lang='lat' dir='ltr'><strong> </strong></span> 
     </span>
    </p>
   </div>
  </div>
 </body>
</html>
