5600 6809
272 2388 277 2407 ,
354 2304 357 2307 ¹
445 2323 590 2387 iustitiae
607 2322 802 2386 insimulant
819 2323 979 2401 nonnulli,
997 2322 1084 2406 quod
1102 2345 1169 2387 non
1192 2322 1332 2388 eundem
1350 2346 1386 2388 er

448 772 511 835 ror
1094 759 1362 827 11111111]Ἧο
1384 761 1489 827 Rau.
1513 760 1704 827 euulsa.
1720 765 1811 826 1111.
2003 732 2015 754 ’
2125 814 2134 833 ,
2228 763 2230 766 ·
2397 760 2461 823 111

448 977 491 1021 ex
519 952 645 1019 duobus
669 973 749 1036 quos
776 951 907 1017 nullum
931 952 1088 1016 meritum
1110 948 1321 1028 discriminat,
1344 950 1426 1014 alte-
1568 953 1617 1013 12.
1669 949 1742 1014 Hoc
1769 970 1895 1032 quoque
1923 949 1965 1013 ad
1999 948 2209 1016 evertendam
2237 946 2462 1030 praedestina·

446 1062 524 1106 rum
552 1047 737 1122 praetereat
762 1038 798 1103 in
826 1037 983 1103 eloctione
1012 1059 1086 1116 sua,
1114 1036 1256 1101 alterum
1280 1043 1428 1101 assumat
1479 1037 1605 1099 tionem
1626 1036 1810 1119 exagitant,
1838 1035 1925 1118 quod
1946 1036 2019 1116 ipsa
2045 1043 2154 1099 stante
2182 1033 2333 1099 concidat
2354 1035 2462 1099 omnis

447 1125 561 1190 Deus?
605 1126 680 1208 llgo
705 1126 852 1191 vicissim
873 1144 967 1207 rogo,
997 1128 1159 1206 putentno
1180 1123 1215 1186 in
1238 1115 1279 1186 eo'
1297 1122 1353 1204 qui
1375 1142 1427 1186 as·
1480 1119 1663 1187 sollicitudo
1675 1131 1708 1185 11
1717 1121 1801 1186 bene
1819 1122 1938 1205 agendi
1955 1120 2110 1185 studium.
2135 1120 2219 1201 Quis
2235 1121 2322 1184 enim
2340 1118 2461 1198 audiat,

447 1211 590 1275 sumitur
620 1232 690 1275 esse
719 1209 845 1293 aliquid
872 1207 958 1291 quod
978 1208 1044 1273 Dei
1074 1209 1221 1272 animum
1248 1207 1291 1271 ad
1318 1209 1428 1290 ipsum
1481 1208 1652 1289 inquiunt,
1688 1214 1821 1272 aeterno
1853 1216 1887 1272 et
1918 1207 2115 1271 immutabili
2139 1207 2205 1270 Dei
2237 1205 2365 1271 decreto
2398 1205 2463 1270 sibi

393 1320 403 1333 ²
446 1295 604 1361 inclinet?
655 1295 694 1362 Si
726 1297 811 1361 nihil
843 1294 1048 1374 fatebuntur,
1082 1292 1170 1376 quod
1203 1315 1336 1358 necesso
1367 1301 1426 1371 est,
1479 1295 1581 1356 fixam
1603 1312 1674 1357 esse
1696 1299 1755 1356 aut
1775 1294 1879 1357 vitam
1900 1299 1958 1356 aut
1978 1301 2127 1370 mortem,
2152 1293 2232 1375 quin
2254 1292 2403 1374 protinus
2424 1292 2463 1354 in

447 1389 603 1464 sequetur
630 1383 741 1447 Deum
768 1403 836 1445 non
862 1380 1030 1445 hominem
1061 1381 1201 1458 intueri,
1236 1379 1294 1444 sed
1321 1400 1341 1443 1
1368 1399 1428 1442 sua
1479 1385 1627 1443 mentem
1648 1378 1774 1455 veniat,
1801 1378 1886 1443 nihil
1908 1380 2069 1443 interesse
2097 1376 2260 1461 quomodo
2287 1399 2322 1442 se
2356 1386 2461 1460 gerat,

447 1467 594 1532 bonitate
611 1470 771 1533 rationem
787 1474 898 1549 petere
916 1487 975 1531 cur
997 1466 1047 1529 illi
1063 1467 1255 1531 benefaciat.
1270 1465 1295 1548 ¹)
1330 1464 1429 1545 Quod
1480 1463 1610 1547 quando
1638 1485 1697 1528 sno
1719 1486 1815 1547 opere
1836 1463 1922 1528 nihil
1942 1474 1999 1527 aut
2020 1464 2171 1547 impediri
2199 1471 2257 1528 aut
2277 1464 2464 1543 promoveri

446 1554 551 1636 igitur
572 1554 739 1618 hominem
757 1574 859 1617 unum
880 1551 974 1635 eligit
988 1552 1091 1629 Deus,
1115 1552 1217 1616 altero
1239 1553 1370 1629 reiecto,
1393 1549 1428 1614 id
1480 1559 1579 1633 queat
1598 1550 1663 1613 Dei
1690 1550 1965 1632 praedestinatio?
1999 1550 2053 1613 Ita
2079 1571 2193 1614 omncs
2220 1550 2394 1631 proiioient
2415 1569 2461 1626 se,

447 1660 515 1703 non
535 1640 687 1721 provenit
713 1638 753 1702 ab
776 1638 920 1702 hominis
948 1647 1115 1720 respectu,
1144 1637 1243 1702 seda
1268 1637 1428 1701 solacius
1481 1643 1514 1700 et
1542 1635 1748 1716 deploratum
1769 1638 1804 1699 in
1831 1658 1971 1714 morem,
2000 1633 2194 1719 quocunque
2215 1635 2315 1701 libido
2337 1636 2461 1714 tulerit,

445 1724 683 1802 misericordia,
712 1725 764 1789 cui
791 1723 931 1787 liberum
953 1745 1023 1788 esse
1051 1723 1148 1788 debet
1167 1724 1315 1805 prolerre
1337 1745 1372 1788 se
1394 1730 1428 1787 et
1480 1722 1673 1805 praecipites
1694 1722 1797 1786 ibunt.
1842 1723 1891 1786 Et
1910 1743 1989 1787 sane
2008 1744 2076 1786 non
2097 1723 2132 1786 in
2153 1723 2348 1786 universum
2367 1743 2461 1786 men·

447 1831 598 1874 exserere
619 1810 674 1873 ubi
697 1816 730 1872 11
750 1810 876 1891 quoties
897 1809 1011 1891 placet
1045 1809 1176 1873 Nomet
1198 1809 1275 1872 alibi
1297 1809 1329 1893 (l
1352 1808 1426 1873 (lor.
1481 1809 1607 1871 1111111111·
1614 1830 1622 1886 ;
1649 1817 1728 1871 sunt
1754 1809 1842 1872 onim
1869 1809 2016 1890 plerique
2042 1808 2133 1890 porci
2154 1808 2210 1890 qui
2237 1807 2462 1889 praedestina-

450 1900 482 1972 1,
513 1896 569 1979 26)
597 1896 737 1959 uidimus
764 1916 825 1960 noa
850 1896 965 1960 rra-ullos
995 1895 1034 1959 ab
1064 1896 1153 1959 1111111
1180 1900 1303 1959 vocaus
1328 1895 1429 1976 fuisse
1480 1894 1579 1958 tionis
1601 1893 1783 1959 doctrinam
1812 1895 1950 1977 impuris
1970 1894 2043 1959 istis
2065 1893 2275 1976 blasphemiis
2304 1914 2461 1975 conspur-

445 1980 575 2059 aobilca
602 1981 650 2044 vel
676 1982 844 2060 sopanus,
872 1981 921 2045 vel
941 1981 1134 2062 splendidos,
1161 1985 1196 2044 ut
1216 1980 1308 2045 Deus
1328 1981 1430 2044 humi
1481 1988 1564 2057 cant,
1586 1988 1683 2061 atque
1706 1979 1767 2045 hoc
1796 1981 1895 2044 etiam
1923 1980 2059 2045 obtentu
2089 1977 2327 2043 admonitiones
2349 1987 2383 2041 et
2405 1977 2461 2042 ob-

447 2066 540 2130 liaret
560 2067 668 2131 caruis
689 2066 869 2148 superbiam
875 2092 885 2146 ;
913 2071 1034 2141 1111111111
1056 2066 1141 2132 abest
1161 2066 1430 2147 111111111ὼά1-
1481 2065 1682 2148 iurgationes
1714 2065 1875 2148 quaslibet
1907 2065 2061 2130 eludunt:
2095 2067 2157 2130 soit
2184 2066 2277 2129 Deus
2309 2063 2389 2146 quid
2421 2062 2462 2129 de

446 2152 569 2216 1111111141
589 2152 687 2233 fuerit
707 2153 775 2216 eius
795 2152 895 2233 favor.
1480 2152 1574 2215 nobis
1596 2172 1694 2234 agere
1712 2152 1810 2216 semel
1833 2151 1986 2217 statuerit
1992 2175 2000 2230 ;
2024 2152 2052 2215 si
2069 2151 2209 2215 salutem
2227 2150 2379 2229 decrevit,
2403 2150 2462 2213 ad-

535 2242 583 2301 11.
629 2235 741 2317 Quare
769 2237 851 2302 l'also
872 2244 915 2304 et
942 2239 1083 2319 pessime
1110 2236 1222 2301 Deum
1248 2237 1429 2320 inaequalis
1481 2237 1578 2301 ducet
1599 2257 1660 2300 nos
1681 2235 1723 2300 ad
1745 2258 1818 2301 eam
1840 2258 1898 2301 suo
1921 2245 2081 2319 tempore;
2104 2237 2133 2301 si
2154 2245 2296 2300 mortem
2318 2235 2461 2300 destina

1481 2325 1545 2400 rit,
1570 2323 1696 2386 frustra
1717 2330 1832 2387 contra
1853 2321 2071 2388 tenderemus.
2117 2325 2165 2387 At
2187 2325 2358 2404 scriptura,
2381 2320 2462 2387 dum

445 2429 561 2472 omnes
583 2415 732 2472 tenorem
753 2409 789 2472 in
819 2430 880 2473 sua
900 2408 1198 2492 praedestinatione
1226 2418 1344 2475 servat.
1387 2345 1429 2474 {i
1480 2409 1641 2492 praecipit
1668 2417 1790 2491 quanto
1817 2409 1934 2473 maiori
1962 2417 1996 2472 et
2027 2410 2214 2475 reverentia
2238 2417 2271 2472 11
2303 2407 2461 2491 religione

445 2515 568 2571 omnes,
587 2494 749 2576 inquiunt,
769 2495 886 2560 noxios
899 2495 1123 2578 deprehendit,
1135 2515 1296 2578 peraeque
1314 2515 1429 2559 omnes
1483 2497 1527 2561 sit
1544 2495 1584 2559 de
1602 2501 1695 2558 tanto
1711 2496 1869 2578 mysterio
1889 2493 2109 2579 cogitandum,
2133 2504 2205 2558 tum
2222 2495 2293 2577 pios
2311 2494 2346 2558 in
2364 2494 2461 2578 longe
2508 2570 2513 2580 .

444 2580 574 2661 puniat3
597 2580 626 2644 si
647 2580 803 2658 insontes,
827 2582 868 2645 ab
891 2582 1041 2647 omnibus
1067 2581 1180 2646 iudicii
1206 2583 1350 2664 rigorem
1372 2580 1429 2644 ab·
1481 2581 1649 2646 diversum
1680 2601 1815 2645 sensum
1844 2581 2007 2658 instituit,
2042 2589 2114 2644 tum
2136 2582 2308 2646 scelestam
2329 2579 2461 2644 illorum

446 2665 576 2729 stineat.
627 2665 731 2747 Atqui
757 2666 894 2748 perinde
923 2689 998 2733 cum
1025 2667 1094 2748 ipro
1122 2674 1226 2752 agunt
1254 2688 1292 2730 ac
1319 2668 1348 2733 si
1375 2666 1430 2733 vel
1481 2667 1709 2748 intemperiem
1730 2666 2028 2750 probe'rodarguit.
2074 2667 2151 2730 Non
2172 2668 2262 2731 enim
2283 2665 2460 2749 praedesti-

446 2748 621 2815 interdicta
637 2750 686 2814 illi
703 2752 787 2815 foret
804 2752 1034 2831 misericordia,
1056 2753 1119 2829 vel,
1144 2751 1225 2816 dum
1241 2753 1314 2818 vult
1330 2753 1429 2817 mise-
1481 2752 1650 2817 nationem
1672 2773 1710 2816 eo
1733 2763 1966 2817 commemorat
1982 2761 2021 2816 ut
2038 2754 2076 2817 in
2098 2751 2267 2818 audaciam
2285 2753 2459 2835 erigamur,

278 2908 282 2915 ,
327 2900 339 2919 Α,
445 2836 522 2915 reri,
545 2842 681 2919 cogatur
702 2836 737 2900 in
759 2843 867 2902 totum
889 2838 1009 2905 iudicio
1031 2841 1230 2904 renuntiare.
1268 2838 1357 2920 Quid
1379 2849 1430 2904 est
1481 2847 1515 2902 11
1536 2837 1786 2903 inaccessa-Dei
1809 2847 1934 2904 secreta
1955 2846 2109 2903 excutere
2131 2839 2254 2903 nefaria
2276 2838 2462 2901 temeritate

445 2921 532 3004 quod
553 2922 724 3004 flagitant?
753 2924 780 2987 si
808 2944 920 2989 omnes
942 2934 1020 2990 sunt
1041 2925 1148 3001 noxii,
1170 2933 1208 2989 ut
1230 2926 1329 2991 simul
1351 2946 1429 2990 ean·
1481 2932 1663 3002 tentemus;
1697 2924 1756 2989 sed
1782 2926 1892 3007 potius
1923 2933 1962 2988 ut
1991 2924 2156 2989 humiliati
2188 2945 2225 2988 ao
2252 2922 2384 3000 deiecti,
2419 2922 2462 2986 ad

446 3006 521 3071 dem
555 3027 667 3071 omncs
700 3008 795 3072 luant
824 3030 973 3091 poenam.
1029 3011 1189 3076 Fatemur
1221 3032 1429 3076 communem
1480 3010 1638 3075 iudicium
1659 3011 1731 3075 eius
1752 3018 1908 3089 tremere,
1930 3010 2187 3076 misericordiam
2207 3009 2370 3090 suspicere
2393 3009 2461 3072 dis·

444 3112 580 3170 noxam;
608 3092 666 3158 sed
687 3094 826 3159 dicimus
846 3095 1042 3176 quibusdam
1068 3117 1257 3163 succurrere
1279 3097 1344 3162 Dei
1366 3097 1429 3160 mi·
1481 3117 1601 3162 camus.
1647 3094 1702 3160 Ad
1724 3096 1813 3160 hunc
1838 3117 1973 3179 scopum
1993 3096 2107 3161 fideles
2134 3093 2352 3160 collimabrmt
2397 3094 2461 3158 Ille

385 3197 393 3205 ·
446 3176 664 3242 sericordiam.
710 3177 898 3260 Succurrat,
922 3182 1024 3261 aiunt,
1047 3183 1207 3249 omnibus.
1249 3182 1428 3249 81111111-
1482 3191 1592 3247 autem
1613 3181 1727 3247 foedus
1743 3203 1916 3264 porcorum
1937 3183 2115 3266 grunnitus
2133 3203 2153 3246 a
2169 3180 2273 3246 Paulo
2289 3181 2354 3244 rite
2373 3201 2461 3244 com-

389 3336 392 3340 »
444 3263 563 3345 pimus,
587 3285 728 3347 aequum
745 3286 817 3330 esse
835 3273 873 3330 ut
897 3269 1065 3350 puniendo
1090 3290 1124 3333 se
1143 3290 1269 3352 quoque
1288 3290 1429 3352 aequum
1480 3269 1634 3351 poscitur.
1681 3266 1822 3333 Securos
1844 3289 1879 3332 se
1901 3269 1936 3332 in
1958 3268 2049 3333 vitiis
2070 3289 2208 3351 pergere
2230 3266 2358 3345 dicunt,
2384 3267 2460 3350 qnia

444 3349 586 3413 iudicem
608 3351 766 3415 ostendat.
803 3351 843 3415 Id
864 3351 943 3417 dum
961 3375 1028 3418 non
1046 3355 1219 3434 sustinent,
1243 3354 1320 3438 qnid
1338 3353 1428 3419 aliud
1481 3355 1598 3420 sisint
1615 3375 1634 3418 e
1651 3375 1789 3419 numero
1810 3353 1998 3431 electorum,
2022 3353 2107 3417 nihil
2125 3355 2279 3418 obfirtura
2296 3354 2363 3416 sint
2380 3353 2461 3417 vitia

444 3455 545 3517 quam
561 3436 616 3500 rel
637 3437 815 3501 miserandi
837 3439 994 3504 facultate
1011 3440 1123 3505 Deum
1144 3442 1284 3523 spoliare
1306 3462 1427 3506 conan·
1481 3440 1657 3523 quominus
1678 3440 1813 3505 tandem
1835 3438 1876 3503 ad
1897 3440 2001 3504 vitam
2027 3439 2257 3521 perducantur.
2302 3439 2405 3521 Atqui
2426 3439 2460 3502 in

444 3529 508 3598 tur,
530 3521 584 3586 rel
605 3521 668 3585 hac
690 3523 807 3587 saltem
829 3525 902 3607 lege
924 3527 1029 3608 ipsam
1041 3525 1073 3612 ²)
1099 3527 1298 3609 permittere,
1320 3535 1359 3591 ut
1377 3528 1428 3592 iu·
1480 3526 1570 3590 hunc
1591 3527 1693 3591 finem
1714 3526 1835 3592 electos
1857 3546 1928 3590 esse
1950 3547 2010 3590 nos
2031 3525 2156 3591 Paulus
2179 3524 2280 3609 (Eph.
2304 3530 2330 3602 1,
2350 3524 2385 3609 4)
2403 3523 2460 3589 ad·

445 3605 530 3671 dicio
558 3627 593 3671 se
620 3629 756 3690 prorsus
784 3608 933 3675 abdicet?
966 3610 1078 3692 Quare
1103 3611 1325 3695 pulcherrime
1348 3634 1429 3695 qua·
1480 3619 1609 3691 monet,
1648 3620 1688 3676 ut
1719 3619 1868 3676 sanctam
1901 3631 1938 3677 ac
1972 3610 2175 3694 inculpatam
2208 3611 2312 3675 vitam
2348 3610 2460 3674 tradu·
2570 3618 2577 3634 ’

446 3690 544 3756 drant
565 3693 648 3757 istae
669 3695 848 3778 Augustini
861 3694 891 3780 ⁸)
914 3699 1113 3763 sententiae:
1142 3719 1243 3780 quum
1264 3700 1300 3762 in
1322 3700 1428 3780 primo
1480 3718 1601 3762 camus.
1647 3695 1686 3762 Si
1713 3697 1881 3774 electionis
1906 3718 2023 3780 scopus
2051 3704 2102 3760 est
2124 3698 2211 3761 vitae
2235 3696 2458 3773 sanctimonia,

446 3777 579 3841 homine
606 3778 761 3845 universa
783 3781 914 3865 generis
935 3805 1046 3849 massa
1066 3783 1101 3848 in
1125 3783 1429 3849 condemnationem
1479 3784 1586 3867 magis
1613 3782 1655 3847 ad
1684 3805 1757 3848 eam
1784 3782 1937 3847 alacriter
1963 3781 2186 3848 meditandam
2211 3784 2460 3866 expergefacere

446 3861 636 3942 defluxerit,
664 3886 747 3947 quae
768 3869 853 3931 fiunt
872 3889 914 3933 ex
935 3890 974 3933 ea
1003 3891 1082 3936 vasa
1102 3870 1138 3933 in
1160 3870 1333 3948 honorem,
1360 3891 1428 3935 non
1481 3876 1515 3933 et
1536 3868 1706 3934 stimulare
1732 3890 1792 3934 nos
1821 3867 1926 3948 debet,
1954 3889 2053 3952 quam
2075 3868 2117 3933 ad
2145 3868 2289 3934 desidiae
2310 3876 2460 3951 praetex-

445 3949 597 4030 propriae
620 3950 778 4031 iustitiae,
802 3953 860 4017 sed
880 3953 946 4019 Dei
967 3954 1210 4021 misericordiae
1237 3977 1317 4021 vasa
1341 3976 1428 4034 esse;
1481 3966 1554 4019 tum
1576 3956 1693 4020 valere.
1740 3954 1952 4037 Quantopere
1979 3955 2069 4020 enim
2091 3956 2172 4021 haec
2198 3957 2287 4020 inter
2309 3977 2343 4020 se
2366 3954 2461 4019 dissi·

445 4033 534 4116 quod
555 4055 634 4100 vero
655 4037 719 4100 alia
739 4040 825 4103 fiunt
844 4039 881 4104 in
905 4042 1146 4119 contumeliam,
1169 4064 1236 4106 non
1262 4042 1428 4124 iniquitati
1482 4040 1569 4119 dent,
1592 4061 1613 4104 a
1629 4042 1712 4106 bene
1731 4040 1859 4126 agendo
1877 4062 2003 4107 cessare
2026 4042 2102 4124 qnia
2123 4042 2237 4106 electio
2258 4041 2298 4104 ad
2321 4041 2461 4105 salutem

263 4113 269 4125 ’
332 4124 339 4142 ‘
446 4119 504 4185 sed
525 4119 645 4187 iudicio
674 4122 912 4206 deputandum,
942 4135 1001 4193 cto.
1047 4126 1145 4209 quod
1165 4126 1258 4193 Deus
1285 4129 1327 4193 iis
1347 4149 1428 4211 quos
1480 4128 1634 4207 sufficiat,
1666 4135 1699 4192 11
1726 4127 1878 4193 electioni
1905 4127 2109 4211 propositum
2137 4149 2208 4193 esse
2234 4129 2334 4191 finem
2361 4126 2462 4188 utin

444 4208 611 4289 reprobat,
635 4208 778 4273 debitam
799 4231 938 4292 poenam
960 4213 1123 4295 rependit;
1152 4213 1193 4279 iis
1216 4235 1296 4297 quos
1321 4225 1427 4293 vocat,
1479 4213 1639 4297 bonorum
1651 4213 1798 4278 studium
1815 4213 2063 4278 incumbamus?
2088 4213 2268 4280 Facessant
2278 4232 2355 4293 ergo
2374 4213 2462 4274 eius-

444 4293 645 4359 immeritam
677 4297 819 4378 gratiam
846 4297 1001 4380 largitur,
1033 4298 1074 4362 ab
1100 4299 1190 4363 omni
1222 4301 1428 4365 accusatione
1479 4298 1568 4364 modi
1595 4298 1766 4384 sacrilegia
1787 4321 1871 4382 quae
1892 4306 2000 4363 totum
2026 4299 2193 4364 electionis
2215 4297 2362 4362 ordinem
2384 4315 2461 4376 per-

445 4379 593 4457 liberari,
627 4380 842 4446 similitudine
871 4381 1054 4463 creditoris,
1085 4385 1177 4450 cuius
1204 4385 1241 4449 in
1266 4393 1428 4468 potestate
1479 4406 1593 4469 peram
1625 4385 1806 4452 invertunt.
1858 4384 1956 4465 Quod
1989 4395 2099 4449 autem
2130 4406 2206 4448 suas
2238 4380 2461 4461 blasphemias

445 4472 496 4528 est
518 4466 614 4530 alteri
637 4470 813 4545 remittere,
837 4468 878 4532 ab
896 4469 999 4534 altero
1016 4472 1156 4554 exigere.
1191 4471 1307 4536 Potest
1323 4473 1429 4556 igitur
1479 4472 1609 4555 longius
1636 4471 1832 4550 extendunt,
1862 4471 1941 4536 dum
1963 4492 2049 4547 eum,
2072 4469 2127 4550 qui
2150 4470 2193 4531 sit
2214 4489 2234 4531 a
2254 4468 2326 4530 Deo
2349 4488 2461 4548 repro·

445 4551 609 4616 Dominus
630 4553 729 4616 etiam
752 4552 829 4617 dare
852 4555 993 4637 gratiam
1013 4556 1130 4638 quibus
1150 4557 1239 4634 vult,
1266 4558 1343 4640 quia
1364 4558 1428 4621 mi-
1479 4557 1589 4635 batus,
1616 4557 1824 4640 perditurum
1851 4578 1986 4640 operam
2015 4555 2129 4618 dicunt
2156 4554 2184 4618 si
2211 4553 2398 4616 innocentia
2427 4563 2461 4617 11
2552 4588 2556 4592 ·

446 4636 585 4703 sericors
608 4646 670 4718 est;
699 4660 767 4702 non
795 4641 946 4705 omnibus
967 4640 1062 4721 dare,
1085 4641 1163 4724 quia
1184 4644 1290 4709 iustus
1311 4642 1412 4708 iudex
1418 4668 1427 4723 ;
1479 4644 1640 4727 probitate
1663 4644 1751 4708 vitae
1772 4665 1807 4707 se
1828 4643 1877 4705 illi
1899 4639 2077 4725 approbare
2100 4637 2240 4717 studeat,
2262 4640 2299 4702 in
2321 4661 2358 4703 eo
2381 4660 2459 4703 vero
2502 4720 2505 4727 1

446 4721 553 4787 dando
587 4724 782 4806 quibusdam
808 4725 895 4807 quod
922 4748 989 4791 non
1026 4735 1210 4807 merentur,
1247 4731 1428 4814 gratmtam
1479 4729 1757 4813 impudentissimi
1778 4727 1940 4792 mendacii
1962 4726 2212 4814 convincuntur.
2250 4724 2349 4791 Unde
2372 4726 2459 4789 enim

446 4830 541 4872 suam
562 4810 734 4874 ostendere
757 4813 913 4894 gratiam;
936 4834 1002 4878 non
1023 4815 1175 4879 omnibus
1197 4812 1319 4895 dando,
1349 4815 1428 4899 quid
1480 4817 1546 4880 tale
1573 4815 1718 4882 studium
1745 4814 1824 4877 oriri
1850 4813 1954 4894 possit
1980 4811 2045 4875 nisi
2073 4832 2115 4874 ex
2144 4811 2322 4876 electione?
2373 4811 2459 4874 Nam

446 4901 635 4958 mereantur
657 4916 770 4962 omnes
792 4895 968 4963 declarare.
1004 4900 1210 4980 Numquam
1226 4901 1331 4967 Deum
1352 4902 1429 4967 scri»
1480 4902 1663 4985 quicunqne
1682 4909 1760 4963 sunt
1777 4919 1819 4962 ex
1836 4896 2048 4981 reproborum
2066 4919 2214 4977 numero,
2232 4906 2271 4961 ut
2288 4906 2365 4962 sunt
2382 4915 2461 4960 vasa

447 4976 492 5040 bit
511 4978 635 5044 Pardus
657 4982 766 5065 (Rom.
788 4988 834 5060 ll,
856 4984 912 5069 32)
934 4985 1085 5050 1111111111
1106 4988 1213 5052 omac'a
1230 4988 1286 5052 aab
1302 4994 1428 5069 peccato
1480 4989 1515 5050 in
1536 4983 1766 5050 contumeliam
1788 4984 1937 5061 formata,
1959 4984 2008 5047 ita
2029 5005 2096 5048 non
2118 4983 2273 5049 desinunt
2293 4983 2459 5066 perpetuis

446 5068 483 5126 ut
510 5065 648 5128 omnium
674 5068 871 5148 1111111111,
904 5072 1001 5136 simul
1030 5072 1208 5138 11111111ιά111
1237 5078 1281 5139 est
1308 5074 1429 5136 cantui
1480 5070 1614 5154 flagitiis
1641 5069 1726 5132 iram
1755 5068 1821 5133 Dei
1847 5069 1884 5133 in
1906 5092 1941 5134 se
1961 5090 2153 5153 provocare,
2188 5078 2222 5134 11
2254 5068 2460 5134 evidentibus

447 5168 513 5214 ease
533 5148 714 5232 debitorem
734 5155 809 5235 quic
829 5175 915 5220 nemo
936 5157 987 5221 illi
1003 5158 1098 5238 prior
1117 5159 1266 5239 1111111111
1286 5163 1428 5221 1111111111
1480 5157 1583 5240 signis
1616 5156 1808 5220 confirmare
1841 5154 1929 5238 quod
1961 5157 2027 5220 iam
2053 5158 2089 5220 in
2116 5178 2151 5221 se
2184 5157 2289 5219 latum
2317 5161 2368 5219 est
2394 5151 2460 5216 Dei

448 5236 560 5320 exigat.
1479 5241 1644 5392 iudiqrium.
1695 5243 1839 5306 Tantum
1867 5242 1960 5308 abest
1981 5249 2020 5307 ut
2045 5264 2121 5308 cum
2146 5243 2217 5324 ipso
2239 5242 2362 5306 frustra
2382 5260 2459 5304 oon·

1481 5335 1537 5393 1111
1560 5334 1625 5392 ant.

1569 5417 1617 5478 13.
1663 5413 1807 5498 Moliqae
1828 5420 1931 5478 tamea
1959 5420 2050 5496 utque
2070 5413 2267 5495 impudenter
2287 5412 2368 5476 bauo
2384 5411 2460 5510 ‘doo-

518 5513 1059 5616 1)11111113111.1111.1111311112.
1089 5570 1110 5605 ο.
1130 5551 1154 5606 1.
1224 5552 1254 5620 a)
1279 5549 1429 5608 110111
1480 5502 1598 5566 mmm
1619 5500 1853 5566 calumniantur
1874 5500 1949 5578 dii,
1977 5520 2014 5564 ⁰⁰
2034 5499 2065 5563 a·
2092 5518 2196 5562 ⁰²²⁸?oe
2222 5499 2265 5564 ad
2280 5499 2337 5578 1²⁴⁵?
2357 5517 2460 5560 mm

450 5611 537 5665 aliter.
575 5613 604 5680 3)
622 5615 709 5682 Epist.
730 5614 780 5667 106
804 5614 889 5682 (186).
931 5617 972 5670 De
997 5622 1132 5687 praedest.
1156 5630 1184 5674 et
1202 5623 1298 5691 grstia.
1313 5621 1428 5690 possim.
1481 5589 1557 5653 dum
1577 5587 1804 5651 amatim?
1824 5591 1982 5683 88888388,
2010 5584 2079 5665 Qua
2100 5584 2138 5647 88
2158 5604 2194 5648 88
2216 5604 2364 5682 magdalu
2385 5582 2460 5680 8838

452 5678 807 5750 Debonoperser.o.12.
1481 5673 1637 5738 mundium
1662 5676 1813 5736 3111111111
1839 5672 2055 5753 Amasim,
2089 5689 2185 5749 91111111
2212 5669 2355 5735 adum-lt?
2380 5668 2460 5732 bbro
