5600 6809
374 776 414 839 81
783 773 873 838 LIB.
895 773 923 837 1.
969 772 1031 835 DE
1055 768 1343 872 cucumores
1365 769 1449 834 DEI
1471 769 1746 838 oauauoals.
1791 775 1891 842 OAP.
1914 776 1977 841 XI.
2346 779 2389 841 82

374 963 431 1041 lis;
459 960 517 1026 sed
538 961 756 1044 propinquum
779 961 841 1024 sibi
860 982 931 1024 esse
953 981 1020 1024 non
1043 958 1266 1038 confidebant,
1288 959 1353 1023 nisi
1407 980 1488 1040 quas
1510 957 1551 1022 ab
1572 959 1753 1026 idololatris
1780 963 1832 1027 sui
1860 965 1981 1030 saeculi
2002 965 2104 1028 fuisse
2125 971 2312 1047 praetextas
2334 987 2388 1029 re-

374 1048 476 1114 oculis
503 1053 675 1114 cernerent
703 1067 893 1128 corporeum
919 1047 1033 1110 vultus
1061 1047 1131 1109 cius
1159 1046 1351 1130 symbolum,
1406 1046 1470 1108 fert
1480 1045 1702 1128 Augustinus:
1717 1047 1741 1132 ¹)
1765 1069 1882 1131 nempe
1894 1071 1995 1132 quum
2006 1059 2233 1132 arguerentur,
2252 1072 2389 1135 respon·

374 1133 459 1217 quod
488 1133 550 1199 sibi
577 1132 802 1197 testimonium
834 1138 920 1196 esset
952 1132 1165 1215 gubernantis
1198 1130 1271 1195 Dei.
1321 1133 1354 1195 A
1407 1130 1529 1195 debant
1556 1131 1724 1214 vulgares,
1754 1155 1789 1197 se
1816 1156 1883 1198 non
1910 1135 2039 1200 visibile
2066 1135 2148 1199 illud
2176 1137 2294 1212 colere,
2329 1135 2387 1201 sed

373 1227 551 1303 praeeunte
574 1240 651 1302 ergo
673 1218 816 1302 imagine
838 1218 992 1283 volebant
1018 1238 1220 1300 cognoscere,
1243 1217 1354 1281 Deum
1406 1237 1531 1280 numen
1559 1217 1647 1298 quod
1674 1219 1741 1283 illic
1766 1220 1974 1285 invisibiliter
1995 1221 2175 1285 habitabat.
2220 1220 2287 1302 Qui
2309 1244 2388 1288 vcro

374 1307 502 1370 itineris
524 1306 586 1369 sibi
608 1325 678 1368 esse
702 1303 825 1369 ducem.
870 1303 911 1367 Id
938 1303 1127 1385 quotidiana
1149 1304 1353 1385 experientia
1406 1303 1619 1386 purgatioris,
1652 1312 1690 1367 ut
1716 1305 1787 1387 ipse
1809 1305 1965 1389 loquitur,
1994 1307 2164 1389 religionis
2186 1318 2295 1387 erant,
2325 1330 2387 1375 nec

375 1392 482 1469 docet,
516 1391 695 1473 inquietam
724 1411 852 1472 semper
880 1410 950 1453 esse
978 1409 1124 1466 carnem,
1161 1388 1263 1453 donec
1291 1388 1352 1452 sibi
1407 1388 1634 1467 simulacrum,
1657 1411 1718 1454 nec
1740 1390 1948 1456 daemonium
1973 1414 2008 1457 sc
2030 1393 2135 1457 colere
2158 1395 2303 1472 aiebant3
2330 1394 2385 1459 sed

374 1477 480 1544 simile
500 1477 696 1560 figmentum
719 1484 815 1539 nacta
837 1483 887 1540 est
907 1476 943 1538 in
963 1496 1026 1557 quo
1049 1496 1083 1539 sc
1104 1496 1164 1556 pro
1186 1473 1250 1538 Dei
1271 1476 1354 1539 ima
1406 1495 1465 1556 per
1482 1475 1625 1557 effigiem
1642 1495 1831 1557 corpoream
1847 1478 1971 1542 intueri
1989 1479 2059 1542 eius
2077 1479 2125 1541 rei
2143 1479 2275 1561 signum
2289 1501 2387 1561 quam

374 1565 450 1647 gine
467 1564 611 1626 inaniter
628 1561 759 1626 soletur.
791 1559 955 1627 Omnibus
971 1561 1039 1624 fere
1058 1560 1218 1626 accedito
1231 1560 1353 1624 mundo
1407 1560 1511 1623 colere
1544 1557 1708 1625 deberent.
1761 1560 1850 1642 Quid
1883 1563 1983 1648 ergo?
2030 1563 2156 1629 Omnes
2187 1564 2387 1644 idololatrae,

375 1649 528 1727 saeculis,
568 1649 645 1712 huic
679 1668 793 1712 caecae
826 1648 997 1728 cupiditati
1030 1654 1067 1711 ut
1098 1647 1354 1728 obsequerentur
1407 1646 1476 1709 sive
1498 1667 1540 1709 ex
1561 1645 1707 1723 Iudaeis,
1731 1648 1801 1712 sive
1822 1670 1864 1712 ex
1885 1651 2052 1733 gentibus,
2081 1671 2147 1713 non
2171 1650 2266 1713 aliter
2288 1671 2386 1732 quam

374 1736 532 1812 homines,
556 1739 732 1797 erexerunt
753 1733 847 1816 signa
869 1734 904 1796 in
927 1733 1045 1815 quibus
1061 1733 1171 1796 Deum
1191 1732 1253 1797 sibi
1273 1753 1353 1814 prae
1407 1730 1531 1796 dictum
1558 1740 1608 1795 est
1634 1732 1769 1797 fuerunt
1796 1735 1947 1799 animati:
1982 1736 2143 1819 spirituali
2172 1735 2389 1818 intelligentia

375 1821 477 1887 oculis
499 1820 684 1886 carnalibus
706 1818 872 1883 obversari
894 1819 1079 1884 credebant.
1406 1837 1473 1880 non
1495 1818 1653 1895 contenti,
1682 1820 1853 1883 certiorem
1876 1841 1914 1885 10
1932 1823 2119 1903 propiorem
2140 1843 2182 1886 ex
2205 1822 2389 1886 simulacris

463 1910 491 1970 9.
532 1906 621 1970 Tale·
632 1906 826 1988 figmentum
850 1906 997 1987 sequitur
1018 1904 1168 1986 protinus
1190 1901 1351 1967 adoratio:
1406 1903 1603 1985 impressum
1625 1903 1668 1966 iri
1689 1905 1751 1968 sibi
1772 1904 1940 1987 putabant.
1986 1908 2166 1988 Postquam
2194 1908 2296 1971 semel
2317 1908 2388 1989 pla·

375 2013 475 2076 quum
497 1993 585 2057 enim
603 1989 716 2055 Deum
738 2011 773 2053 se
795 1990 944 2054 homines
968 1991 1002 2053 in
1025 1989 1209 2074 simulacris
1230 1989 1353 2053 intueri
1406 1989 1473 2052 cuit
1501 1998 1711 2071 praepostera
1743 1990 1806 2056 ista
1833 1992 1897 2056 Dei
1924 1993 2139 2068 assimulatio,
2174 1992 2286 2057 nullus
2311 1995 2388 2058 finis

375 2079 621 2154 arbitrarentur,
645 2084 678 2140 ct
699 2077 807 2158 ipsum
824 2097 952 2158 quoque
968 2075 1036 2139 illic
1054 2075 1231 2139 coluerunt.
1265 2076 1353 2139 'Pan-
1404 2075 1524 2151 factus,
1558 2073 1661 2139 donec
1688 2077 1782 2141 novis
1810 2078 1948 2143 subinde
1978 2079 2164 2161 praestigiis
2196 2078 2317 2156 delusi,
2351 2080 2388 2142 in

376 2164 449 2229 dem
477 2164 536 2228 toti
564 2170 597 2226 et
622 2163 741 2226 animis
769 2170 802 2224 et
826 2162 925 2226 oculis
946 2162 1014 2226 illic
1033 2162 1137 2236 affixi,
1167 2161 1273 2243 magis
1295 2161 1352 2225 ob·
1405 2161 1604 2243 imaginibus
1631 2162 1741 2224 Deum
1769 2163 1838 2227 vim
1866 2184 1960 2227 suam
1986 2185 2137 2228 exserere
2162 2165 2386 2247 opinarentur.

374 2250 560 2315 brutescere
593 2255 781 2331 coeperunt,
816 2254 863 2324 et,
897 2248 990 2329 quasi
1017 2245 1141 2328 aliquid
1171 2245 1353 2311 divinitatis
1405 2245 1627 2311 Nihilominus
1654 2254 1689 2309 et
1710 2247 1821 2312 Deum
1838 2255 2020 2330 naeternum
2040 2249 2171 2327 Iudaei,
2202 2271 2307 2313 unum
2330 2272 2388 2316 ve·

375 2337 504 2413 inesset,
527 2335 754 2416 obstupescere
776 2339 810 2396 et
831 2332 995 2397 admirari.
1039 2333 1114 2396 Iam
1135 2339 1270 2410 constat,
1294 2332 1352 2397 ho·
1405 2353 1541 2413 rumque
1563 2332 1645 2396 coeli
1668 2354 1705 2398 ac
1724 2341 1831 2397 terrae
1855 2335 2039 2413 dominum,
2068 2336 2128 2400 sub
2147 2336 2266 2400 talibus
2284 2337 2387 2400 simu·

375 2423 480 2486 mines
509 2420 552 2485 ad
579 2419 828 2484 simulacrorum
855 2419 980 2483 cultum
1008 2439 1074 2482 non
1101 2426 1177 2482 ante
1203 2439 1352 2499 prorum·
1404 2417 1503 2482 leeris
1523 2420 1670 2499 persuasi
1689 2429 1785 2483 erant
1806 2440 1841 2484 se
1863 2420 1984 2498 colere;
2006 2429 2039 2485 et
2060 2429 2183 2504 gentes,
2207 2442 2282 2485 suos
2309 2422 2387 2486 licet

374 2528 466 2591 pere,
496 2526 594 2588 quam
622 2506 778 2569 crassiore
804 2504 913 2585 aliqua
941 2504 1093 2586 opinione
1128 2504 1194 2568 sint
1221 2504 1351 2583 imbuti3
1404 2502 1503 2567 falsos
1530 2503 1616 2580 deos,
1640 2525 1721 2586 quos
1741 2512 1853 2570 tamen
1875 2506 1910 2570 in
1932 2506 2021 2570 coelo
2044 2507 2194 2571 habitare
2216 2509 2389 2590 lingerent.

374 2614 441 2656 non
473 2591 605 2674 quidem
626 2599 664 2653 ut
686 2590 762 2654 deos
784 2591 987 2668 existiment,
1017 2588 1075 2655 sed
1100 2590 1177 2671 quia
1200 2589 1269 2654 vim
1292 2589 1352 2653 ali·
1495 2593 1542 2652 10.
1588 2589 1662 2654 Ηο0
1692 2591 1749 2673 qui
1769 2592 1909 2656 antchac
1931 2593 2071 2670 factum,
2096 2601 2131 2655 et
2151 2601 2265 2656 nostra
2286 2594 2386 2657 etiam

373 2699 475 2760 quam
502 2677 684 2741 divinitatis
713 2675 779 2740 illic
797 2675 982 2741 inhabitare
1005 2675 1237 2758 imaginantur.
1283 2675 1352 2740 Ita
1405 2675 1564 2739 memoria
1584 2676 1656 2740 fieri
1678 2684 1811 2759 negent,
1832 2676 2041 2761 impudenter
2062 2680 2280 2742 mentiuntur.
2316 2677 2387 2742 Cur

375 2785 436 2847 que
466 2764 535 2827 sive
561 2762 685 2839 Deum,
718 2761 786 2826 sive
819 2774 1001 2826 creaturam
1029 2761 1087 2824 tibi
1114 2761 1151 2824 in
1179 2761 1352 2826 simulacro
1406 2760 1494 2825 enim
1522 2781 1634 2825 coram
1659 2762 1725 2826 illis
1752 2763 2031 2845 prosternuntur?
2075 2762 2146 2828 Gur
2173 2785 2243 2828 sese
2265 2764 2307 2827 ad
2328 2764 2387 2829 illa

373 2854 609 2931 repraesentes,
632 2848 687 2911 ubi
709 2847 751 2910 ad
773 2847 1017 2913 venerationem
1039 2848 1264 2930 prosterneris,
1286 2847 1353 2911 iam
1405 2848 1587 2929 precaturi,
1615 2856 1774 2928 tanquam
1792 2848 1833 2912 ad
1855 2848 1919 2912 Dei
1942 2869 2054 2928 aures,
2082 2850 2299 2915 convertunt?
2346 2847 2386 2915 Si

375 2935 605 3016 superstitione
628 2933 736 3014 aliqua
756 2933 936 2996 fascinatus
953 2954 996 2998 es.
1031 2932 1106 2996 Hac
1125 2934 1260 3010 ratione,
1283 2934 1352 2998 Do-
1405 2932 1538 3013 quidem
1553 2953 1671 2996 verum
1689 2942 1739 2997 est
1756 2933 1843 3015 quod
1860 2935 1908 2997 ait
1924 2929 2185 3018 Anguitinuszl)
2218 2935 2386 3000 neminem

375 3021 483 3084 minus
515 3040 582 3083 non
615 3026 742 3082 statuas
774 3015 870 3081 modo
899 3018 981 3101 origi
1009 3017 1050 3082 ad
1078 3039 1113 3082 se
1139 3017 1353 3102 effigiandum
1406 3037 1500 3082 orare
1534 3018 1586 3082 vel
1616 3016 1751 3083 adorare
1775 3021 1821 3083 sic
1852 3021 2036 3083 intuentem
2065 3021 2292 3098 simulacrum,
2327 3022 2385 3104 qui

374 3106 583 3181 fabrefactas,
617 3103 674 3168 sed
702 3103 816 3168 titulos
842 3104 943 3167 etiam
970 3103 1132 3185 quoslibet
1163 3113 1195 3168 st
1228 3105 1353 3187 lapides
1405 3125 1474 3167 non
1501 3104 1547 3167 sic
1575 3103 1738 3169 afficiatur
1762 3111 1801 3169 ut
1830 3105 1871 3169 ab
1899 3126 1937 3168 eo
1957 3103 2107 3169 exaudiri
2135 3126 2170 3169 se
2192 3114 2301 3189 putet,
2331 3107 2385 3171 vel

375 3190 557 3257 consecrari
596 3190 702 3254 vetuit
740 3191 794 3271 qui
834 3189 870 3252 11
903 3189 1125 3255 adorationem
1157 3196 1350 3272 prostarent.
1405 3190 1465 3255 sibi
1488 3191 1657 3271 praestari,
1692 3189 1779 3272 quod
1813 3189 1991 3268 desiderat,
2026 3198 2145 3272 speret.
2196 3190 2266 3255 Our
2296 3192 2386 3255 inter

374 3276 499 3341 Eadem
522 3297 649 3358 quoque
670 3275 797 3339 ratione
818 3275 854 3338 in
872 3283 1045 3358 praecepto
1066 3275 1352 3359 legisalterapars
1405 3273 1552 3339 eiusdem
1572 3276 1638 3339 Dei
1661 3276 1838 3341 simulacra
1859 3285 1991 3340 tantum
2013 3275 2196 3354 discrimen,
2219 3285 2259 3339 ut
2280 3277 2384 3341 altero

375 3361 415 3426 de
436 3361 624 3426 adoratione
642 3361 820 3426 subiicitur.
842 3360 928 3424 Nam
952 3361 1157 3443 simulatque
1175 3362 1283 3428 efficta
1302 3370 1353 3427 est
1404 3362 1594 3443 praeterito,
1623 3368 1680 3425 aut
1708 3363 1890 3446 vulgariter
1918 3363 2094 3439 honorato,
2126 3363 2267 3425 alterum
2294 3363 2385 3426 omni

375 3449 446 3513 Deo
463 3448 601 3514 visibilis
622 3447 736 3526 forma,
761 3447 837 3531 huic
859 3467 987 3529 quoque
1009 3447 1165 3530 alligatur
1185 3447 1351 3515 illiusvir·
1405 3447 1532 3510 solenni
1558 3448 1682 3511 honore
1711 3448 1971 3531 prosequantur?
2017 3448 2087 3513 (lur
2114 3449 2150 3512 in
2172 3446 2318 3512 visendis
2340 3449 2384 3512 si·

374 3542 438 3598 tus.
481 3533 535 3597 Ita
567 3532 690 3615 stupidi
723 3539 801 3598 sunt
832 3532 982 3597 homines
1015 3541 1052 3596 ut
1078 3534 1188 3598 Deum
1215 3534 1353 3618 affigant
1404 3533 1568 3611 malacria,
1592 3555 1733 3615 quorum
1755 3535 1876 3598 similia
1897 3535 1985 3598 domi
2006 3554 2084 3599 suae
2106 3535 2236 3610 habent,
2262 3533 2383 3599 votivis

373 3620 558 3702 ubicunque
575 3619 748 3701 affingunt,
767 3640 804 3683 ac
816 3619 952 3700 prande
972 3619 1045 3683 ficri
1062 3639 1128 3683 non
1145 3627 1254 3702 potest
1271 3622 1351 3703 quin
1403 3619 1723 3702 peregrinationibus
1751 3642 1786 3685 se
1807 3620 1971 3703 fatigant?
2016 3620 2086 3684 Cur
2106 3641 2166 3702 pro
2187 3619 2253 3684 illis
2275 3619 2382 3700 hodic,

374 3705 519 3769 odorent.
564 3705 679 3787 Neque
708 3706 846 3769 interest
875 3704 1044 3769 idolumne
1073 3705 1265 3788 simpliciter
1297 3727 1352 3773 eo·
1403 3713 1560 3786 tanquam
1582 3726 1642 3788 pro
1664 3706 1731 3770 aris
1753 3715 1787 3769 et
1806 3706 1895 3783 focis,
1918 3705 1960 3769 ad
1981 3704 2101 3779 caedes=
2117 3726 2221 3788 usque
2243 3714 2277 3770 et
2299 3714 2385 3770 stra-

373 3791 452 3870 lant,
475 3813 518 3856 11
536 3792 646 3856 Deum
665 3790 701 3853 in
721 3789 822 3854 idolo:
852 3790 933 3855 haec
951 3812 1080 3873 semper
1097 3790 1279 3857 idololatria
1301 3800 1352 3858 est
1404 3811 1461 3873 ges
1483 3789 1716 3874 djgladiantur,
1738 3798 1777 3855 11
1797 3791 1925 3856 facilius
1945 3791 2046 3856 laturi
2068 3792 2136 3855 sint
2157 3792 2293 3856 unicum
2314 3791 2384 3857 De-

375 3898 476 3959 quum
496 3876 599 3953 idolo,
633 3877 848 3958 qualicunque
865 3876 992 3955 colore,
1021 3877 1220 3942 exhibentur
1246 3878 1351 3944 divini
1404 3899 1461 3939 um
1490 3877 1552 3942 sibi
1574 3876 1657 3959 eripi
1678 3898 1777 3958 quam
1800 3899 1861 3941 sua
1882 3875 1990 3941 idola?
2035 3878 2081 3941 Et
2102 3886 2213 3941 tamen
2236 3876 2384 3942 nondum

375 3962 523 4027 honores.
568 3963 614 4026 Et
635 3963 712 4044 quia
732 3963 957 4045 superstitiose
984 3962 1046 4027 coli
1067 3985 1134 4027 non
1154 3964 1228 4028 vult
1249 3965 1350 4042 Deus,
1404 3982 1529 4027 crassos
1562 3962 1654 4045 vulgi
1686 3983 1813 4027 errores
1842 3964 1913 4046 (qui
1940 3983 2043 4046 paene
2074 3964 2195 4028 infiniti
2223 3971 2315 4041 sunt,
2350 3971 2385 4027 et

374 4048 423 4112 illi
446 4047 582 4132 eripitur
610 4047 768 4130 quidquid
794 4049 962 4113 confertur
983 4050 1018 4112 in
1040 4047 1134 4113 idola.
1178 4050 1257 4116 Huc
1279 4052 1350 4115 ani·
1404 4048 1552 4112 omnium
1573 4049 1641 4111 fere
1663 4046 1762 4112 corda
1779 4050 1955 4134 occupant)
1983 4070 2153 4127 enumero;
2184 4058 2314 4114 tantum
2331 4049 2383 4113 in-

374 4155 466 4198 mum
502 4134 676 4198 advertant
714 4134 771 4216 qui
808 4133 851 4197 ad
888 4133 1109 4199 defensionem
1142 4137 1351 4201 exsecrabilis
1404 4132 1476 4198 dico
1499 4133 1585 4216 qnod
1604 4135 1668 4216 ipsi
1689 4135 1894 4215 profitentur,
1918 4157 2023 4217 quum
2041 4156 2075 4200 se
2094 4136 2289 4200 maximeab
2311 4135 2383 4199 ido·

374 4217 594 4298 idololatriae,
624 4240 690 4302 qua
715 4218 830 4283 multis
860 4219 999 4283 antehac
1027 4220 1165 4285 saeculis
1192 4242 1272 4286 vera
1299 4244 1351 4287 re·
1403 4219 1534 4284 10111111
1564 4241 1706 4302 purgare
1738 4220 1862 4285 volunt.
1908 4221 1984 4286 Non
2016 4242 2184 4300 vocamus,
2217 4221 2382 4302 inquiunt,

373 4305 452 4390 ligio
473 4306 644 4370 submersa
663 4307 881 4386 subversaque
902 4305 978 4382 fuit,
1002 4306 1139 4370 miseros
1159 4316 1352 4388 praetextus
1404 4312 1534 4369 nostros
1562 4305 1648 4369 deos.
1693 4306 1808 4388 Neque
1837 4306 1886 4370 illi
1915 4316 1975 4372 aut
2001 4307 2130 4382 Iudaei,
2161 4314 2217 4370 aut
2245 4305 2384 4387 gentiles

375 4400 590 4474 aucupantur.
645 4391 722 4455 Non
754 4397 963 4472 reputantur,
995 4391 1161 4473 inquiunt,
1192 4414 1253 4475 pro
1289 4392 1352 4458 diis
1404 4391 1483 4455 olim
1498 4390 1672 4471 vocabant;
1701 4399 1735 4456 et
1756 4401 1867 4457 tamen
1886 4394 2067 4477 prophetae
2087 4392 2210 4474 passim
2231 4391 2296 4452 illis
2319 4390 2384 4453 for·

373 4479 544 4561 imagines.
585 4477 655 4541 Nec
681 4485 749 4543 tam
776 4497 910 4559 prorsus
936 4477 1155 4560 incogitantes
1182 4486 1277 4542 erant
1298 4478 1352 4542 lu·
1405 4476 1584 4542 nicationes
1614 4499 1690 4542 eum
1718 4478 1807 4561 ligno
1837 4488 1870 4544 et
1891 4478 1999 4561 lapido
2021 4478 2217 4558 exprobrare
2239 4494 2305 4537 non
2329 4473 2385 4538 de-

375 4563 456 4641 daci,
480 4570 606 4628 utnon
627 4563 856 4628 meminissent
878 4563 987 4627 Deum
1013 4563 1113 4627 ftussc
1136 4563 1230 4629 cuius
1251 4585 1353 4629 manu
1405 4563 1573 4641 sinebant,
1600 4571 1732 4628 tantum
1759 4565 1799 4628 ob
1828 4585 1867 4629 ea
1893 4584 1977 4646 quae
2004 4560 2147 4645 quotidie
2175 4561 2216 4624 ab
2237 4560 2278 4623 iis
2299 4560 2386 4624 fiunt

375 4649 486 4715 educti
507 4659 617 4714 essent
638 4670 679 4712 cx
701 4649 862 4733 Aegypto,
889 4656 1066 4730 antequam
1084 4648 1282 4714 fabricarent
1303 4653 1352 4714 vi-
1404 4650 1462 4730 qui
1484 4648 1666 4714 Christiani
1689 4648 1801 4714 haberi
1820 4651 1948 4714 volunt:
1974 4669 2089 4727 nempe
2111 4644 2198 4726 quod
2214 4645 2327 4710 Deum
2349 4647 2386 4712 in

376 4735 490 4799 tulum.
536 4734 628 4816 Quin
650 4736 774 4798 Aaroni
796 4734 932 4813 dicenti,
955 4735 1027 4799 illos
1049 4756 1120 4800 esse
1143 4734 1220 4800 deos
1242 4738 1353 4819 aqui·
1404 4734 1494 4817 ligno
1517 4743 1550 4800 et
1569 4735 1677 4818 lapide
1699 4735 1874 4800 carnaliter
1893 4733 2144 4799 venerabantur.

376 4820 437 4886 bus
464 4821 596 4887 liberati
622 4830 732 4886 essent
759 4829 893 4885 eterra
914 4821 1074 4905 Aegypti,
1101 4822 1265 4906 intrepide
1293 4844 1352 4886 an·
1496 4826 1543 4885 ll.
1578 4820 1777 4902 Quanquam
1795 4842 1860 4886 non
1879 4823 2002 4903 ignoro,
2025 4837 2085 4880 nec
2108 4815 2384 4882 dissimulandum

376 4907 534 4985 nucbant,
568 4927 636 4971 non
654 4906 752 4971 dubia
771 4907 1022 4990 significatione,
1055 4908 1140 4973 velle
1158 4931 1193 4974 sc
1211 4909 1352 4973 retinere
1405 4914 1464 4985 est,
1488 4905 1696 4972 distinctione
1717 4909 1806 4990 ipsos
1820 4907 1903 4970 elabi
1916 4904 2022 4985 magis
2036 4910 2163 4985 arguta,
2184 4903 2384 4984 cuiaspaulo

375 4992 470 5057 illum
491 4994 602 5058 Deum
630 4993 850 5069 liberatorem,
879 4993 976 5057 modo
1003 5003 1216 5077 praecuntem
1240 4995 1275 5057 in
1302 4995 1352 5060 vi-
1399 4998 1473 5074 1011
1499 4995 1613 5057 iterum
1628 4993 1755 5074 plenior
1778 4993 1831 5073 fiet
1854 4989 1974 5055 metatio.
2018 4987 2154 5052 Cultum
2176 4990 2265 5054 enim
2287 5011 2384 5070 quem

375 5078 444 5142 tulo
477 5079 708 5162 conspicerent.
759 5079 829 5143 Nec
860 5079 908 5143 ita
938 5078 1059 5163 stupidi
1092 5081 1192 5146 fuisse
1229 5081 1352 5146 ethnici
1406 5079 1589 5143 simulacris
1611 5079 1680 5143 suis
1697 5076 1899 5161 impendunt,
1923 5071 2170 5138 εἰδωλοδουλείαν
2187 5075 2384 5141 esscobten·

374 5163 529 5230 credendi
551 5172 638 5241 sunt,
661 5172 699 5228 ut
716 5185 782 5227 non
798 5165 1020 5248 intelligerent
1034 5167 1144 5232 Deum
1163 5167 1267 5230 alium
1281 5187 1352 5231 esse
1405 5163 2020 5247 (11111111011111111111111111.
2066 5159 2123 5226 Sic
2144 5161 2384 5242 enimloquunr

374 5271 474 5332 quam
503 5250 594 5333 ligna
622 5257 656 5312 ct
680 5248 812 5331 lapides.
858 5250 1036 5316 Mutabant
1062 5255 1151 5317 enim
1178 5273 1239 5335 pro
1265 5253 1351 5317 arbi·
1405 5259 1473 5329 tur,
1502 5250 1582 5315 dum
1606 5249 1742 5322 cultum,
1761 5267 1858 5330 quem
1881 5246 2049 5329 appellant
2072 5247 2196 5326 duliae,
2226 5248 2295 5309 sine
2316 5245 2384 5309 Dei

376 5337 441 5400 trio
468 5337 657 5414 simulacra,
687 5333 763 5398 deos
788 5355 917 5415 semper
939 5336 1069 5402 cosdem
1091 5341 1201 5404 animo
1229 5340 1351 5402 retine·
1404 5337 1526 5400 iniuria
1547 5335 1664 5398 statuis
1685 5340 1719 5397 et
1734 5332 1872 5415 picturis
1889 5354 1984 5417 posse
2004 5333 2237 5398 communicari
2255 5330 2380 5394 docent.

375 5418 471 5501 bant,
505 5431 538 5485 et
563 5422 669 5486 multa
696 5426 791 5484 erant
817 5420 884 5482 uni
904 5419 964 5485 deo
991 5424 1180 5502 simulacra,
1208 5446 1269 5489 nec
1290 5445 1351 5507 pro
1404 5423 1495 5505 Ergo
1524 5419 1676 5484 innoxios
1698 5439 1733 5482 sc
1760 5418 1974 5498 arbitrantur,
1996 5420 2024 5483 si
2047 5414 2272 5482 tantummodo
2295 5414 2386 5478 servi

376 5507 587 5572 multitudine
619 5505 802 5590 complures
833 5512 946 5568 tamen
978 5506 1054 5571 deos
1080 5510 1143 5573 sibi
1169 5509 1351 5592 fingebant;

374 5600 548 5677 praeterea
569 5614 654 5658 nova
675 5590 817 5675 quotidie
838 5591 1086 5669 consecrabant,
1108 5613 1169 5657 neo
1191 5595 1353 5675 putabant
1597 5670 1601 5678 Ι

369 5685 489 5745 ‚tamen
510 5701 545 5745 se
566 5700 668 5744 novos
686 5679 794 5744 facere
815 5675 901 5742 deos.
934 5677 1110 5760 Legantu'r
1124 5679 1352 5743 excusationes
1476 5692 1505 5756 1)
1523 5691 1556 5742 In
1574 5691 1645 5743 Pel.
1665 5689 1724 5746 113.
1745 5694 1831 5748 Serm.
1849 5693 1875 5748 1.
1894 5693 1919 5745 a
1989 5684 2358 5758 2)1nPsal.113.1.e.5.

492 5781 602 5836 ouem
617 5797 709 5849 opera
749 5779 808 5836 ru.
827 5779 870 5832 11.
1736 5823 1739 5829 .
2164 5772 2181 5826 e
