5600 6809
380 758 439 821 eei
614 752 703 817 nm.
726 751 790 816 m
835 750 898 817 nn
920 749 1056 817 nono
1080 749 1431 817 rneorrmnnin
1452 748 1644 818 οιιιιιιιι
1665 748 1890 819 unsrun.
1935 749 2035 818 oar.
2055 752 2135 820 ιιι
2320 761 2385 823 ιιι

377 942 427 1011 illi
449 947 619 1023 eeoeptum
646 937 813 1021 postulare
836 937 1148 1020 nos.intelligimus,
1172 937 1228 1019 qui
1249 957 1353 1019 paene
1405 958 1501 1002 suum
1528 938 1677 1019 ipsorum
1700 937 1873 1002 interitum
1896 944 2061 1019 expetere,
2088 947 2127 1003 ιιι
2154 941 2207 1005 ιιι
2233 963 2294 1007 suo
2316 941 2386 1008 dis·

378 1048 421 1092 ex
440 1028 512 1093 eius
533 1045 589 1090 ore
610 1044 773 1107 rogamus.
806 1022 913 1100 Plato,
931 1023 955 1106 ¹)
976 1043 1080 1104 quum
1101 1022 1272 1087 hominum
1293 1023 1353 1086 im·
1405 1021 1525 1105 pendio
1542 1022 1682 1105 gloriam
1703 1028 1737 1086 et
1757 1043 1897 1105 regnum
1918 1023 1983 1086 Dei
2011 1034 2249 1105 promoverent
2294 1027 2385 1093 Rur-

377 1114 529 1196 peritiam
550 1109 678 1177 videret
697 1110 733 1174 in
755 1109 840 1174 votis
860 1107 902 1172 ad
918 1109 1028 1173 Deum
1048 1106 1259 1189 perferendis,
1282 1108 1354 1190 qui·
1406 1130 1462 1174 sus
1489 1129 1591 1190 quum
1617 1129 1736 1191 panem
1762 1114 1912 1172 nostrum
1938 1108 2165 1189 quotidianum
2190 1110 2284 1176 nobis
2311 1113 2385 1179 dari

378 1199 440 1265 bus
460 1197 620 1265 oonoessis
641 1194 781 1277 pessime
803 1193 869 1259 illis
891 1194 1019 1275 saepius
1036 1192 1222 1258 eonsultum
1243 1193 1353 1275 luerit,
1404 1195 1562 1277 petimus,
1584 1194 1717 1258 tametsi
1738 1203 1888 1277 optemus
1910 1193 1996 1276 quod
2017 1201 2068 1259 est
2088 1197 2191 1260 nostri
2212 1197 2383 1278 eommodi,

379 1286 537 1367 optimam
562 1280 717 1365 preoandi
750 1279 912 1344 rationem
940 1278 1026 1344 hano
1055 1299 1125 1343 esee
1152 1279 1352 1361 pronuntiat,
1406 1289 1517 1344 tamen
1539 1279 1592 1345 hie
1612 1299 1740 1361 quoque
1762 1279 1826 1343 Dei
1847 1278 1986 1361 gloriam
2009 1300 2167 1361 quaerere
2188 1284 2384 1364 praesertim

380 1391 398 1434 e
419 1369 524 1435 veteri
567 1374 641 1432 oeta
662 1373 841 1449 sumptam:
870 1364 998 1514 Iussioer
1018 1385 1093 1441 rex,
1116 1365 1239 1446 optima
1260 1364 1354 1429 nobis
1406 1364 1574 1442 debemus,
1597 1372 1636 1429 ut
1656 1385 1698 1429 ne
1720 1365 1856 1446 petituri
1877 1364 2008 1445 quidem
2031 1366 2148 1443 simus,
2171 1366 2236 1432 nisi
2256 1369 2292 1432 in
2312 1370 2382 1437 eius

380 1462 413 1520 et
428 1453 625 1519 voventibus
646 1458 680 1517 et
701 1473 766 1517 non
783 1451 915 1516 voventi
938 1469 977 1513 us
999 1450 1120 1527 tn‘bue;
1142 1449 1230 1513 mala
1244 1457 1354 1514 autem
1406 1450 1545 1534 gloriam
1573 1456 1696 1532 vergat.
1741 1449 1839 1514 Nune
1868 1450 1909 1514 ad
1934 1450 2041 1532 ipsam
2068 1451 2223 1517 orationis
2247 1475 2383 1519 enarra·

380 1539 588 1624 posoentibus
610 1558 736 1619 quoque
763 1537 875 1603 abesse
900 1535 983 1600 iube.
1033 1534 1143 1616 Atque
1165 1535 1261 1598 homo
1283 1534 1354 1616 qui-
1406 1537 1530 1600 tionem
1550 1535 1791 1619 aggrediamur.

381 1626 455 1691 dem
483 1624 633 1691 ethnicus
661 1623 696 1688 in
722 1642 760 1687 eo
788 1621 889 1705 sapit,
923 1619 1009 1702 quod
1037 1619 1159 1684 iudioat
1185 1639 1283 1702 quam
1312 1621 1356 1684 sit

379 1711 598 1795 perieulosum
620 1709 799 1773 aDomino
826 1713 979 1788 expetore
998 1705 1086 1788 quod
1112 1703 1273 1788 cupiditas
1295 1725 1354 1770 no·
1929 1761 1936 1778 ,
2050 1763 2059 1779 ‚
2218 1764 2225 1781 ,

381 1805 450 1862 stra
472 1794 656 1872 dictaverim
684 1793 782 1860 simul
809 1798 956 1857 nostram
983 1790 1208 1857 infelieitatem
1235 1790 1354 1873 prodit,
1526 1762 1565 1844 P
1567 1771 1660 1843 abel*
1690 1772 1835 1843 noster
1866 1791 1940 1872 qul
1971 1792 2017 1845 θὸ
2047 1793 2092 1844 ln
2123 1763 2261 1847 coelis.

381 1883 437 1965 qui
457 1902 500 1946 ne
529 1880 654 1945 hiseere
680 1878 812 1962 quidem
839 1878 910 1943 sine
936 1875 1123 1942 disorimine
1151 1897 1261 1942 eoram
1282 1877 1355 1941 Deo

380 1968 556 2050 possimus,
584 1964 649 2028 nisi
676 1965 718 2029 ed
745 1970 869 2028 reotam
893 1961 1007 2027 orandi
1034 1983 1183 2026 normam
1204 1982 1265 2026 nos
1288 1963 1353 2045 spi·
1494 1966 1545 2026 36.
1586 1959 1740 2027 Primum
1766 1961 1894 2044 inipso
1921 1961 2035 2026 limine
2056 1963 2198 2028 ooeurrit
2217 1963 2302 2046 quod
2323 1984 2383 2028 an·

381 2054 464 2117 ritus
490 2050 650 2116 instituat
698 2050 764 2130 Quo
790 2049 908 2113 maiore
935 2048 971 2111 ιιι
992 2049 1096 2128 pretio
1123 2047 1241 2113 censeri
1266 2047 1355 2128 opud
1406 2055 1459 2114 tea
1482 2047 1639 2126 diximus,
1668 2067 1799 2112 omnem
1822 2069 1842 2111 a
1862 2049 1956 2112 nobis
1977 2049 2156 2113 orationem
2177 2049 2290 2113 offerri
2310 2050 2384 2116 Deo

381 2158 437 2203 noe
451 2142 586 2202 merear
601 2135 655 2201 boo
670 2134 883 2218 prioilepiam,
900 2133 977 2198 dam
992 2133 1171 2216 unigenitus
1186 2133 1251 2198 Dei
1264 2131 1355 2214 filius
1406 2157 1473 2200 non
1494 2133 1590 2198 aliter
1611 2131 1729 2197 debere
1750 2153 1849 2214 quam
1869 2133 1905 2196 in
1922 2132 2049 2198 Ohristi
2069 2134 2210 2212 nomine,
2232 2142 2272 2199 ut
2292 2135 2384 2200 nullo

380 2223 473 2288 verda
493 2221 582 2286 nobie
602 2221 638 2283 ιιι
654 2240 689 2286 os
708 2220 1093 2303 supereminentem
1109 2223 1248 2283 nostram
1269 2219 1354 2284 enat
1407 2220 1470 2285 alio
1497 2219 1629 2283 nomine
1654 2217 1703 2282 illi
1731 2217 1954 2283 eommendari
1982 2228 2095 2300 petest
2142 2219 2228 2284 Nam
2254 2240 2384 2303 exque

381 2307 584 2374 leuitatem
605 2307 781 2388 expediant.
1405 2313 1533 2388 patrem
1554 2324 1708 2370 vooamus
1728 2304 1853 2382 Deum,
1881 2324 2002 2368 nomen
2028 2311 2115 2369 oerte
2137 2304 2383 2388 Christiprae·

468 2396 517 2456 35.
568 2391 660 2458 Ηιιι
692 2390 808 2456 orandi
835 2410 893 2455 seu
917 2390 1037 2467 forma,
1070 2410 1128 2454 seu
1154 2389 1269 2472 regula
1295 2410 1354 2455 sex
1406 2390 1579 2456 tendimus.
1623 2387 1700 2470 Qua
1726 2389 1814 2454 enim
1840 2387 1960 2453 fidueia
1978 2390 2088 2455 Deum
2117 2389 2234 2472 aliquis
2255 2398 2384 2473 patrem

381 2478 593 2561 petitionibus
609 2478 788 2542 eonstituta
807 2483 865 2540 est
900 2474 988 2539 Nam
1008 2473 1108 2539 neiis
1130 2474 1282 2540 aoeedam
1296 2475 1355 2556 qui
1405 2474 1614 2540 nominaret?
1647 2474 1721 2557 quis
1750 2476 1814 2541 huo
1847 2475 2041 2540 temeritatis
2069 2484 2311 2558 prorumperet,
2344 2483 2384 2541 ut

381 2571 506 2647 septem
527 2561 687 2645 oapitibus
709 2559 926 2645 distinguunt,
949 2561 1027 2625 fauit
1041 2559 1128 2643 quod
1148 2557 1356 2626 adversativa
1407 2561 1469 2626 sibi
1500 2568 1674 2642 usurparet
1706 2559 1864 2625 honorem
1891 2559 1952 2624 filii
1978 2560 2058 2638 Dei,
2094 2561 2159 2624 nisi
2184 2562 2227 2625 in·
2249 2559 2383 2627 Ohristo

381 2649 522 2715 diutione
542 2648 714 2717 interieota
730 2646 861 2713 videtur
877 2645 1079 2729 evengelista
1095 2645 1159 2710 duo
1175 2645 1234 2711 illa
1250 2666 1355 2711 mem·
1406 2646 1550 2728 adoptati
1572 2665 1717 2710 essemus
1737 2645 1773 2709 in
1789 2645 1873 2710 filios
1893 2645 2040 2728 gratiae?
2075 2644 2142 2726 Qui
2163 2667 2264 2728 quum
2285 2667 2384 2712 verus

380 2736 441 2799 bra
468 2733 609 2799 voluisse
634 2732 722 2798 inter
749 2752 785 2796 se
812 2731 978 2815 eolligere,
1006 2752 1044 2796 ao
1070 2732 1099 2796 si
1126 2729 1279 2809 dixisset,
1312 2752 1354 2796 ne
1406 2733 1451 2797 sit
1478 2730 1580 2808 tilius,
1613 2730 1706 2795 nobis
1732 2732 1767 2795 in
1793 2731 1930 2795 fratrem
1957 2730 2096 2813 abipso
2123 2730 2220 2796 datus
2248 2740 2313 2810 est,
2343 2738 2383 2796 ut

380 2818 562 2884 tentatione
589 2817 729 2900 opprimi
754 2838 814 2882 nos
840 2817 943 2894 sinae,
976 2817 1057 2899 quin
1085 2817 1194 2899 potius
1222 2824 1355 2881 nostrae
1406 2816 1494 2899 quod
1515 2824 1635 2881 natura
1654 2817 1725 2897 ipse
1747 2816 1914 2899 proprium
1936 2815 2050 2893 habet,
2079 2814 2262 2900 adoptionis
2285 2817 2384 2883 bene·

380 2904 551 2988 fragilitati
572 2924 668 2986 opem
688 2904 788 2980 feras,
811 2910 846 2968 et
864 2901 998 2978 liberes,
1028 2923 1070 2966 ne
1096 2902 1353 2968 sueoumbamus.
1406 2903 1481 2967 tioio
1513 2910 1663 2967 nostrum
1688 2902 1762 2980 fiat,
1795 2901 1827 2966 ei
1852 2907 1982 2965 tantam
2012 2901 2262 2968 beneficentiam
2294 2910 2386 2969 oerta

380 2989 559 3055 Nobisoum
587 2989 686 3054 etiam
713 2988 861 3053 sentiunt
883 2995 1011 3053 veteres
1037 2986 1192 3052 eoelesise
1219 2987 1355 3070 seriptu-
1406 2987 1470 3053 fide
1492 2987 1728 3070 ampleotimur.
1773 2983 2060 3067 Quemadmodum
2080 2985 2221 3052 Ioannes
2240 2988 2288 3051 ait
2305 2988 2382 3071 (Er.

381 3096 443 3152 res,
457 3074 487 3157 ²)
513 3081 551 3138 ut
576 3074 644 3139 iam
669 3072 755 3155 quod
781 3073 918 3155 septimo
946 3072 1016 3137 loeo
1039 3071 1126 3155 apud
1147 3074 1355 3138 Matthaeum
1410 3078 1443 3151 l,
1470 3075 1538 3158 12),
1572 3072 1684 3137 datam
1711 3093 1783 3138 esse
1808 3077 2003 3155 potestatem
2030 3071 2072 3136 iis
2099 3072 2156 3152 qui
2182 3071 2321 3137 eredunt
2347 3074 2385 3138 in

382 3159 529 3224 additum
554 3166 619 3237 est,
642 3158 811 3242 vexegetioe
839 3157 881 3223 ad
907 3165 1034 3223 sextam
1055 3157 1246 3239 petitionem
1271 3159 1355 3223 refe-
1406 3179 1528 3224 nomen
1555 3158 1715 3240 unigeniti
1742 3157 1801 3222 filii
1822 3155 1901 3234 Dei,
1928 3163 1967 3219 ιιι
1993 3155 2054 3220 filii
2077 3156 2141 3220 Dei
2169 3156 2231 3238 ipsi
2256 3178 2385 3240 quoque

381 3243 520 3310 rendum
537 3244 589 3309 sit
623 3243 769 3309 Tametsi
786 3251 896 3309 autem
912 3242 1073 3308 eiusmodi
1088 3250 1139 3309 est
1155 3249 1225 3308 tota
1241 3244 1354 3323 oratio,
1407 3246 1497 3310 fiant
1536 3243 1652 3325 Itaque
1673 3250 1708 3308 ot
1729 3252 1856 3327 patrem
1877 3262 1913 3306 se
1934 3249 2083 3306 nostrum
2105 3241 2257 3322 appellet,
2280 3250 2314 3305 ιι
2336 3243 2385 3309 sio

382 3338 420 3395 ut
444 3329 563 3412 ubique
590 3329 712 3413 gloriae
734 3330 797 3394 Dei
824 3328 908 3394 ratio
931 3328 1103 3411 inprimis
1130 3328 1281 3393 habenda
1301 3329 1354 3408 sit,
1408 3329 1549 3395 anobis
1576 3329 1686 3395 voeari
1715 3328 1802 3395 vult:
1835 3329 1897 3393 hao
1923 3334 2017 3392 tanta
2048 3327 2189 3392 nominis
2221 3328 2385 3393 suavitate

382 3416 507 3498 priores
535 3421 648 3479 tamen
674 3421 741 3481 tres
768 3415 940 3497 petitiones
965 3415 1031 3479 Dei
1059 3413 1181 3498 gloriae
1212 3414 1355 3498 peoulia·
1407 3415 1498 3480 omni
1523 3435 1584 3480 nos
1611 3413 1792 3480 diffidentia
1818 3412 1981 3489 eximens,
2009 3411 2141 3494 quando
2167 3412 2278 3477 nullus
2305 3412 2385 3479 alibi

383 3501 463 3565 riter
489 3498 670 3566 destinatae
697 3508 787 3565 sunt:
822 3521 921 3583 quam
947 3500 1050 3566 solam
1077 3500 1114 3564 in
1141 3499 1208 3564 illis
1233 3501 1356 3565 intueri
1407 3502 1513 3566 maior
1534 3501 1654 3565 amoris
1676 3499 1812 3566 effeetus
1833 3519 1932 3582 quam
1948 3498 1985 3562 in
2002 3505 2096 3580 patre
2117 3498 2253 3580 reperiri
2270 3499 2382 3580 possit

382 3607 441 3652 nos
456 3592 593 3667 oportet,
611 3585 703 3651 nullo
718 3584 880 3651 eommodi
894 3586 1008 3664 nostri,
1025 3594 1063 3649 ut
1078 3586 1178 3664 aiunt,
1195 3595 1354 3669 respeotu
1407 3586 1524 3669 Itaque
1551 3584 1641 3650 nullo
1673 3586 1812 3651 eertiore
1840 3583 2034 3649 dooumento
2065 3583 2259 3648 immensam
2287 3605 2383 3649 suam

383 3672 464 3737 Tres
493 3670 635 3752 reliquae
661 3672 766 3735 nostri
794 3691 907 3737 euram
932 3678 1068 3754 gerunt,
1096 3693 1135 3736 aa
1158 3672 1289 3755 proprie
1314 3671 1356 3737 iis
1406 3693 1488 3755 erga
1513 3691 1573 3737 nos
1599 3671 1769 3736 oaritatem
1796 3669 1963 3735 testitioari
1991 3669 2113 3750 potuit,
2147 3689 2247 3751 quam
2274 3689 2317 3734 ex
2343 3689 2382 3735 ιο

382 3778 465 3839 quae
482 3777 524 3821 ex
539 3777 602 3820 usu
618 3762 730 3822 nostro
751 3763 830 3821 sunt
845 3755 1049 3838 postulandis
1065 3764 1144 3822 sunt
1160 3758 1354 3840 assignatae.
1407 3756 1494 3841 quod
1510 3756 1571 3822 tilii
1587 3755 1653 3822 Dei
1669 3757 1887 3821 nominamur.
1930 3754 2039 3837 Ipsius
2056 3774 2134 3820 vero
2151 3755 2271 3819 ear-itas
2287 3762 2381 3820 tanto

381 3841 429 3907 Ut
449 3862 551 3924 quum
571 3861 691 3906 nomen
712 3841 777 3906 Dei
798 3842 994 3907 eanotifioari
1015 3842 1166 3925 petimus,
1188 3842 1267 3924 quia
1279 3862 1356 3923 pro-
1406 3864 1486 3926 erga
1503 3863 1564 3908 nos
1584 3843 1689 3907 maior
1715 3839 1995 3924 praestantiorque
2016 3845 2067 3906 est
2092 3840 2181 3904 omni
2205 3847 2383 3923 parentum

381 3927 455 3991 dare
485 3927 553 3992 vult
576 3926 654 3992 deses
683 3928 824 4009 prateae
851 3949 894 3993 aa
918 3948 973 4009 spe
1002 3928 1152 3994 mercedis
1183 3932 1305 3992 ametur
1331 3949 1354 3994 o
1406 3936 1595 3993 nostrorum
1615 3928 1760 4005 caritate,
1781 3934 1903 4010 quanto
1923 3926 1994 4008 ipse
2015 3946 2128 3990 omnes
2151 3924 2301 3989 homines
2322 3924 2381 3991 bo-

381 4012 469 4077 eodis
488 4018 518 4076 et
538 4011 665 4091 ιοιαιιιν,
686 4012 773 4077 nihil
794 4020 865 4077 tum
886 4011 927 4077 de
945 4021 1057 4078 nostro
1077 4012 1246 4078 eommodo
1267 4013 1354 4097 eogi-
1405 4015 1509 4079 nitate
1537 4022 1572 4078 ot
1601 4011 1822 4078 miserioordia
1854 4018 2001 4094 superat,
2034 4010 2125 4075 utsi
2156 4017 2316 4093 quotquot
2343 4010 2381 4077 in

382 4097 521 4161 tandum
546 4104 610 4176 est;
636 4096 695 4163 sed
720 4098 790 4164 eius
817 4097 921 4181 gloria
939 4096 1032 4163 nobis
1056 4096 1265 4181 proponenda
1293 4107 1352 4178 est,
1405 4108 1495 4164 terra
1532 4107 1612 4164 sunt
1642 4107 1767 4181 patres,
1803 4098 1896 4162 omni
1925 4104 2081 4178 paternae
2112 4095 2243 4178 pietatis
2281 4117 2382 4162 sensu

383 4202 481 4264 quam
501 4182 637 4248 intentis
657 4182 758 4247 oeulis
780 4204 880 4249 unam
899 4184 1101 4263 intueamur;
1124 4203 1184 4248 nee
1201 4183 1297 4249 aliter
1317 4184 1354 4249 in
1405 4186 1510 4263 exuti,
1539 4184 1624 4250 filios
1652 4182 1881 4261 destituerent,
1907 4183 1978 4265 ipse
2006 4180 2099 4247 nobis
2126 4201 2295 4263 nunquam
2324 4180 2381 4247 de·

383 4267 517 4351 reliquis
549 4267 736 4334 huiusmodi
766 4268 917 4350 preoibus
953 4268 1085 4332 affeotos
1117 4289 1188 4334 esse
1214 4268 1268 4349 fas
1298 4273 1357 4334 ee.
1405 4271 1537 4334 futurus
1563 4271 1621 4348 sit,
1653 4269 1807 4352 quoniam
1840 4289 1875 4334 se
1901 4268 2010 4350 ipsum
2041 4287 2163 4350 negare
2183 4287 2249 4329 non
2269 4272 2382 4346 potest
2429 4275 2431 4279 ’

383 4353 491 4435 Atque
516 4352 579 4418 hoe
605 4353 737 4435 quidem
761 4355 871 4436 ipsum
896 4353 992 4419 nobie
1016 4353 1053 4418 'm
1079 4373 1238 4437 magnum
1265 4375 1353 4420 eom·
1405 4357 1437 4440 (l
1458 4355 1571 4420 loann.
1591 4359 1627 4435 3,
1648 4360 1681 4433 l;
1702 4354 1790 4421 Psal.
1808 4358 1866 4432 27,
1889 4358 1943 4432 10;
1964 4353 2028 4417 Ies.
2049 4355 2105 4429 63,
2128 4356 2181 4429 lt';
2204 4354 2223 4412 2
2243 4350 2325 4414 Tim
2347 4354 2378 4430 2,

382 4439 516 4503 modum
537 4437 638 4517 oedit,
664 4438 751 4520 quod
772 4438 851 4503 dum
871 4439 919 4502 ita
945 4445 984 4502 ut
1003 4437 1144 4520 petimus
1171 4439 1353 4506 sanotffioa·
1409 4440 1472 4525 13).
1507 4440 1677 4506 Habemus
1694 4440 1784 4505 enim
1800 4439 1870 4505 eius
1887 4438 2085 4523 promissum
2102 4435 2236 4517 (Matth.
2258 4439 2286 4513 7,
2309 4433 2378 4520 ll):

384 4531 448 4599 tur,
475 4524 514 4589 fit
533 4525 635 4589 etiam
654 4531 768 4588 nostia
787 4524 928 4589 mrim
952 4522 1173 4590 sanotitieetio.
1218 4521 1287 4591 Sed
1310 4524 1354 4591 ad
1405 4527 1434 4592 si
1463 4546 1541 4606 vos,
1572 4547 1673 4611 quum
1705 4525 1785 4590 mali
1815 4525 1908 4603 sitis,
1938 4524 2041 4588 nostis
2072 4522 2159 4587 bona
2196 4519 2275 4584 dare
2304 4519 2382 4586 filiis

384 4607 577 4674 huiusmodi¹
602 4609 777 4674 utilitatem
803 4609 889 4675 oeuli
921 4609 1039 4686 nostri,
1071 4615 1110 4673 ut
1141 4608 1266 4676 dietum
1293 4620 1352 4691 est,
1405 4611 1537 4692 vestris,
1559 4620 1681 4695 quanto
1702 4611 1808 4696 magis
1829 4618 1923 4694 pater
1939 4616 2048 4675 vester
2064 4605 2120 4689 qui
2137 4604 2173 4668 in
2192 4603 2292 4669 ooelis
2308 4604 2380 4670 esti

384 4694 558 4757 eonnivere
585 4715 625 4759 ao
648 4693 885 4777 quodammodo
912 4694 1070 4760 oaeeutire
1093 4694 1226 4772 debent,
1253 4717 1297 4760 ne
1317 4697 1355 4761 in
1405 4698 1492 4763 Item
1513 4697 1601 4780 apud
1622 4698 1815 4781 prophetam
1836 4696 1914 4779 (Ies.
1933 4699 1990 4772 49,
2012 4691 2080 4775 15);
2102 4698 2252 4773 potestne
2273 4698 2381 4755 mater

383 4777 642 4859 ipeamomnino
662 4780 845 4862 respioiant
891 4780 937 4846 Ut
957 4780 986 4846 si
1005 4781 1111 4846 omnis
1138 4801 1212 4863 spes
1232 4781 1355 4862 privati
1405 4783 1552 4849 oblivisei
1571 4783 1735 4864 tiliorum?
1758 4783 1839 4849 etei
1861 4779 2079 4855 oblivisoatur,
2102 4795 2162 4858 ego
2181 4783 2294 4840 tamen
2313 4796 2382 4842 non

383 4861 488 4927 nostri
507 4861 585 4926 boni
611 4865 757 4944 praediea
777 4872 877 4945 esset,
900 4865 980 4932 haee
1000 4873 1110 4932 tamen
1132 4866 1354 4945 sanetifioatio,
1405 4868 1579 4935 obliviscar
1598 4869 1656 4934 tui
1692 4867 1790 4950 Quod
1810 4868 1838 4932 si
1858 4865 1918 4930 filii
1939 4864 2009 4928 eius
2028 4882 2150 4939 sumus,
2174 4869 2213 4925 ut
2232 4860 2322 4927 filius
2342 4863 2380 4929 in

383 4956 418 5011 et
436 4944 501 5011 alia
526 4967 609 5029 quae
635 4946 678 5012 ad
697 4949 761 5014 Dei
802 4951 919 5016 loriam
943 4951 1119 5033 pertinent,
1141 4972 1162 5016 a
1182 4952 1275 5018 nobis
1296 4972 1354 5034 op-
1405 4952 1505 5018 fidem
1530 4955 1680 5019 extranei
1710 4952 1872 5033 alienique
1899 4947 2042 5013 hominis
2070 4968 2106 5012 ee
2138 4947 2286 5013 oonferre
2313 4968 2381 5015 non

383 5033 448 5097 tari
465 5040 499 5130 et
519 5030 669 5128 preoibue
688 4972 845 5113 petrini
869 5056 936 5103 non
963 5035 1122 5103 desinant
1165 5037 1213 5104 Ut
1238 5037 1274 5102 in
1295 5059 1353 5102 er·
1406 5047 1528 5122 potest,
1555 5039 1620 5105 nisi
1649 5037 1747 5103 simul
1769 5035 1809 5101 de
1833 5034 1937 5116 patris
1960 5031 2013 5097 vel
2034 5031 2172 5097 saevitia
2195 5031 2249 5097 vel
2270 5034 2381 5117 inopia

524 5253 532 5280 ι
597 5252 606 5280 ι
747 5272 756 5291 ,
1757 5254 1766 5284 ι
2312 5252 2321 5280 s

384 5308 465 5354 ΗΘ
491 5287 570 5370 iPfliS
598 5295 758 5365 Βιθῑῒθιθι
786 5307 823 5352 ao
850 5286 1036 5353 vehementi
1062 5290 1257 5374 ineenseque
1284 5293 1353 5359 nelo
1404 5230 1739 5375 ιιιιιιιιιιιιιιροιιιοριι,
1760 5289 1813 5355 vel
1832 5288 1970 5355 saevitia
1989 5288 2156 5370 nimiaque
2176 5287 2378 5353 austeritate.

390 5463 588 5471 ’“““
1404 5471 1613 5546 peoeatorum
1633 5460 1848 5539 eonsoientia,
1874 5479 1956 5543 quae
1976 5464 2120 5542 patrem,
2142 5456 2292 5540 quamvis
2313 5455 2380 5524 ole-

385 5646 420 5699 ..
436 5576 530 5698 ιιι
543 5575 679 5699 ιιι·
698 5575 954 5712 'sessim
972 5571 1196 5710 ιιιιιι
1405 5543 2107 5698 assumti&
2129 5541 2382 5695 ιιιιιιι

333 5686 335 5691 -
525 5665 543 5700 u
580 5665 603 5699 C·
672 5685 679 5697 ·
840 5681 846 5694 ·
1179 5682 1186 5696 ·
1633 5680 1641 5701 ο

2120 5727 2176 5781 42*

1492 5382 1542 5442 37.
1585 5379 1656 5444 Nee
1683 5395 1870 5454 oausemur,
1897 5393 1958 5439 nos
1984 5373 2102 5439 merito
2128 5370 2259 5437 timidos
2286 5369 2381 5437 reddi
2499 5448 2509 5464 ·
