5600 6809
391 729 454 792 231
1036 725 1302 794 INSTI'PUTIO
1322 726 1429 790 RElr.
1451 721 1632 790 CHRIS'P.
1658 724 1749 788 1559.
2265 782 2269 800 ,
2338 723 2402 785 232

395 917 473 995 cari,
496 937 564 980 non
586 936 669 999 quae
687 916 814 982 meritis
842 919 964 983 nostris
987 915 1181 994 debeantur,
1210 915 1268 982 scd
1291 935 1373 998 quae
1425 915 1633 997 relinqueret.
1677 914 1720 977 In
1750 934 1813 996 quo
1849 912 1969 976 mirum
2002 916 2052 976 est
2078 918 2186 975 tantos
2216 909 2306 976 viros
2338 908 2403 974 sibi

396 1003 512 1087 gratiis
539 1004 605 1067 iam
633 1001 761 1068 collatis
788 1003 1032 1068 retribuantur?
1078 1004 1290 1069 Acutesane
1312 1001 1374 1065 hoc
1426 1001 1592 1066 excidisse.
1638 998 1809 1079 Quomodo
1831 999 1919 1062 enim
1941 997 2175 1081 Chryscstomc
2198 997 2234 1059 in
2255 1003 2402 1059 mentem

397 1087 672 1165 animadvertunt,
695 1087 825 1152 nullum
845 1088 912 1152 iam
935 1110 1104 1170 superesse
1121 1088 1228 1154 locum
1246 1087 1373 1151 meritis
1426 1109 1492 1151 non
1514 1086 1610 1162 venit,
1634 1085 1826 1150 electionem
1853 1084 1917 1148 Dei
1946 1104 2016 1148 esse
2038 1103 2122 1164 quae
2143 1085 2229 1147 inter
2251 1080 2402 1145 homines

396 1175 426 1239 si
448 1195 516 1238 non
537 1195 579 1237 ex
608 1173 702 1237 liberi
729 1172 856 1238 arbitrii
880 1175 969 1239 fonte
996 1174 1173 1257 prodeunt;
1206 1171 1264 1238 sed
1285 1171 1372 1255 quod
1427 1173 1473 1237 sic
1495 1170 1679 1237 discernat?
1723 1171 1793 1236 Nos
1820 1168 1951 1252 quidem
1977 1168 2153 1234 concedere
2179 1168 2315 1231 minime
2336 1166 2402 1232 for·

395 1259 486 1324 istud
512 1266 684 1341 tantopere
710 1258 956 1323 dissentaneum
984 1259 1124 1337 ducunt,
1157 1260 1254 1343 longe
1280 1259 1373 1323 aber·
1426 1257 1605 1334 midamus,
1638 1256 1725 1339 quod
1753 1255 1878 1322 Paulus
1899 1276 2021 1340 magna
2044 1255 2252 1319 contentione
2273 1252 2400 1331 asserit,

396 1353 480 1409 rant
525 1344 639 1426 Neque
669 1346 757 1410 enim
785 1343 913 1409 dubitat
939 1347 1149 1429 Augustinus
1169 1345 1291 1427 passim
1313 1363 1373 1425 prc
1427 1364 1539 1408 omnes
1566 1343 1664 1407 simul
1690 1364 1809 1425 pravos
1838 1363 1908 1407 esse
1935 1350 1969 1404 et
1995 1340 2139 1404 malitiae
2168 1339 2307 1417 deditos;
2342 1337 2402 1404 661

396 1430 580 1496 necessario
604 1428 733 1506 docere,
763 1429 848 1512 quod
876 1430 924 1494 ita
952 1432 1043 1497 nefas
1072 1432 1219 1496 confiteri
1240 1437 1373 1512 putant;
1427 1450 1501 1495 cum
1523 1429 1580 1492 illc
1602 1429 1805 1506 subiicimus,
1834 1428 1899 1491 Dei
1925 1425 2148 1491 misericordia
2173 1427 2245 1491 fieri
2266 1446 2309 1490 ne
2331 1446 2402 1490 om-

397 1515 673 1598 quemadmcdum
694 1515 751 1581 ubi
769 1515 860 1579 dicit:
873 1515 898 1600 ¹)
923 1517 1041 1581 merita
1069 1515 1287 1600 quorumlibet
1313 1515 1373 1579 ho-
1427 1537 1486 1580 nes
1518 1516 1552 1579 in
1593 1515 1754 1597 pravitate
1793 1521 2015 1596 permaneant.
2069 1512 2162 1596 Ergo
2195 1533 2297 1595 quum
2329 1510 2404 1593 pari

397 1603 525 1665 minum
546 1622 630 1683 quae
659 1600 757 1666 sunt?
792 1600 921 1683 quando
948 1602 1004 1666 1116
1027 1623 1093 1667 666
1120 1623 1195 1668 cum
1223 1600 1373 1674 mercede
1426 1602 1539 1666 morbo
1561 1599 1746 1665 laboremus
1768 1599 1962 1663 naturaliter
1984 1617 2106 1676 omnes,
2129 1597 2190 1663 soli
2211 1598 2260 1661 illi
2281 1617 2403 1663 conva-

399 1685 517 1765 debita,
540 1686 596 1751 sed
619 1706 693 1750 cum
716 1687 861 1769 gratuita
882 1689 988 1770 gratia
1009 1689 1109 1766 venit,
1128 1709 1241 1753 omnes
1259 1708 1373 1770 peeca-
1426 1686 1555 1751 lescunt
1575 1687 1691 1769 quibus
1712 1684 1873 1751 medicam
1900 1705 2036 1748 manum
2063 1683 2236 1749 admovere
2258 1682 2403 1748 Domino

394 1780 480 1836 tores
513 1772 602 1835 solus
634 1793 653 1835 a
684 1771 825 1853 peccatis
858 1772 941 1838 liber
970 1793 1007 1837 ac
1047 1775 1201 1839 liberator
1234 1773 1371 1837 invenit.
1425 1773 1556 1855 placuit
1600 1772 1682 1850 Alii,
1713 1792 1792 1854 quos
1819 1772 1904 1835 iusto
1937 1768 2056 1834 iudicio
2084 1769 2333 1851 praetermittit,
2366 1769 2405 1833 16

393 1857 531 1939 Item22)
561 1858 588 1921 si
615 1856 771 1922 reddetur
805 1856 863 1922 tibi
892 1859 978 1941 quod
1007 1859 1157 1937 debetur,
1188 1857 1374 1941 puniendus
1428 1878 1487 1923 sua
1519 1857 1691 1940 putredine
1726 1858 1898 1922 tabescunt
1929 1854 2031 1920 donec
2064 1855 2286 1920 absumantur.
2331 1854 2403 1921 Nec

394 1965 443 2022 es;
465 1941 543 2025 quid
566 1963 643 2026 ergo
664 1942 724 2007 fit?
758 1964 824 2007 non
852 1944 913 2009 tibi
940 1944 1083 2009 reddidit
1109 1945 1201 2010 Deus
1229 1944 1375 2010 debitam
1427 1943 1559 2008 aliunde
1581 1942 1738 2026 estquod
1760 1943 1817 2007 alii
1844 1942 1887 2006 ad
1914 1944 2014 2007 finem
2034 1949 2260 2023 perseverant,
2289 1940 2347 2005 alii
2366 1941 2406 2007 in

392 2048 540 2110 poenam,
564 2027 622 2092 sed
644 2026 744 2092 donat
765 2028 945 2094 indebitam
975 2031 1123 2114 gratiam.
1170 2028 1208 2095 Si
1230 2031 1280 2096 vis
1303 2050 1374 2094 6666
1427 2038 1540 2112 666616
1562 2051 1660 2094 cursu
1682 2028 1906 2111 prolabuntur.
1952 2024 2121 2109 Siquidem
2144 2028 2269 2110 etipsa
2289 2047 2404 2110 perse-

394 2113 519 2178 alienus
547 2134 567 2175 a
589 2114 710 2196 gratia,
746 2115 832 2179 iacta
859 2116 978 2179 merita
1011 2122 1076 2180 166.
1121 2114 1260 2199 116661)
1290 2114 1375 2178 nihil
1427 2116 1577 2180 vorantia
1606 2115 1729 2178 donum
1754 2115 1820 2179 Dei
1847 2123 1912 2192 est,
1943 2111 2030 2194 quod
2056 2134 2122 2176 non
2149 2113 2300 2178 omnibus
2326 2133 2406 2195 pro-

393 2221 428 2264 es
450 2206 569 2280 perte;
592 2206 728 2280 peccata
745 2206 823 2264 sunt
840 2208 906 2279 166,
928 2202 1177 2279 meritaautem,
1200 2202 1278 2280 Dei;
1297 2221 1374 2282 sup-
1426 2202 1549 2266 miscue
1571 2202 1719 2284 largitur,
1742 2199 1801 2265 sed
1823 2200 1940 2282 quibus
1962 2199 2070 2263 visum
2092 2205 2143 2263 est
2163 2199 2317 2280 impertit
2363 2195 2406 2264 Si

392 2285 528 2367 plieium
556 2282 614 2347 tibi
644 2284 794 2362 debetur,
830 2293 862 2349 61
895 2307 996 2368 quum
1024 2288 1206 2369 praemium
1235 2286 1372 2363 venerit,
1427 2308 1525 2353 causa
1565 2286 1768 2351 differentiae
1802 2285 1995 2367 requiritur,
2034 2305 2094 2349 cur
2124 2284 2181 2349 alii
2213 2291 2407 2350 constanter

394 2391 453 2435 sua
477 2369 562 2434 dona
584 2369 767 2447 coronabit,
797 2392 862 2435 non
890 2373 1008 2436 merita
1029 2379 1094 2437 tua.
1140 2372 1259 2437 Eodem
1280 2392 1374 2436 cerasa
1425 2379 1646 2455 perseverent,
1670 2372 1725 2436 alii
1745 2370 1958 2436 instabilitate
1981 2368 2143 2448 deficiant,
2166 2392 2234 2434 non
2255 2370 2321 2434 alia
2342 2388 2407 2437 66-

393 2455 509 2540 alite)
531 2475 593 2518 666
613 2457 808 2537 6661166166
829 2459 945 2537 mado,
968 2459 1023 2523 sed
1039 2459 1186 2523 meritam
1207 2479 1246 2522 66
1265 2458 1373 2541 qratia
1426 2459 1476 2523 bis
1509 2465 1651 2535 constat,
1680 2458 1743 2522 nisi
1776 2455 1862 2540 quod
1894 2456 1968 2520 illos
1996 2476 2057 2520 sua
2085 2456 2208 2521 virtute
2234 2456 2407 2522 roboratos

393 2562 458 2606 6666
479 2541 571 2605 docet.
616 2541 666 2604 Ac
681 2542 782 2620 paolo
796 2547 869 2623 post
889 2545 1042 2609 6666616111
1063 2544 1170 2608 Deam
1190 2545 1261 2609 6616
1282 2544 1374 2610 (16616
1427 2544 1567 2609 sustinet
1576 2543 1747 2620 Dominus,
1760 2564 1801 2607 ne
1812 2551 1963 2624 pereant;
1980 2541 2042 2618 his,
2054 2562 2117 2623 quo
2128 2543 2195 2607 sint
2210 2543 2408 2607 inconstan-

392 2627 507 2691 1666116
536 2627 642 2689 ornato
664 2627 862 2707 praecedere,
891 2634 926 2692 ((1
947 2629 1019 2693 16616
1046 2630 1149 2694 6116161
1175 2651 1235 2694 666
1252 2629 1373 2706 1666116,
1426 2630 1491 2694 tiae
1514 2628 1722 2705 documenta,
1752 2649 1819 2693 non
1841 2627 1979 2693 eandem
2006 2629 2161 2692 61616166
2182 2626 2405 2693 administrat

393 2717 421 2775 61
437 2731 574 2792 proram
593 2713 798 2794 9661161666,
822 2714 897 2793 quia
916 2714 998 2779 61111
1026 2715 1246 2780 1666616661(
1268 2715 1372 2780 661661.
1513 2722 1541 2778 4.
1576 2713 1704 2779 1661661
1723 2721 1902 2796 praeterea,
1924 2714 2047 2777 frustra
2068 2713 2312 2778 exhortationes
2330 2734 2408 2779 sus·

395 2795 462 2862 Sed
489 2795 568 2878 quid
596 2796 776 2880 longiorem
804 2799 989 2883 catalogum
1019 2806 1131 2865 texere
1159 2823 1291 2866 necesse
1313 2807 1371 2875 est,
1427 2801 1501 2883 cipi,
1524 2821 1762 2883 supervacuum
1784 2820 1855 2864 esse
1877 2798 2135 2864 admonitionum
2152 2798 2408 2876 6611661166-

395 2903 495 2965 quum
523 2881 660 2947 subinde
687 2883 768 2948 tales
798 2886 977 2950 sententiae
1005 2887 1040 2950 in
1070 2888 1139 2951 eius
1167 2887 1296 2969 scriptis
1321 2907 1373 2950 re·
1425 2886 1476 2952 las
1497 2908 1568 2952 esse
1590 2886 1841 2969 obiurgationes,
1864 2884 1927 2949 nisi
1945 2885 1988 2948 sit
2004 2904 2104 2965 penas
2120 2894 2325 2965 peccatorem
2343 2905 2409 2967 pa·

394 2967 551 3033 currant?
597 2968 700 3051 Atqui
729 2968 846 3034 melius
868 2971 1049 3036 etiamnum
1078 2972 1140 3055 hoc
1162 2993 1272 3037 errore
1293 2972 1374 3037 libe·
1427 2994 1508 3037 rere.
1553 2969 1682 3037 Similia
1704 2972 1783 3035 clim
1810 2992 1911 3054 quum
1937 2970 2179 3035 obiectarentur
2203 2971 2406 3054 Augustino,

394 3054 481 3119 rabit
513 3074 567 3117 eos
601 3055 780 3135 apostolus,
814 3056 842 3119 si
875 3057 1012 3122 audiant
1045 3079 1108 3142 quo
1140 3080 1183 3123 ex
1214 3058 1374 3141 principio
1427 3058 1573 3123 libellum
1596 3057 1636 3122 de
1668 3059 1871 3140 correptione
1901 3064 1935 3121 et
1967 3057 2075 3139 gratia
2103 3055 2244 3120 scribere
2270 3063 2408 3122 coactus

394 3145 584 3204 sanctorum
607 3138 745 3222 gloriam
766 3140 914 3207 deducat.
959 3142 1051 3223 Quos
1070 3144 1178 3227 elegit,
1201 3165 1256 3209 eos
1277 3165 1374 3210 roca·
1426 3144 1497 3209 fuit.
1540 3143 1607 3209 Ubi
1629 3142 1691 3208 etsi
1718 3143 1845 3224 copiose
1872 3142 1930 3207 illa
1958 3139 2067 3218 diluit,
2103 3141 2145 3205 ad
2172 3141 2257 3208 hano
2287 3149 2407 3207 amen

393 3226 458 3304 vit;
482 3245 562 3307 quos
590 3225 736 3303 vocavit,
761 3247 816 3291 eos
844 3228 1048 3308 iustificarit3
1071 3250 1152 3311 quos
1174 3229 1373 3307 iustificavit,
1428 3249 1590 3294 summam
1611 3228 1817 3294 adversarios
1837 3235 1980 3292 revocat:
2011 3248 2030 3291 c
2052 3227 2163 3305 homo,
2193 3227 2229 3291 in
2246 3247 2410 3310 praecep-

394 3331 449 3374 eos
473 3309 669 3393 glorificavit
691 3310 850 3394 (116168,
872 3313 937 3397 19).
983 3313 1054 3379 Our
1076 3336 1163 3398 ergo,
1187 3324 1269 3380 teste
1297 3336 1374 3397 apc-
1428 3316 1520 3380 tione
1545 3335 1703 3399 cognosce
1735 3313 1813 3396 quid
1835 3312 1964 3377 debeas
1996 3334 2108 3395 agere;
2140 3316 2176 3379 in
2205 3312 2411 3379 correctione

397 3396 479 3460 stolo
509 3395 646 3480 (2116.
669 3400 699 3474 4,
725 3396 777 3480 8),
801 3405 999 3464 coronantur
1027 3399 1164 3465 fideles?
1209 3400 1374 3481 1661616-
1428 3421 1584 3484 cognosce
1608 3407 1666 3465 tuo
1686 3407 1720 3465 16
1740 3400 1821 3466 vitio
1843 3419 1910 3463 non
1932 3398 2068 3478 habere3
2097 3401 2134 3463 in
2160 3399 2306 3464 oratione
2326 3418 2411 3482 cog-

396 3481 478 3546 mini
500 3481 732 3559 misericordia,
756 3504 823 3546 non
844 3506 905 3549 sua
925 3485 1097 3565 industria,
1126 3493 1159 3551 et
1181 3486 1276 3572 electi
1297 3493 1377 3551 sunt
1428 3508 1525 3551 nosce
1546 3486 1635 3551 unde
1656 3486 1796 3568 accipias
1818 3484 1905 3568 quod
1923 3485 1972 3548 vis
1990 3483 2120 3550 habere.
2165 3485 2320 3550 Eiusdem
2336 3484 2410 3566 sera

397 3575 431 3632 et
459 3568 566 3632 vocati
595 3574 628 3631 61
657 3568 833 3634 iustificati
878 3570 1036 3636 Facessat
1068 3593 1146 3655 ergo
1179 3573 1288 3637 inanis
1321 3571 1375 3636 hic
1427 3573 1601 3656 6196166611
1622 3571 1761 3637 661-111666
1781 3572 1819 3636 (16
1839 3570 2131 3650 6166666166,
2160 3572 2215 3636 abi
2235 3571 2343 3636 Deam
2365 3570 2412 3636 le-

397 3653 505 3730 timor,
526 3652 619 3717 nulla
636 3654 705 3718 fore
723 3654 863 3738 amplius
879 3657 999 3722 merita
1015 3658 1044 3722 si
1062 3657 1202 3722 liberum
1223 3665 1374 3723 666616-
1424 3659 1476 3741 pis
1496 3677 1574 3723 auae
1589 3663 1758 3739 praecepta
1784 3677 1845 3720 noa
1866 3656 2016 3720 16166616
2042 3657 2164 3722 ambae
2184 3657 2290 3721 metiri
2309 3657 2409 3736 dead,

397 3738 445 3800 bit
467 3738 647 3802 arbitrium.
692 3736 933 3808 Stultissimum
950 3743 1038 3808 enim
1055 3751 1106 3808 est
1127 3744 1167 3809 ab
1190 3764 1227 3807 ec
1250 3742 1374 3808 abster-
1426 3764 1534 3829 66666(
1550 3742 1606 3808 611
1621 3743 1717 3808 166611
1733 3743 1815 3823 qaod
1831 3747 1947 3807 redum
1963 3747 2016 3820 661,
2036 3745 2139 3826 pratis
2159 3744 2237 3809 dare
2252 3741 2411 3824 implendi

397 3823 463 3885 reri
485 3843 523 3920 aa
541 3823 693 3919 ,refugere
715 3847 777 3908 quo
799 3848 858 3893 nos
880 3829 1042 3911 scriptura
1060 3838 1162 3895 vocat
1208 3827 1247 3894 Si
1264 3831 1374 3894 omnia
1425 3830 1607 3912 foeadotem
1628 3829 1698 3894 cuis
1717 3829 1826 3894 6166116.
1871 3828 1937 3892 Nec
1958 3829 2121 3894 66661666
2141 3850 2192 3902 rec
2212 3829 2318 3912 166666
2338 3829 2410 3894 (116-

398 3915 559 4004 accepisti,
583 3908 629 3971 ait
650 3911 682 3992 (1
705 3910 778 3976 (lor.
797 3919 827 3992 4,
848 3914 892 3997 7),
915 3914 994 3997 (6611
1016 3915 1174 3999 gloriaris,
1197 3916 1290 3997 quasi
1307 3937 1374 3980 non
1427 3915 1608 3997 ceptatt'cais
1639 3919 1691 3979 661.
1734 3915 1884 3979 Primum
1921 3934 1988 3978 non
2025 3915 2084 3980 soli
2123 3937 2236 3979 sumus
2272 3914 2308 3978 in
2340 3913 2410 3985 hac
2452 3971 2454 3975 .

398 3991 580 4073 acceperis?
626 3993 728 4060 Vides
750 3997 790 4061 ob
819 3998 854 4062 id
880 4001 989 4083 ipsam
1018 4001 1120 4066 libero
1148 4001 1282 4066 arbitrio
1305 3999 1374 4066 adi-
1427 4022 1540 4079 causa,
1573 3999 1630 4065 sed
1658 3998 1813 4066 Christus
1847 4009 1880 4065 et
1912 4021 2025 4066 omnes
2057 4001 2202 4082 apostoli.
2246 3999 2410 4065 Viderint

396 4097 486 4141 mere
508 4098 584 4140 eum
604 4081 723 4158 omnia,
746 4103 789 4145 ne
810 4104 906 4165 quem
927 4087 1054 4152 meritis
1073 4087 1181 4153 locum
1200 4087 1373 4170 relinquat
1427 4087 1481 4152 isti
1503 4085 1663 4169 quomodo
1685 4087 1869 4169 superiores
1890 4085 2033 4152 evadant
2050 4087 2087 4150 16
2104 4087 2292 4165 certamine,
2314 4085 2407 4168 quod

398 4160 1095 4261 86116666611666166616616661116166
1116 4178 1161 4238 661
1181 4172 1375 4254 1161166661
1427 4194 1503 4238 cum
1530 4170 1649 4237 talibus
1676 4173 1889 4256 antagonistis
1912 4173 2100 4256 suscipiunt.
2146 4171 2313 4250 Christus,
2345 4172 2408 4255 (661

397 4254 495 4314 aaa
516 4269 553 4313 ac
582 4248 767 4330 liberalitas,
796 4273 877 4334 quas
904 4257 1066 4342 gratias)
1088 4259 1124 4323 in
1151 4280 1211 4324 nos
1240 4259 1373 4338 confert,
1427 4264 1567 4324 testatur
1588 4278 1648 4323 nos
1674 4258 1744 4323 sinc
1767 4280 1802 4323 se
1829 4257 1913 4323 nihil
1934 4280 2028 4341 posse
2057 4259 2187 4340 (Ioann.
2209 4262 2257 4336 15,
2278 4255 2327 4342 5),
2359 4280 2407 4325 an
2458 4275 2463 4284 ··

396 4335 474 4417 quia
500 4343 629 4400 nostras
650 4336 743 4414 facit,
776 4339 911 4420 perinde
939 4362 977 4408 66
1006 4351 1137 4410 nostras
1162 4345 1300 4410 virtutes
1322 4366 1374 4410 re-
1426 4344 1498 4409 ideo
1524 4345 1635 4409 minus
1670 4343 1880 4426 reprehendit
1909 4352 1942 4407 et
1974 4346 2112 4428 castigat
2140 4365 2196 4409 666
2222 4344 2279 4426 (661
2304 4351 2408 4409 extra

396 4429 596 4486 muneratur·
1427 4452 1462 4495 se
1485 4431 1593 4513 ipsum
1614 4429 1700 4494 male
1723 4429 1885 4513 agebant?
1913 4450 1955 4493 an
1976 4429 2050 4494 ideo
2076 4431 2187 4495 minus
2208 4429 2408 4494 exhortatur
2488 4480 2492 4486 .

483 4512 511 4571 3.
555 4505 695 4571 Addunt
721 4507 807 4590 quod
834 4531 877 4574 ex
905 4510 1139 4598 Chrysostomo
1150 4517 1178 4600 ⁶)
1206 4524 1374 4598 sumptum
1425 4526 1463 4580 ut
1484 4517 1619 4599 quisque
1640 4516 1735 4580 bonis
1756 4516 1907 4598 operibus
1929 4515 2116 4581 incumbat?
2156 4515 2280 4580 Paulus
2299 4535 2406 4596 quam

396 4591 501 4657 videri
523 4599 645 4673 potest,
674 4593 761 4676 quod
789 4595 818 4660 si
841 4595 922 4662 haec
949 4620 1016 4663 non
1044 4599 1088 4664 sit
1113 4600 1292 4667 voluntatis
1312 4621 1373 4665 no·
1426 4623 1538 4668 serere
1560 4603 1596 4664 in
1619 4599 1808 4666 Corinthios
1834 4600 2003 4665 invehitur
2031 4602 2071 4666 ob
2099 4602 2244 4667 caritatis
2268 4600 2405 4684 neglec-

397 4677 650 4775 straefacultas,
674 4678 795 4744 bonum
822 4690 879 4746 aut
903 4684 1029 4748 malum
1052 4684 1186 4769 eligere,
1217 4696 1275 4751 aut
1296 4703 1373 4750 om·
1426 4686 1519 4751 tum?
1553 4686 1676 4752 Iisdem
1710 4694 1822 4751 tamen
1855 4684 1988 4751 demum
2019 4687 2190 4752 caritatem
2216 4707 2238 4751 a
2269 4685 2406 4767 domino

396 4782 457 4825 nos
473 4762 618 4827 e1usdem
635 4772 772 4830 naturae
790 4767 963 4851 participes
984 4769 1089 4835 malos
1107 4792 1177 4836 esse
1200 4780 1371 4854 oporteret,
1427 4772 1499 4838 dari
1520 4773 1656 4855 flagitat.
1702 4772 1856 4837 Testatur
1882 4772 1918 4835 in
1941 4772 2077 4854 epistola
2104 4771 2147 4837 ad
2168 4773 2336 4857 Romanos
2354 4774 2404 4858 (9,

398 4853 455 4910 661
476 4867 589 4911 omnes
606 4849 719 4947 bonos.
763 4852 833 4919 Nec
854 4853 952 4938 longe
973 4855 1067 4920 abest
1088 4857 1129 4922 ab
1151 4877 1215 4932 ec,
1234 4858 1372 4939 661666-
1429 4858 1492 4943 16),
1515 4879 1583 4922 666
1605 4878 1676 4922 esse
1698 4857 1853 4935 volentis,
1884 4878 1991 4940 neque
2018 4860 2192 4936 currentis,
2211 4858 2282 4924 ⁴sed
2301 4858 2405 4925 mise·

397 4952 459 5013 que
479 4940 530 4996 est
551 4943 689 5016 scriptor
715 4938 772 5004 ills
799 4940 921 5022 operis,
951 4939 991 5006 ds
1018 4943 1187 5007 vocatione
1214 4943 1372 5026 gentium,
1425 4944 1528 5008 rantis
1548 4942 1626 5021 Dei;
1652 4964 1719 5007 non
1746 4941 1866 5007 desinit
1893 4949 2004 5007 tamen
2031 4956 2144 5027 postca
2171 4954 2206 5016 61
2225 4944 2405 5011 monere

396 5017 453 5116 qui
471 5018 531 5082 sub
551 5018 717 5086 Ambrosii
746 5027 879 5091 nomino
900 5026 1144 5104 circumfertur,
1173 5026 1250 5093 dum
1273 5029 1373 5094 ratio-
1426 5037 1460 5093 et
1488 5029 1613 5094 hortari
1641 5037 1674 5092 et
1700 5029 1873 5111 corripere.
1918 5027 1988 5094 Cur
2019 5052 2086 5095 non
2114 5053 2192 5115 ergo
2219 5031 2405 5097 Dominum

396 5109 535 5202 1111111111,
547 5101 574 5203 J)
604 5106 767 5204 nominem
794 5133 941 5195 unquam
969 5134 990 5178 a
1012 5112 1078 5178 fide
1099 5112 1201 5179 fuisse
1227 5135 1373 5179 recessu-
1425 5113 1650 5196 interpellant,
1674 5136 1717 5179 66
1736 5113 1785 5178 116
1805 5113 1899 5179 16161
1918 5136 2068 5198 operam,
2091 5117 2132 5182 ab
2151 5116 2341 5183 hominibus
2360 5136 2404 5182 aa

396 5209 471 5253 rum
493 5210 557 5254 661
578 5191 803 5260 mutabilitatis
824 5197 1043 5264 conditionem
1064 5199 1129 5264 Dei
1150 5200 1258 5283 gratia
1278 5199 1374 5265 nobis
1426 5198 1586 5284 exigendo
1607 5220 1690 5282 quae
1710 5199 1798 5265 solus
1819 5200 1891 5284 ipse
1912 5200 1991 5266 dare
2012 5211 2128 5284 potest,
2150 5222 2187 5267 ea
2210 5201 2404 5286 castigando

1426 5306 1508 5370 quas
1530 5285 1655 5368 gratiae
1677 5285 1747 5351 eius
1769 5285 1897 5353 defectu
1914 5287 2153 5353 admittrmtur?
2175 5287 2319 5352 Paulum
2340 5293 2404 5355 661·

467 5427 496 5508 6
514 5429 547 5482 n
564 5428 637 5482 616.
657 5427 698 5482 (ο.
722 5429 806 5484 cerm.
826 5432 849 5485 1.
935 5434 966 5504 a)
984 5438 1018 5490 n
1038 5437 1111 5492 rac.
1137 5435 1179 5493 a1.
1200 5439 1286 5493 serm.
1304 5438 1329 5506 6,
1349 5438 1373 5493 a.
1426 5394 1493 5520 ¹¹⁰,ss
1513 5370 1689 5520 adlinoneqt
1715 5380 1756 5435 ιη
1776 5374 1973 5473 paroeciis,
1994 5373 2315 5524 q⁰⁰¹⁰¹¹lel¹b¹¹3²¹¹¹l
2331 5393 2404 5510 ηοξ
2431 5467 2435 5477 »

395 5492 427 5562 6)
445 5496 532 5565 Epist.
550 5495 585 5551 aa
602 5495 688 5566 uec).
759 5498 789 5566 4)
807 5501 847 5554 aa
865 5505 939 5556 vera.
958 5505 1057 5575 apoc.
1080 5507 1165 5561 serm.
1184 5507 1316 5573 11666,
1335 5507 1373 5563 a.
1426 5480 1461 5523 ³⁸
1502 5479 1543 5557 Y⁰
1568 5479 1587 5521 θ
1614 5478 1656 5522 ³¹¹
1696 5479 1844 5558 “m'’
1876 5482 1940 5525 ”¹⁸¹
1970 5481 2116 5558 precem
2203 5480 2239 5558 ,θ’
2271 5480 2386 5524 m¹⁸⁰¹¹

395 5560 530 5700 66
544 5566 946 5703 666
965 5575 1279 5711 .<
1297 5575 1373 5632 61
1426 5542 1551 5713 atah
1568 5563 1763 5696 1666
1771 5542 2404 5714 .6“.61611.1616.6
