5600 6809
393 777 456 839 826
683 771 774 837 LIB.
796 771 856 836 IV.
900 770 965 836 DE
986 767 1223 837 EXTERNIS
1246 767 1415 835 MEDIIS
1439 768 1503 833 AD
1526 766 1758 835 sehusun
1803 768 1902 834 GAP.
1925 768 1986 834 vl.
2019 769 2099 834 VII.
2351 775 2414 837 826

396 970 492 1028 taxat
516 960 653 1044 periculi
678 961 804 1025 intuitu
831 959 913 1024 fieri.
963 958 1115 1024 Primum
1136 959 1238 1040 igitur
1266 957 1377 1023 locum
1430 956 1586 1023 ecelesiae
1608 957 1783 1023 vendicas?
1812 958 1999 1041 ubicunque
2020 960 2120 1024 fuerit
2141 960 2321 1042 episcopus,
2345 961 2415 1028 sive

397 1048 498 1113 habet
524 1048 559 1111 in
587 1045 837 1112 chalcedonensi
864 1045 1001 1110 concilio
1033 1044 1181 1127 pontifex
1209 1064 1375 1122 romanus,
1429 1042 1567 1121 Romae,
1585 1044 1655 1108 sive
1672 1043 1828 1126 Eugabii,
1847 1044 1911 1109 sivi
1927 1044 2221 1128 Constantinopoli,
2241 1047 2414 1111 siveRhe-

396 1155 464 1198 non
485 1133 572 1216 quod
595 1131 663 1196 sedi
681 1132 744 1197 hoo
762 1130 928 1209 debeatur,
947 1130 1004 1195 sed
1022 1130 1100 1212 quia
1118 1128 1265 1213 synodus
1283 1129 1378 1212 gravi
1430 1129 1492 1212 gii,
1523 1128 1672 1194 eiusdem
1700 1129 1812 1193 meriti
1838 1138 1889 1195 est
1910 1139 1944 1194 et
1964 1130 2111 1196 eiusdem
2141 1131 2329 1196 sacerdotii:
2357 1154 2414 1214 po-

398 1227 432 1284 et
458 1224 534 1302 apte
563 1216 768 1282 moderatore
790 1216 995 1293 destituitur,
1019 1215 1099 1280 dum
1126 1216 1150 1279 ii
1177 1235 1259 1297 quos
1282 1236 1377 1296 prae-
1431 1214 1537 1279 tentia
1561 1214 1751 1279 divit-iarum
1777 1223 1811 1279 et
1837 1218 2041 1297 paupertatis
2069 1216 2241 1282 humilitas
2268 1219 2414 1299 superio-

398 1324 468 1370 esse
497 1303 663 1381 decuerat,
692 1324 753 1385 per
778 1322 872 1367 suam
898 1302 1126 1384 intemperiem
1148 1309 1182 1364 et
1209 1300 1378 1366 libidinem
1430 1321 1501 1365 rem
1523 1300 1577 1366 vel
1600 1301 1787 1365 inferiorem
1809 1303 1996 1386 episcopum
2018 1322 2086 1366 non
2108 1303 2195 1368 facit

397 1411 469 1455 sese
490 1389 560 1454 loco
579 1389 766 1454 excludunt
810 1389 921 1470 Atque
948 1386 983 1451 id
1005 1386 1091 1468 quod
1120 1385 1191 1451 dico
1213 1407 1379 1451 successor
1517 1392 1546 1450 4.
1592 1386 1644 1450 Ι)θ
1665 1386 1762 1451 titulo
1794 1387 1990 1453 universalis
2017 1388 2159 1471 episcopi
2181 1387 2334 1471 Gregorii
2356 1389 2413 1453 de·

397 1475 521 1541 Leonis
548 1497 584 1539 re
617 1475 690 1558 ipsa
722 1474 956 1555 comprobavit
1009 1469 1181 1554 Siquidem
1208 1493 1310 1554 quum
1337 1471 1379 1535 ad
1430 1493 1522 1535 mum
1552 1481 1697 1554 tempore
1726 1480 1840 1538 exorta
1861 1482 1912 1537 θεῖ
1932 1473 2109 1552 contentio;
2132 1473 2185 1538 cui
2208 1474 2412 1540 occasionem

398 1562 549 1645 quintam
571 1559 734 1644 synodum
757 1557 1150 1640 constantinopolitanam,
1176 1579 1260 1639 quae
1281 1557 1379 1640 longo
1432 1557 1584 1641 praebuit
1611 1557 1747 1621 ambitio
1775 1557 1908 1623 Ioannis
1935 1558 2299 1643 Constantinopolitani.
2351 1560 2414 1625 Ille

399 1655 475 1730 post
496 1655 643 1728 tempore
665 1652 716 1710 est
737 1644 862 1722 habita,
890 1644 1015 1728 legatos
1037 1645 1289 1721 summitteret,
1313 1664 1380 1707 non
1433 1644 1522 1707 enim
1556 1642 1658 1725 (quod
1691 1664 1788 1707 nemo
1815 1664 1960 1726 unquam
1990 1645 2074 1710 alius
2106 1645 2309 1729 tentaverat)
2342 1667 2414 1711 sese

399 1733 527 1799 rixatus
553 1741 604 1796 est
631 1730 671 1796 de
701 1731 810 1813 prima
841 1730 934 1808 sedo,
968 1728 1026 1795 sed
1053 1730 1213 1794 Mennam
1239 1729 1380 1811 patriar-
1433 1729 1563 1794 volebat
1583 1729 1691 1794 facere
1714 1729 1944 1795 universalem.
1990 1730 2031 1794 In
2053 1750 2093 1795 ea
2114 1731 2324 1796 contentione
2346 1753 2413 1796 non

400 1819 498 1882 oham
519 1815 909 1898 constantinopolitanum
934 1814 1120 1898 praesidere
1147 1814 1242 1878 facile
1264 1836 1381 1896 passus
1433 1822 1591 1880 causatur
1613 1813 1796 1897 Gregorius
1818 1816 1880 1880 sibi
1908 1816 1959 1881 ius
1981 1815 2081 1880 adimi
2104 1816 2190 1898 quod
2212 1818 2247 1880 in
2269 1839 2304 1882 se
2326 1837 2414 1881 com·

400 1912 459 1968 θεῖ
500 1903 554 1972 Ita
573 1903 609 1966 in
631 1902 768 1968 concilio
789 1902 1042 1986 carthaginensi,
1066 1902 1121 1966 cui
1143 1900 1294 1964 interfuit
1309 1901 1380 1964 Au·
1432 1908 1575 1982 peteret3
1612 1899 1668 1964 sed
1703 1900 1832 1965 fortiter
1857 1901 2028 1979 reclamat,
2062 1902 2315 1984 appellationem
2343 1923 2414 1968 esse

400 1989 568 2072 gnstinus,
599 1986 750 2053 videmus
778 2008 845 2052 non
873 1987 998 2070 legatos
1018 2007 1176 2051 romanae
1198 1984 1299 2065 sedis,
1323 1985 1381 2050 sed
1433 1987 1614 2069 profanam,
1636 1987 1702 2050 imo
1726 1986 1927 2069 sacrilegam,
1950 1988 2016 2051 imo
2038 1988 2227 2055 antichristi
2247 2007 2413 2069 praenun-

399 2073 574 2139 Aurelium
601 2073 663 2138 loci
685 2073 964 2155 archiepiscopum
985 2072 1182 2154 praefuisse,
1204 2093 1306 2153 quum
1329 2080 1380 2136 ta·
1433 2073 1522 2136 tiam.
1574 2070 1709 2135 Oorruit
1737 2072 1894 2137 universa
1921 2072 2057 2138 ecelesia
2086 2094 2107 2137 a
2139 2081 2228 2137 statu
2257 2094 2333 2148 suo,
2362 2075 2413 2137 in·

399 2181 476 2224 men
497 2159 539 2224 lis
562 2168 648 2224 esset
668 2158 710 2223 de
732 2160 860 2223 romani
885 2158 1050 2240 pontificis
1071 2158 1253 2221 autoritate.
1288 2155 1381 2237 Quin
1434 2157 1517 2240 quit,
1533 2157 1558 2240 ¹)
1584 2158 1612 2221 si
1635 2164 1663 2221 is
1684 2158 1742 2238 qui
1764 2157 1961 2222 universalis
1983 2158 2103 2222 dicitur
2124 2157 2219 2223 cadit
2264 2158 2369 2222 Alibi:
2384 2159 2413 2243 Ω)

400 2245 499 2311 etiam
523 2245 672 2309 habitum
693 2245 728 2308 in
754 2245 826 2327 ipsa
846 2244 945 2309 Italia
970 2243 1033 2307 fuit
1054 2243 1225 2308 concilium
1248 2243 1380 2308 univor-
1433 2244 1528 2308 triste
1549 2240 1644 2308 valde
1671 2251 1721 2307 est
1740 2244 1904 2326 patienter
1924 2245 2028 2320 ferre,
2051 2252 2089 2307 ut
2110 2243 2260 2308 omnibus
2281 2243 2414 2327 despec-

400 2331 478 2409 sale,
493 2331 518 2414 ¹)
546 2331 599 2396 eui
628 2350 784 2394 romanus
806 2331 977 2414 episcopus
998 2350 1064 2393 non
1085 2329 1244 2393 interfuit
1278 2329 1381 2393 Prae·
1433 2328 1476 2393 tis
1508 2329 1611 2392 frater
1643 2336 1676 2392 et
1714 2330 1922 2412 eoepiscopus
1954 2339 2066 2394 noster
2104 2330 2192 2394 solus
2224 2331 2414 2394 nominetur

400 2424 472 2481 erat
499 2414 709 2493 Ambrosius,
736 2416 791 2497 qui
818 2421 897 2481 trino
923 2416 1047 2498 insigni
1075 2414 1251 2479 autoritate
1279 2413 1381 2495 polle-
1434 2415 1617 2497 opiscopus:
1642 2413 1757 2478 sedin
1780 2414 1842 2479 hae
1864 2415 1934 2480 eius
1956 2415 2117 2497 superbia,
2140 2415 2218 2498 quid
2240 2414 2328 2478 aliud
2350 2417 2414 2481 nisi

401 2501 458 2567 bat
484 2500 573 2583 apud
603 2499 787 2566 Gaesarem.
838 2501 940 2566 Nulla
965 2500 1033 2565 illio
1061 2500 1224 2604 pontificis
1253 2500 1381 2564 romani
1433 2499 1619 2582 propinqua
1639 2501 1707 2563 iam
1728 2521 1799 2564 esso
1821 2501 2006 2565 antichristi
2029 2509 2177 2584 tempora
2198 2500 2412 2583 designatum?

400 2588 440 2652 fit
465 2587 597 2651 mentio.
648 2588 738 2669 Ergo
772 2595 852 2652 tuno
878 2585 1046 2651 Ambrosii
1072 2585 1233 2669 dignitate
1258 2586 1382 2650 factum
1434 2586 1511 2666 quia
1536 2583 1632 2648 illum
1653 2582 1805 2650 videlicet
1832 2586 1982 2651 imitatur
2003 2588 2059 2668 qui
2091 2596 2201 2669 spreta
2223 2586 2415 2669 angelorum

402 2679 453 2738 est
483 2681 521 2737 ut
551 2671 713 2736 illustrior
745 2680 831 2736 esset
869 2670 1123 2736 mediolanensis
1157 2670 1251 2737 sedes
1283 2690 1381 2752 quam
1435 2670 1598 2745 societate,
1622 2668 1797 2734 ascendere
1819 2681 1955 2737 conatus
1977 2681 2028 2738 est
2049 2673 2179 2738 culmen
2202 2671 2414 2755 singularita-

401 2778 546 2822 romana
1434 2755 1487 2819 tis.
1532 2754 1621 2820 Alibi
1636 2755 1813 2840 Euloliot)
1841 2757 2069 2823 Alexandrino
2090 2767 2124 2824 et
2144 2759 2321 2824 Anastasio
2342 2759 2413 2822 An·

489 2847 517 2906 3.
568 2841 742 2923 Quantum
768 2841 946 2924 adipsum
973 2842 1106 2906 titulum
1138 2844 1315 2924 primatus,
1348 2848 1382 2905 et
1432 2841 1597 2906 tiocheno:
1612 2840 1642 2923 ⁴)
1664 2840 1774 2905 nullus
1795 2862 1942 2923 unquam
1961 2842 2169 2908 decessorum
2186 2864 2335 2908 meorum
2352 2843 2414 2909 hoe

402 2929 484 2994 alios
513 2928 684 3010 superbiae
712 2927 841 3006 titulos,
869 2926 989 3009 quibus
1015 2949 1103 2993 nuno
1131 2928 1325 2993 mirabiliter
1347 2948 1382 2991 se
1434 2926 1571 3009 profano
1593 2926 1750 2992 vocabulo
1773 2927 1824 2991 uti
1854 2928 1972 3007 voluit;
2001 2929 2079 3010 quie
2100 2928 2255 2994 videlicet
2276 2930 2305 2994 si
2327 2950 2414 2993 unus

370 3057 376 3069 ·
402 3018 516 3092 iactat,
547 3036 613 3079 non
635 3025 686 3079 est
713 3011 844 3079 difficile
871 3011 1016 3078 iudicare
1037 3013 1167 3095 quando
1189 3022 1223 3076 et
1243 3013 1383 3095 qualiter
1434 3012 1624 3094 patriarcha
1643 3011 1839 3077 universalis
1860 3012 1988 3091 dieitur,
2009 3013 2271 3095 patriarcharum
2292 3035 2413 3079 nomen

402 3099 613 3182 obrepserint
664 3099 853 3183 Cyprianus
877 3119 974 3180 saepe
1007 3100 1158 3162 meminit
1189 3098 1382 3182 Comelii.²)
1435 3098 1573 3163 caeteris
1611 3097 1796 3181 derogatur.
1853 3095 1920 3164 Sed
1959 3100 2045 3163 absit
2084 3100 2146 3164 hoc
2180 3120 2200 3163 a
2234 3098 2416 3164 christiana

403 3186 477 3251 Non
505 3186 568 3249 elio
594 3186 727 3250 nomine
754 3185 863 3268 ipsum
890 3184 1030 3335 insignit
1051 3205 1149 3266 quam
1171 3185 1295 3262 fratris,
1325 3193 1383 3248 aut
1434 3192 1577 3274 mente,¹
1591 3183 1626 3247 id
1648 3183 1710 3249 sibi
1731 3183 1817 3249 velle
1838 3185 2024 3265 quempiam
2046 3204 2214 3267 arrogare,
2238 3181 2327 3247 unde
2348 3184 2437 3262 fra·¹

403 3272 592 3353 coepiscopi,
616 3280 675 3335 aut
697 3269 847 3353 collegae.
876 3269 931 3334 Ad
980 3269 1164 3352 tephanum
1181 3289 1383 3352 veroquam
1435 3276 1525 3334 mum
1547 3270 1859 3335 suorumhonorem
1880 3276 1922 3335 ex
1939 3270 2226 3353 quantulacunque
2242 3278 2336 3350 parte
2352 3270 2415 3332 im·

404 3357 524 3434 scribit,
549 3355 693 3421 Cornelii
717 3376 945 3434 successorem,
967 3376 1034 3420 non
1056 3354 1242 3421 modoeum
1266 3355 1384 3428 sibiet
1435 3355 1576 3434 minuat;
1603 3355 1639 3420 in
1665 3356 1728 3420 isto
1755 3354 1891 3420 scelesto
1920 3355 2078 3422 vocabulo
2107 3357 2302 3431 consentire,
2331 3353 2415 3419 nihil

403 3442 539 3525 reliquis
560 3441 729 3524 aequalem
750 3442 837 3515 facit,
861 3441 919 3506 sed
940 3440 1054 3506 durim
1076 3442 1177 3507 etiam
1199 3441 1381 3524 compellat,
1436 3440 1524 3505 aliud
1546 3462 1645 3523 quam
1670 3440 1770 3505 fidem
1790 3440 1927 3524 perdere
1952 3451 2010 3506 est.
2054 3441 2157 3506 Aliud
2177 3447 2236 3519 est,
2259 3440 2376 3522 inquit,
2384 3442 2414 3524 6)

399 3549 493 3593 nune
511 3527 743 3611 arrogantiam,
762 3548 851 3592 nunc
868 3526 1033 3592 inscitiam
1051 3528 1081 3590 ei
1099 3528 1263 3593 abiiciens.
1300 3527 1383 3592 Post
1435 3525 1522 3608 quod
1549 3525 1792 3592 conservandae
1823 3527 1944 3592 unitati
1969 3527 2061 3605 fidei,
2090 3526 2181 3592 aliud
2208 3525 2296 3609 quod
2317 3525 2414 3591 debe-

403 3613 608 3698 prrianum
636 3611 794 3677 habemus
826 3612 907 3695 quid
934 3612 975 3677 de
1004 3632 1043 3676 ea
1070 3634 1105 3677 re
1128 3613 1292 3678 censuerit
1313 3619 1384 3677 tota
1436 3633 1510 3677 mus
1520 3610 1783 3696 comprimendae
1800 3612 1933 3678 elationi
1940 3637 1948 3692 ;
1966 3633 2027 3696 ego
2045 3621 2158 3677 autem
2175 3611 2315 3678 fidenter
2332 3611 2413 3689 dico,

403 3699 542 3764 ecclesia
570 3699 723 3764 africana.
767 3698 886 3763 Vetuit
913 3700 1000 3763 enim
1022 3698 1198 3763 concilium
1219 3699 1383 3782 carthagi·
1435 3699 1513 3780 quia
1532 3698 1678 3781 quisquis
1700 3720 1735 3763 se
1757 3698 1976 3765 universalem
2001 3698 2206 3764 sacerdotem
2227 3705 2337 3776 vocat,
2360 3697 2415 3764 vel

405 3804 507 3849 nense
515 3786 545 3870 ⁸)
567 3805 609 3849 ne
631 3784 706 3867 quis
727 3784 879 3867 princeps
901 3782 1109 3849 sacerdotum
1130 3790 1304 3851 vocaretur
1325 3792 1384 3849 aut
1435 3785 1547 3850 vocari
1568 3783 1741 3861 desiderat,
1764 3784 1800 3848 in
1821 3783 1961 3849 elatione
1982 3805 2043 3849 sua
2064 3783 2296 3850 antichristum
2318 3803 2414 3864 prae-

403 3871 531 3953 primus
553 3871 736 3953 episcopus,
767 3869 824 3936 sed
845 3876 974 3934 tantum
1003 3870 1129 3950 primae
1151 3869 1237 3936 sedis
1260 3870 1382 3953 episco-
1435 3870 1547 3948 currit,
1559 3871 1636 3951 quia
1649 3867 1865 3951 superbiendo
1883 3871 2066 3935 secaeteris
2076 3869 2257 3953 praeponit
2279 3868 2376 3947 Item,
2385 3867 2414 3952 θ)

404 3977 474 4038 pus.
521 3953 672 4036 Quodsi
699 3957 878 4021 vetustiora
902 3966 1118 4020 monumenta
1143 3957 1216 4038 quis
1243 3956 1381 4034 evolvat,
1435 3976 1567 4020 rursum
1579 3955 1756 4020 Anastasio
1765 3954 2008 4020 Alexandrino:
2027 3955 2098 4019 diri
2113 3975 2226 4038 pacem
2244 3952 2415 4020 nobiseum

404 4042 547 4123 reperiet
580 4041 748 4106 communi
785 4040 897 4106 fratris
931 4040 1148 4122 appellatione
1190 4049 1383 4107 contentum
1435 4041 1556 4104 habere
1577 4061 1644 4104 non
1664 4060 1768 4122 posse,
1791 4040 1855 4105 nisi
1876 4040 2051 4105 elationem
2068 4040 2286 4122 superstitiosi
2303 4060 2341 4105 ae
2359 4060 2414 4104 su·

397 4136 486 4193 -tune
513 4127 614 4192 fnisse
646 4146 819 4190 romanum
851 4127 1047 4208 episcopum
1099 4126 1197 4192 Oerte
1226 4126 1380 4209 quamdiu
1434 4124 1527 4207 perbi
1548 4125 1697 4191 vocabuli
1718 4126 1904 4210 corrigeret,
1926 4146 2026 4209 quam
2047 4126 2175 4209 primns
2196 4132 2345 4207 apostata
2361 4125 2413 4187 in-

405 4212 538 4278 duravit
565 4211 720 4293 eeclesiae
747 4232 827 4277 vera
858 4220 892 4276 ot
921 4233 1005 4293 pura
1031 4213 1147 4291 facies,
1180 4213 1245 4278 ista
1272 4213 1383 4277 omnia
1434 4211 1541 4275 venit:
1563 4218 1660 4293 atque
1681 4211 1734 4295 (ut
1755 4211 1795 4277 de
1812 4211 1948 4278 honoris
1965 4211 2068 4278 vestm
2084 4212 2206 4277 iniuria
2221 4207 2362 4291 mosam)
2384 4208 2413 4273 si

406 4298 576 4382 superbiae
603 4297 752 4375 nomina,
780 4296 898 4379 quihus
923 4296 1117 4363 insolescere
1143 4306 1256 4381 postea
1276 4298 1383 4379 eoepit
1435 4317 1522 4361 unus
1544 4297 1715 4381 episcopus
1736 4304 1873 4363 vocatur
1893 4298 2102 4377 universalis,
2134 4297 2290 4369 universa
2309 4291 2412 4358 ecole-

405 4404 543 4450 romana
568 4381 675 4461 sedes,
704 4403 838 4465 prorsus
866 4390 962 4448 erant
990 4383 1151 4448 inaudita:
1186 4383 1264 4466 quid
1296 4390 1383 4448 esset
1435 4384 1484 4446 sia
1511 4382 1634 4448 corruit
1661 4384 1717 4449 ubi
1745 4383 1802 4446 ille
1830 4383 2005 4450 universus
2032 4383 2128 4448 cadit.
2173 4378 2271 4459 Quod
2300 4385 2414 4443 autem

402 4491 551 4534 summus
572 4469 733 4552 pontifex,
762 4479 795 4532 et
816 4469 950 4534 unicum
972 4467 1126 4534 melesius
1153 4471 1188 4533 in
1211 4473 1307 4535 terris
1329 4489 1382 4534 oa
1435 4467 1557 4547 scribit,
1580 4468 1726 4533 oblatum
1748 4469 1849 4534 fuisse
1860 4469 1965 4534 Leoni
1989 4469 2078 4533 hune
2101 4467 2258 4532 honorem
2276 4464 2312 4527 in
2333 4485 2413 4548 syn·

401 4562 477 4635 put,
505 4554 721 4620 nesciebatur.
771 4553 868 4635 Quod
896 4556 924 4619 si
957 4554 1022 4620 tale
1050 4554 1128 4637 quid
1161 4575 1292 4621 sumere
1319 4554 1383 4620 sibi
1436 4553 1498 4618 odo
1521 4553 1785 4632 chalcedonensi,
1809 4554 1936 4621 nullam
1953 4554 2054 4618 habet
2071 4553 2141 4617 veri
2158 4550 2308 4633 speciem.
2342 4548 2412 4614 Nec

403 4659 504 4704 ausus
525 4641 641 4704 fuisset
662 4662 818 4706 romanus
847 4642 1032 4723 episcopus,
1056 4649 1151 4706 erant
1172 4640 1297 4707 cordati
1318 4641 1382 4706 viri
1435 4640 1525 4704 enim
1556 4639 1623 4705 tale
1650 4640 1817 4724 quidpiam
1844 4641 1881 4704 in
1909 4639 1989 4705 actis
2017 4637 2106 4702 illius
2135 4634 2252 4719 synodi
2279 4635 2411 4716 legitur.

403 4725 459 4806 qui
480 4744 559 4787 mox
581 4726 650 4789 eius
672 4727 847 4791 stultitiam
876 4728 1100 4809 reprimerent
1145 4727 1380 4810 Hieronymus,
1434 4724 1481 4789 Et
1502 4726 1572 4792 Leo
1603 4717 1687 4808 i'pse,
1709 4728 1766 4809 qui
1792 4725 1906 4790 multis
1933 4723 2077 4805 epistolis
2100 4721 2266 4786 decretum
2287 4718 2354 4784 illic
2375 4720 2412 4784 in

402 4830 504 4891 quum
532 4829 686 4874 romanus
714 4821 800 4878 esset
826 4814 1015 4897 presbyter,
1044 4833 1111 4877 non
1132 4813 1298 4897 malignus
1319 4811 1382 4877 fuit
1435 4810 1593 4876 honorem
1621 4811 1990 4894 constantinopolitanae
2017 4806 2103 4872 sedis
2129 4808 2253 4872 factum
2279 4805 2410 4889 impug-

402 4896 439 4959 in
460 4893 679 4978 praedicanda
696 4898 850 4963 ecclesiae
867 4920 946 4964 suae
964 4896 1130 4982 dignitate,
1152 4907 1310 4981 quantine
1329 4919 1381 4963 res
1434 4904 1501 4973 nat,
1526 4918 1593 4962 non
1614 4899 1823 4980 praeterisset
1843 4894 1955 4991 procul
1977 4891 2074 4957 dubio
2096 4892 2158 4957 hoc
2179 4899 2410 4975 argumentum
2528 4915 2532 4928 ·

403 4989 437 5045 et
468 4989 655 5062 temporum
686 4990 791 5046 status
824 4985 1046 5066 patiebantur;
1089 4984 1238 5050 videmus
1271 4992 1381 5048 amen
1434 4982 1522 5064 quod
1553 4990 1626 5048 erat
1657 4984 1804 5048 omnium
1830 4999 1974 5043 maxime
2007 4977 2194 5060 plausibile,
2233 4978 2262 5043 si
2293 4997 2411 5044 verum

402 5065 543 5148 qualiter
570 5066 676 5146 ipsam
697 5086 823 5147 quoque
844 5069 879 5131 in
907 5070 1055 5134 ordinem
1081 5070 1218 5154 redigat.
1263 5067 1302 5136 Si
1323 5090 1381 5135 eu·
1433 5068 1549 5134 fuisset
1568 5070 1676 5151 ipsum
1693 5066 1882 5149 repudiasse
1903 5063 1989 5145 quod
2006 5063 2068 5129 sibi
2085 5063 2237 5159 dabatur;
2260 5072 2293 5128 et
2310 5061 2410 5129 homo

403 5152 519 5216 toritas
552 5149 736 5232 quaeritur,
767 5151 930 5235 inquit,⁴)
962 5155 1050 5219 orbis
1076 5157 1181 5220 maior
1208 5163 1258 5220 est
1290 5157 1379 5220 urbe.
1433 5154 1553 5237 alioqui
1573 5154 1705 5219 honoris
1726 5153 1800 5234 plus
1819 5149 1899 5216 satis
1920 5149 2060 5231 cupidus
2080 5171 2147 5216 non
2167 5149 2307 5216 libenter
2328 5148 2410 5213 omi·

403 5236 495 5337 Quid
514 5236 597 5301 mihi
618 5235 744 5318 profers
766 5235 864 5299 unius
881 5237 971 5302 mbis
988 5240 1279 5337 consuetudinem?
1303 5239 1382 5324 quid
1434 5313 1469 5320 —

396 5331 616 5407 pascuam,
640 5318 680 5386 de
700 5341 766 5403 qua
786 5328 895 5386 ortum
917 5330 967 5386 θεῖ
988 5324 1212 5405 saporosum,
1233 5347 1270 5389 m
1291 5325 1380 5408 ¹⁰⁸oe
1503 5412 1532 5477 1)
1549 5411 1623 5463 nter.
1642 5378 1766 5477 sepse.
1786 5406 1827 5461 rc.
1897 5406 1927 5475 a)
1944 5407 2032 5476 Epist.
2051 5404 2092 5459 ra
2111 5404 2230 5459 ensem
2247 5403 2309 5456 sor.

281 5510 291 5538 t
404 5500 608 5508 ”-“-“
1439 5479 1507 5532 Vs'dc
1533 5478 1607 5533 Tem.
1629 5477 1654 5531 1.
1676 5493 1703 5544 p.
1722 5475 1781 5530 609.
1808 5477 1962 5531 Leoboaem
1983 5476 2055 5528 Itnlo
2070 5475 2100 5556 ..⁰
2127 5475 2220 5554 prona
2242 5401 2409 5591 sabota}

473 5615 503 5680 1)
523 5614 699 5684 Aquileiense
717 5613 866 5667 concilium.
942 5610 973 5680 2)
996 5613 1071 5692 libr.
1089 5611 1113 5664 2.
1133 5558 1211 5681 epist.
1229 5609 1301 5691 ²2⁰⁸
1318 5612 1379 5666 libr.
1431 5546 1773 5682 bisilpiietquguiiriindffi
1790 5551 1958 5684 ῗίῗῖῗᾘξῖ.
1977 5543 2037 5667 13.
2055 5541 2171 5664 liiii-dim
2188 5541 2285 5676 hbrd?
2304 5544 2365 5662 ¹¹⁸libr.
2383 5606 2409 5663 6.

405 5682 428 5734 4.
449 5685 525 5752 epist.
543 5683 567 5737 6.
655 5680 686 5750 3)
704 5681 768 5736 Oan.
787 5680 829 5735 4⁷.
916 5680 948 5750 4)
965 5682 1096 5751 ineprst.
1114 5682 1149 5734 ad
1165 5680 1321 5750 Evsgnum.
1432 5683 1511 5750 epist.
1530 5681 1588 5738 188.
2046 5693 2048 5699 '
