5600 6809
396 734 457 804 ’1,65
769 728 859 793 LIB.
882 728 943 793 IV.
988 727 1052 792 Du
1074 726 1312 793 EX'PERNIS
1335 726 1502 793 MEDIIS
1525 727 1589 792 AD
1613 725 1844 794 SALUTEM.
1889 726 1989 794 CAP.
2012 730 2039 793 I.
2340 734 2402 796 766

395 919 482 982 inter
503 919 613 982 Deum
636 925 669 980 et
691 917 860 981 ecclesiam
883 923 1027 980 vocatur.
1073 917 1120 979 At
1147 916 1209 981 hoc
1231 914 1297 980 Dei
1317 917 1375 980 bo·
1430 915 1564 980 vissima
1595 922 1730 999 peccata
1762 925 1978 997 occuparunt,
2013 940 2033 981 a
2064 920 2181 999 quibus
2210 928 2320 984 tamen
2350 943 2405 987 eas

395 1005 499 1068 nitate
522 1011 703 1085 superatur.
737 1000 821 1082 Quis
843 1010 893 1066 est
913 1003 974 1078 vir,
997 1002 1103 1082 inquit
1125 1023 1183 1083 per
1201 1001 1376 1065 Ieremiam
1428 1001 1556 1065 Paulus
1588 1001 1766 1066 clementer
1799 1002 1908 1083 potius
1941 1005 2115 1068 extricavit
2154 1026 2251 1086 quam
2292 1027 2405 1072 aarum

396 1089 442 1173 (3,
470 1095 480 1151 l
509 1100 541 1152 et
568 1089 635 1172 12),
665 1089 758 1152 cuius
786 1089 813 1151 si
841 1108 924 1151 uxor
952 1108 1069 1168 corpus
1097 1107 1195 1151 suum
1217 1086 1375 1152 adulteris
1429 1087 1537 1169 capita
1555 1085 1749 1152 devoveret?
1780 1087 1976 1152 Galatarum
1998 1087 2134 1154 defectio
2156 1113 2220 1155 non
2242 1092 2405 1158 mediocre

396 1176 614 1257 prostituerit,
648 1195 723 1238 cum
754 1193 792 1237 ea
824 1171 931 1237 redire
960 1173 994 1237 in
1024 1174 1165 1255 gratiam
1193 1172 1374 1237 sustineat?
1430 1181 1502 1236 crat
1524 1170 1693 1250 delictum;
1722 1172 1888 1237 Corinthii
1910 1195 1946 1238 eo
1969 1176 2078 1239 minus
2101 1175 2166 1239 illis
2190 1188 2285 1241 erant
2306 1200 2405 1243 excu-

399 1261 466 1324 tuis
485 1269 595 1324 autem
617 1259 871 1324 scortationibus
893 1279 1005 1323 omnes
1028 1258 1101 1322 viae
1123 1257 1265 1339 pollutae
1288 1265 1374 1336 sunt,
1430 1257 1557 1334 sabiles,
1575 1258 1661 1340 quod
1676 1257 1826 1341 pluribus
1842 1279 1947 1341 neque
1964 1259 2138 1326 levioribus
2152 1264 2286 1345 flagitiis
2301 1265 2405 1329 abun-

396 1344 489 1422 Iuda,
514 1345 639 1428 repleta
655 1346 719 1409 fuit
741 1355 831 1409 terra
851 1344 954 1409 foedis
978 1344 1142 1408 amoribus
1163 1345 1242 1408 tuis:
1266 1365 1376 1408 rever·
1430 1343 1565 1408 dabant:
1589 1345 1699 1407 neutri
1722 1351 1834 1407 tamen
1856 1365 1876 1406 a
1897 1345 2120 1411 misericordia
2136 1348 2271 1413 Domini
2294 1350 2405 1415 exclu-

398 1438 468 1495 tere
495 1443 606 1495 tamen
634 1429 765 1508 adme,
795 1440 829 1494 et
851 1451 911 1514 ego
934 1439 967 1494 te
989 1430 1180 1511 suscipiam;
1211 1439 1376 1494 revertere
1430 1428 1561 1493 duntur.
1607 1429 1679 1492 Imo
1708 1429 1756 1492 illi
1784 1430 1847 1512 ipsi
1880 1432 1935 1512 qui
1962 1454 2047 1580 prae
2081 1432 2153 1497 aliis
2186 1434 2404 1512 immunditia,

398 1518 597 1595 aversatrix,
625 1537 691 1580 non
718 1523 865 1580 avertam
895 1537 914 1578 a
941 1523 974 1580 ta
1003 1516 1120 1580 faciem
1148 1536 1270 1593 meam,
1301 1516 1376 1597 quia
1429 1515 1640 1579 fornicatione
1670 1523 1703 1579 et
1729 1515 1933 1597 impudicitia
1985 1516 2182 1598 eliquerant‚
2213 1522 2405 1585 nominatim

398 1613 530 1667 sanctus
552 1624 634 1679 sum,
658 1608 692 1666 et
713 1623 779 1665 non
800 1602 923 1666 irascor
942 1602 976 1664 in
994 1610 1198 1683 perpetuum.
1233 1601 1279 1664 Et
1297 1621 1376 1664 saue
1429 1600 1612 1665 invitantur
1634 1600 1676 1664 ad
1697 1602 1931 1682 poenitentiam
1953 1604 1986 1685 (2
2011 1601 2085 1667 Cor.
2111 1608 2159 1681 12,
2183 1606 2248 1687 21).
2289 1607 2406 1670 Manet
2472 1649 2478 1657 -

397 1708 465 1752 non
487 1688 571 1752 alius
594 1709 663 1751 esse
682 1688 817 1752 affectus
837 1688 907 1751 cius
925 1694 1040 1769 potest,
1063 1688 1119 1768 qui
1137 1687 1280 1751 affirmat
1302 1687 1374 1769 (Er.
1429 1685 1518 1750 enim
1544 1694 1779 1767 aeternumque
1807 1688 1952 1752 manebit
1974 1689 2160 1754 inviolabile
2182 1701 2315 1773 pactum
2336 1691 2405 1756 Do·

401 1777 451 1850 18,
470 1777 510 1836 23
530 1782 563 1837 et
581 1773 637 1857 32)
660 1795 694 1837 se
712 1772 799 1836 nolle
818 1781 958 1836 mortem
981 1773 1169 1853 peccatoris,
1192 1770 1249 1837 scd
1272 1773 1377 1856 magis
1429 1772 1525 1848 mini,
1547 1770 1633 1853 quod
1655 1771 1833 1836 solenniter
1854 1792 1928 1836 cum
1951 1772 2098 1852 Christo,
2123 1797 2199 1840 vero
2222 1776 2404 1853 Solomone,
2443 1832 2445 1835 .

398 1867 438 1923 ut
459 1868 672 1924 convertatur
699 1866 732 1922 et
759 1859 859 1922 vivat.
904 1858 984 1923 Ideo
1006 1879 1107 1939 quum
1129 1857 1291 1940 templum
1314 1855 1377 1922 So·
1430 1858 1562 1939 eiusque
1592 1856 1747 1922 membris
1776 1859 1916 1922 sancivit
1943 1859 1995 1922 his
2024 1861 2133 1925 verbis
2163 1862 2264 1945 (Psal.
2289 1867 2339 1936 89,
2364 1867 2401 1924 31

400 1944 508 2009 lomon
532 1944 776 2025 dedicaret‚‚in
805 1944 892 2009 hunc
915 1964 1042 2025 quoque
1064 1965 1159 2009 usum
1183 1943 1375 2020 destinabat,
1430 1943 1548 2027 seqq.):
1580 1943 1608 2006 si
1630 1941 1863 2024 dereliquerint
1883 1945 1943 2007 filii
1966 1947 2035 2009 eius
2057 1946 2163 2029 legem
2186 1969 2292 2011 meam
2316 1951 2406 2012 etin

399 2040 437 2094 ut
454 2031 616 2095 orationes
633 2051 693 2112 pro
710 2028 917 2112 impetranda
933 2037 1141 2111 peccatorum
1159 2030 1256 2093 venia
1273 2030 1377 2093 factae
1429 2028 1557 2093 iudiciis
1590 2030 1671 2093 meis
1704 2051 1770 2092 non
1803 2029 2058 2109 ambulaverint;
2092 2033 2119 2094 si
2148 2034 2288 2097 iustitias
2316 2054 2405 2098 meas

398 2115 476 2179 inde
494 2115 738 2180 exaudirentur.
775 2114 1048 2198 asportaverint,
1068 2114 1195 2180 dicebat
1217 2115 1249 2198 (l
1271 2115 1375 2198 Regg.
1430 2115 1641 2196 profanarint,
1664 2114 1820 2179 mandata
1840 2136 1915 2180 mea
1937 2138 2003 2180 non
2025 2117 2245 2193 custodierint,
2269 2119 2405 2183 visitabo

400 2203 430 2278 8,
453 2202 526 2284 46),
555 2201 614 2265 tibi
641 2201 702 2265 filii
731 2203 781 2265 tui
809 2201 890 2286 (non
917 2209 969 2266 est
997 2202 1085 2264 enim
1108 2201 1205 2265 homo
1234 2201 1289 2282 qui
1311 2222 1378 2264 non
1430 2200 1466 2264 in
1492 2201 1587 2283 virga
1614 2200 1802 2281 iniquitates
1832 2221 1959 2278 eorum,
1993 2203 2029 2265 in
2056 2203 2246 2268 verberibus
2275 2214 2407 2287 peccata

399 2288 535 2371 peccet),
555 2296 588 2351 et
606 2287 712 2351 iratus
730 2287 904 2352 tradideris
922 2307 978 2351 eos
994 2286 1135 2350 inimicis
1153 2287 1230 2364 suis,
1253 2293 1286 2350 et
1304 2307 1378 2369 egc-
1431 2306 1558 2349 eorum:
1582 2286 1839 2351 misericordiam
1862 2296 1971 2351 autem
1991 2309 2098 2352 meam
2117 2309 2183 2353 non
2202 2291 2346 2354 avrferam
2365 2290 2405 2354 ab

400 2372 469 2435 rint
490 2373 726 2455 poenitentiam
749 2375 783 2436 in
806 2371 902 2437 corde
924 2394 997 2449 suo,
1028 2381 1060 2435 et
1087 2372 1237 2436 conversi
1264 2371 1378 2455 depre-
1431 2391 1477 2435 co.
1522 2372 1673 2453 Denique
1700 2372 1772 2453 ipsa
1798 2373 1938 2456 symboli
1960 2371 2168 2456 dispositione
2191 2375 2406 2441 admonemur

399 2458 464 2522 cati
488 2469 521 2521 te
544 2459 666 2522 fuerint
687 2459 723 2521 in
745 2458 932 2541 captivitate
955 2479 1023 2536 sua,
1047 2457 1206 2523 dicentes:
1230 2458 1378 2540 peccavi·
1430 2466 1621 2539 perpetuam
1655 2456 1796 2521 residere
1830 2458 1864 2521 in
1896 2458 2030 2523 ecclesia
2059 2459 2184 2523 Christi
2213 2460 2406 2526 delictorum

400 2563 491 2617 mus,
525 2543 637 2624 inique
671 2545 798 2627 egimus
805 2568 813 2621 ;
847 2552 880 2607 ct
912 2544 1079 2608 oraverint
1110 2564 1227 2607 versus
1255 2551 1377 2607 terram
1432 2543 1590 2625 gratiam:
1620 2541 1719 2624 quod,
1751 2543 1886 2607 ecclesia
1912 2545 2004 2609 velut
2035 2546 2227 2620 constituta,
2257 2548 2405 2611 remissio

379 2648 499 2710 'quam
530 2628 645 2693 dedisti
675 2629 822 2712 patribus
855 2650 983 2707 eorum,
1018 2636 1051 2692 ct
1078 2649 1193 2694 versus
1220 2629 1377 2710 templum
1429 2636 1637 2709 pcccatorum
1660 2625 1766 2692 adhuc
1789 2628 2006 2712 subiungitur.

401 2713 462 2778 hoc
491 2724 653 2779 sanctum:
683 2715 839 2779 exaudies
865 2716 899 2778 in
927 2715 1016 2779 coelo
1042 2735 1154 2796 preces
1183 2734 1310 2793 eorum,
1344 2723 1378 2778 et
1517 2716 1566 2775 28.
1602 2711 1745 2792 Quidam
1767 2713 1933 2795 aliquanto
1956 2716 2191 2797 prudentiores,
2214 2717 2268 2782 ubi
2291 2717 2406 2780 vident

400 2799 628 2882 propitiaberis
672 2801 770 2883 epulo
792 2810 848 2863 tuo
869 2799 926 2882 qui
947 2802 1095 2884 peccavit
1116 2801 1188 2877 tibi,
1217 2806 1250 2863 et
1272 2802 1376 2864 omni·
1430 2806 1522 2862 tanta
1539 2798 1720 2880 scripturae
1737 2801 1967 2881 perspicuitate
1984 2802 2105 2866 Novati
2124 2802 2242 2885 dogma
2260 2804 2404 2881 refutari,

399 2885 461 2949 bus
482 2822 709 2966 iniquitatibus
729 2907 842 2951 eorum
864 2887 982 2968 quibus
1004 2886 1219 2969 praevaricati
1243 2893 1320 2950 sunt
1341 2887 1377 2949 in
1429 2903 1498 2947 non
1531 2881 1697 2964 quodlibet
1729 2882 1884 2948 delictum
1917 2887 2142 2951 irremissibile
2175 2889 2313 2963 faciunt,
2347 2889 2405 2953 sed

400 2977 442 3034 te.
476 2970 545 3036 Nec
567 2971 690 3035 frustm
710 2973 745 3035 in
763 2973 835 3055 lege
859 2973 971 3056 (Num.
985 2976 1035 3048 28,
1050 2971 1084 3051 3)
1107 2970 1377 3054 quotidianapro
1430 2969 1649 3034 voluntariam
1679 2969 1760 3052 legis
1782 2973 2090 3052 transgressionem,
2120 2975 2155 3035 in
2179 2995 2277 3055 quam
2299 2976 2405 3038 sciens

400 3057 542 3138 peccatis
576 3057 735 3123 sacnticia
765 3056 930 3122 Dominus
967 3057 1139 3122 ordinavit.
1184 3056 1258 3120 Nisi
1289 3059 1377 3120 enim
1429 3055 1562 3136 quisae
1583 3055 1696 3120 volens
1716 3055 1897 3138 impegerit.
1941 3057 2045 3121 Porro
2067 3058 2113 3122 sic
2135 3058 2302 3139 loquentes
2330 3081 2404 3141 pec-

400 3141 538 3207 assiduis
563 3150 769 3224 peccatorum
791 3142 912 3207 morbis
933 3143 1089 3226 populum
1111 3163 1207 3206 suum
1229 3142 1376 3206 laborare
1429 3150 1540 3204 catum
1564 3140 1693 3204 nullum
1715 3141 1812 3205 venia
1835 3141 2028 3225 dignantur,
2058 3144 2121 3206 nisi
2148 3144 2248 3208 sicubi
2273 3144 2404 3208 aberra-

400 3227 565 3291 Dominus
597 3227 833 3311 praevidisset,
870 3248 1037 3311 nunquam
1073 3227 1121 3291 illi
1155 3228 1377 3292 constituisset
1429 3234 1501 3290 tum
1527 3226 1713 3309 ignorantia
1743 3226 1850 3290 fixerit.
1894 3228 2019 3292 Verum
2047 3250 2147 3310 quum
2174 3229 2336 3293 Dominus
2368 3231 2404 3293 in

400 3311 481 3377 haec
503 3313 655 3378 remedia.
1429 3312 1509 3396 lege,
1529 3311 1592 3376 alia
1611 3332 1671 3394 pro
1690 3311 1861 3394 expiandis
1879 3313 2025 3378 fidelium
2042 3314 2235 3379 voluntariis
2252 3315 2402 3397 peccatis,

489 3401 538 3461 26.
574 3400 629 3463 An
652 3398 797 3465 adventu
820 3399 955 3479 Christi,
978 3421 1041 3482 quo
1063 3399 1230 3482 plenitudo
1253 3399 1376 3482 gratiae
1430 3397 1494 3462 alia
1516 3418 1576 3479 pro
1597 3397 2011 3482 ignorantiisredimendis
2031 3400 2197 3464 mandarit
2219 3401 2330 3464 offerri
2352 3420 2403 3463 sa·

400 3492 532 3547 exserta
553 3485 623 3561 fuit,
647 3485 708 3550 hoc
730 3485 921 3569 ademptum
939 3494 989 3551 est
1005 3485 1155 3550 fidelibus
1172 3484 1375 3562 beneficium,
1429 3483 1563 3563 crificia,
1591 3492 1732 3565 quantae
1753 3491 1804 3548 est
1825 3485 2042 3567 improbitatis
2063 3487 2249 3550 voluntario
2271 3494 2403 3568 peccato

400 3590 443 3632 ne
464 3591 523 3651 pro
546 3570 737 3636 delictorum
760 3574 858 3637 venia
879 3572 1022 3637 audeant
1043 3569 1248 3653 supplicare?
1275 3591 1325 3647 ne,
1349 3571 1376 3633 si
1429 3569 1558 3633 nullum
1580 3569 1755 3635 concedere
1776 3570 1962 3652 piaculum?
2007 3572 2090 3637 Dico
2112 3572 2197 3635 nihil
2218 3593 2287 3636 esse
2310 3592 2404 3654 aper-

399 3655 582 3719 Dominum
610 3657 820 3734 offenderint,
854 3659 956 3722 ullam
981 3657 1237 3722 misericordiam
1264 3676 1376 3720 conse·
1429 3656 1494 3719 tius
1535 3676 1632 3738 quam
1665 3657 1799 3721 unicum
1833 3655 1960 3721 Christi
1991 3659 2187 3723 sacrificium
2219 3658 2329 3722 valere
2362 3657 2404 3721 ad

400 3741 566 3822 quantur?
612 3740 700 3822 Quid
723 3745 784 3809 hoc
807 3746 869 3808 erit
891 3744 981 3808 aliud
1007 3764 1106 3825 quam
1127 3742 1301 3808 Christum
1328 3741 1376 3804 di·
1429 3740 1625 3805 remittenda
1657 3753 1843 3806 sanctorum
1875 3742 2062 3807 voluntaria
2093 3753 2238 3825 peccata:
2273 3742 2404 3824 quando

400 3847 473 3891 cere
495 3827 530 3890 in
552 3848 686 3891 suorum
707 3831 885 3910 perniciem
905 3829 1050 3907 venisse,
1079 3850 1146 3892 non
1168 3828 1320 3904 salutem,
1349 3828 1378 3891 si
1429 3828 1591 3892 Dominus
1623 3827 1809 3892 carnalibus
1843 3827 1974 3905 hostiis,
2008 3830 2110 3895 veluti
2143 3829 2336 3911 signaculis,
2370 3827 2403 3892 id

399 3932 483 3994 quae
516 3913 552 3975 in
585 3915 688 3978 veteri
721 3924 915 3979 testamento
948 3915 1076 3980 assidue
1109 3916 1231 3980 sanctis
1263 3922 1377 3996 parata
1428 3920 1587 3977 testatum
1608 3914 1692 3978 fecit.
1726 3912 1855 3977 Deinde
1876 3915 1948 3994 quis
1970 3915 2010 3979 ab
2032 3915 2218 3997 ignorantia
2239 3915 2409 3993 Davidem¹

399 4006 470 4061 erat
492 3997 556 4061 Dei
578 3998 783 4082 indulgentia
804 4001 840 4062 in
862 4002 1003 4082 peccatis
1025 4001 1264 4079 condonandis,
1287 4020 1377 4063 nunc
1429 4008 1579 4075 excuset,
1600 4019 1697 4081 quern
1719 4006 1888 4081 tantopere
1910 4008 2036 4064 constat
2057 4001 2157 4065 fuisse
2179 4002 2213 4064 in
2235 4001 2308 4084 lege
2329 4022 2404 4065 eru-

399 4083 548 4147 emedio
570 4085 698 4149 sublata
720 4084 858 4151 dicitur?
904 4084 1002 4167 Quod
1031 4087 1059 4151 si
1086 4087 1255 4168 scripturis
1277 4084 1377 4149 fidem
1430 4084 1557 4147 ditum?
1588 4086 1643 4148 An
1661 4082 1826 4149 nesciebat
1842 4083 1953 4150 David
1970 4093 2131 4167 quantum
2149 4088 2234 4170 toret
2251 4085 2405 4150 adulterii

399 4168 560 4234 habemus
598 4169 718 4235 diserte
746 4171 977 4250 clamantibus,
1010 4172 1045 4234 in
1078 4170 1211 4236 Christo
1245 4170 1377 4235 demum
1429 4180 1463 4232 et
1495 4169 1660 4234 homicidii
1692 4171 1830 4246 crimen,
1865 4171 1921 4251 qui
1953 4171 2095 4253 quotidie
2128 4173 2235 4253 ipsum
2269 4173 2304 4233 in
2333 4171 2405 4234 aliis

399 4257 540 4337 gratiam
571 4269 604 4319 et
631 4257 869 4322 humanitatem
891 4256 1027 4321 Domini
1049 4257 1090 4320 ad
1112 4258 1247 4339 plenum
1277 4276 1376 4339 appa·
1429 4254 1607 4338 puniebat?
1648 4258 1703 4319 An
1725 4255 1944 4320 fratricidium
1966 4278 2018 4321 res
2040 4258 2188 4341 legitima
2209 4256 2405 4337 patriarchis

398 4343 513 4419 ruisse,
537 4343 675 4408 effusam
695 4342 936 4407 misericordiae
954 4342 1165 4425 opulentiam,
1188 4341 1377 4414 reconcilia-
1429 4340 1624 4408 videbatur?
1669 4343 1724 4405 An
1752 4342 1797 4405 ita
1824 4341 1909 4406 male
1931 4344 2134 4425 profecerant
2156 4341 2335 4417 Corinthii,
2367 4349 2405 4404 ut

399 4427 522 4491 tionem
555 4429 619 4492 Dei
652 4437 686 4493 et
719 4429 889 4494 hominum
924 4429 1137 4512 adimpletam
1177 4429 1255 4512 (Tit.
1281 4433 1314 4505 3,
1339 4435 1376 4505 4;
1429 4427 1614 4503 lasciviam,
1637 4427 1876 4509 impuritatem,
1900 4430 2138 4503 scortationem,
2163 4425 2246 4503 odia,
2270 4434 2404 4489 conten·

400 4514 418 4571 2
443 4514 525 4576 Tim.
554 4518 579 4590 l,
605 4520 653 4599 9):
683 4536 725 4578 nc
754 4513 940 4579 dubitemus
968 4515 1049 4596 quin
1078 4514 1183 4577 multo
1204 4514 1378 4597 benignior
1430 4515 1536 4578 tiones
1557 4513 1685 4595 placore
1707 4513 1778 4577 Deo
1799 4513 1975 4600 putarent?
2020 4515 2074 4576 An
2096 4512 2218 4576 Petrus
2241 4520 2309 4573 tam
2332 4511 2405 4575 dili-

399 4596 492 4661 nobis
508 4599 681 4664 clementia
697 4600 844 4666 coelestis
859 4601 963 4683 patris
980 4601 1139 4665 exuberet
1153 4600 1262 4682 potius
1278 4621 1377 4682 quarn
1430 4609 1546 4683 genter
1558 4599 1752 4664 'admonitus
1773 4599 1944 4682 ignorabat
1965 4599 2078 4679 quanti
2101 4605 2187 4661 esset
2208 4597 2404 4678 magistrum

404 4679 546 4747 abscissa
563 4695 621 4748 aut
638 4687 806 4752 decurtata
823 4687 930 4751 fucrit.
961 4686 1077 4768 Neque
1098 4707 1176 4750 vero
1199 4685 1318 4750 desunt
1338 4686 1378 4750 il-
1429 4684 1578 4750 eiurare?
1623 4685 1714 4769 Ergo
1739 4685 1804 4749 Dei
1837 4681 2077 4748 misericordiae
2105 4692 2173 4744 tam
2202 4681 2277 4746 beni
2324 4703 2342 4746 θ
2369 4704 2404 4747 θθ

399 4766 462 4830 lius
481 4766 682 4835 documenta.
715 4774 846 4853 Petrus,
865 4775 921 4856 qui
940 4771 1089 4837 audierat
1107 4771 1241 4855 (Matth.
1258 4776 1305 4849 10,
1319 4773 1375 4855 33)
1429 4772 1593 4835 exserenti
1610 4771 1700 4835 viam
1720 4779 1834 4835 nostra
1855 4769 2058 4850 malignitate
2080 4788 2121 4831 ne
2143 4768 2276 4849 praeclu
2299 4789 2403 4832 amus.
2528 4787 2534 4802 “

400 4852 597 4935 abnegatum
620 4857 659 4919 iri
682 4879 791 4923 coram
813 4860 939 4943 angelis
960 4860 1016 4941 qui
1039 4858 1126 4941 apud
1148 4858 1297 4922 homines
1318 4878 1376 4922 no-
1516 4861 1565 4921 29.
1610 4857 1774 4939 Equidem
1803 4877 1868 4919 non
1895 4874 1947 4916 me
1974 4852 2055 4916 latet
2077 4863 2206 4918 veteres
2229 4855 2404 4936 scriptores
2446 4866 2450 4890 '

399 4958 474 5001 men
494 4937 620 5002 Christi
639 4962 704 5004 non
722 4951 807 5008 esset
828 4946 1004 5022 confessus,
1028 4952 1078 5009 ter
1100 4966 1168 5009 una
1189 4952 1293 5022 nocte,
1316 4965 1375 5008 nec
1428 4952 1560 5026 peccata
1582 4964 1664 5025 quac
1681 4941 1824 5025 quotidie
1845 4939 2057 5003 remittuntur
2074 4938 2225 5004 fidelibus
2242 4941 2404 5023 interpra-

399 5024 469 5088 sine
497 5025 737 5105 exsecratione,
773 5030 961 5114 abnegavit:
995 5051 1064 5095 non
1092 5039 1202 5096 tamen
1232 5052 1251 5095 a
1279 5031 1376 5096 venia
1428 5036 1513 5094 tatcs
1541 5051 1612 5094 esse
1640 5047 1722 5110 quae
1750 5047 1791 5089 ex
1820 5024 2010 5087 infirmitate
2038 5026 2147 5090 carnis
2173 5026 2335 5108 obrepunt
2357 5026 2403 5090 lc·

399 5109 582 5192 depellitur.
620 5110 688 5191 Qui
709 5112 893 5178 inordinate
914 5115 1071 5181 vivebant
1092 5117 1180 5199 apud
1203 5116 1375 5182 Thessalo-
1427 5117 1520 5181 viora
1537 5123 1660 5191 errata;
1682 5109 1917 5193 poenitentiam
1933 5129 2011 5172 vero
2029 5111 2219 5190 sollennem,
2242 5133 2326 5194 quae
2344 5132 2403 5193 pro

398 5197 560 5273 nicenses,
590 5197 636 5261 sic
658 5197 863 5280 castigantur
884 5208 920 5261 ut
940 5201 1123 5265 invitentur
1145 5202 1187 5266 ad
1208 5204 1375 5283 poeniten-
1428 5201 1633 5284 gravioribus
1654 5195 1787 5279 flagitiis
1809 5202 1880 5258 tum
1902 5195 2103 5278 exigebatur,
2126 5197 2191 5262 illis
2210 5198 2315 5262 visam
2332 5216 2403 5260 esse

398 5281 799 5367 tiam(2'l³hess.3,14).
833 5282 885 5347 Νθ
901 5284 966 5366 ipsi
982 5283 1113 5365 quidem
1132 5285 1261 5351 Simoni
1278 5309 1375 5371 mago
1427 5308 1496 5351 non
1519 5285 1623 5367 magis
1645 5280 1829 5345 iterandam
1851 5300 1949 5362 quam
1971 5279 2180 5364 baptismum.
2215 5280 2309 5361 Quae
2327 5302 2402 5346 scn-

399 5367 581 5451 desperatio
603 5369 763 5448 iniicitur,
792 5369 872 5452 quin
900 5368 1009 5449 potius
1034 5369 1169 5433 iubetur
1197 5371 1279 5434 bene
1301 5393 1375 5454 spe-
1428 5373 1531 5436 tentia
1551 5390 1618 5433 non
1640 5368 1687 5430 ita
1708 5372 1760 5431 est
1781 5365 1968 5448 accipienda
1989 5369 2082 5449 quasi
2105 5378 2162 5432 aut
2188 5366 2402 5449 praecipitare

395 5475 486 5532 rare,
515 5475 615 5536 quum
645 5453 686 5520 ad
714 5474 827 5538 preces
848 5454 1025 5536 confugere
1046 5453 1162 5518 suadet
1183 5453 1232 5517 illi
1253 5455 1374 5520 Petrus
1427 5457 1463 5520 in
1485 5453 1743 5536 desperationem
1765 5451 2006 5535 voluerintqui
2027 5454 2176 5536 aprima
2203 5453 2403 5535 poenitentia

398 5538 486 5622 (Act.
512 5544 540 5616 8,
566 5541 630 5625 22).
1427 5540 1548 5604 iterum
1575 5535 1780 5615 recidissent,
1809 5547 1867 5603 aut
1886 5537 1945 5603 illa
1965 5548 2074 5605 errata
2095 5539 2239 5616 elevare,
2267 5537 2401 5621 perinde

486 5629 534 5689 27.
581 5624 669 5708 Quid
697 5626 783 5709 quod
810 5632 896 5692 totas
922 5625 1090 5690 interdum
1117 5622 1270 5690 ecclesias
1298 5647 1373 5709 gra
1428 5634 1524 5706 atque
1546 5644 1655 5689 coram
1677 5623 1750 5688 Deo
1772 5625 1878 5691 exilia
1923 5623 2079 5691 Sciebant
2099 5626 2187 5690 enim
2208 5623 2403 5689 infidelitate
