5600 6809
394 728 455 788 347
1081 712 1347 780 INSTITUTIO
1370 713 1475 779 REL.
1500 711 1681 778 CHRIST.
1709 716 1800 778 1559.
2336 714 2404 776 348

395 913 476 977 solet.
517 909 620 975 Urium
639 927 711 972 uero
727 912 839 988 postca
859 906 934 969 dicit
955 906 1041 986 lonqc
1057 903 1184 983 firmius
1202 922 1234 966 33
1252 903 1372 982 afferre,
1425 901 1478 967 vel
1500 902 1535 964 in
1557 901 1688 966 coelesti
1707 902 1845 979 semine,
1874 901 1928 966 vel
1954 902 1989 965 in
2016 901 2159 966 hominis
2186 901 2280 967 larva
2302 902 2406 967 bene·

389 997 585 1080 prophetiam
617 993 711 1058 Adae
743 993 858 1057 scilieet
896 993 953 1071 qui
991 1009 1088 1052 ancre
1120 1009 1181 1052 sira
1212 993 1373 1067 conspecta
1426 987 1522 1051 dictio
1544 988 1759 1068 promittitur,
1789 987 1847 1052 sod
1873 987 1908 1050 in
1930 988 2053 1052 semine
2075 986 2229 1051 Abrahae
2250 994 2283 1052 et
2303 990 2406 1054 Iacob

395 1084 492 1149 dicit:
520 1081 574 1145 boc
600 1099 681 1143 narie
711 1099 744 1143 os
766 1099 804 1141 cn
828 1079 951 1142 ossibus
972 1076 1050 1138 meis
1076 1078 1103 1138 et
1130 1094 1201 1137 caro
1223 1073 1260 1137 de
1281 1093 1373 1138 carue
1426 1073 1525 1155 (Gen.
1546 1076 1596 1150 22,
1619 1076 1656 1134 18
1680 1081 1713 1136 31
1735 1076 1785 1151 26,
1804 1072 1855 1155 4);
1876 1093 1981 1155 noque
2004 1073 2128 1136 homini
2151 1086 2245 1138 aereo
2267 1077 2408 1157 promit-

394 1190 464 1232 mca
482 1166 581 1252 (Gen.
601 1170 630 1245 2,
651 1164 716 1247 23).
758 1164 844 1229 Unde
865 1170 968 1227 autem
984 1159 1183 1242 prophetiam
1204 1179 1269 1222 3333
1290 1160 1372 1222 coin
1425 1160 1506 1222 titur
1527 1158 1667 1222 thronus
1689 1166 1854 1237 aeternus,
1879 1158 1936 1223 sed
1957 1157 2097 1223 Davidis
2117 1159 2200 1237 filio,
2229 1167 2262 1223 et
2283 1162 2408 1226 fructui

393 1254 458 1320 cil?
497 1273 604 1333 nempe
638 1253 717 1332 quia
748 1251 876 1314 33311331
908 1267 1076 1314 sernlonem
1111 1244 1254 1308 Christus
1287 1244 1373 1324 opucl
1425 1245 1551 1308 ventris
1573 1245 1642 1308 eius
1665 1243 1767 1327 (Psal.
1787 1249 1838 1320 45,
1861 1245 1905 1325 7).
1949 1244 2046 1309 Unde
2074 1246 2407 1312 31133313331111-

395 1338 592 1404 Mattbueum
619 1337 687 1401 Deo
719 1336 835 1400 tribuit.
883 1334 983 1414 Quasi
1015 1351 1099 1408 uere,
1132 1331 1287 1411 quidquid
1313 1351 1374 1411 per
1426 1329 1521 1407 bitus,
1541 1329 1628 1392 filius
1646 1337 1781 1394 vocatur
1793 1329 1933 1395 Davidis
1945 1337 1978 1394 et
1993 1329 2148 1395 Abrahae
2160 1331 2293 1416 (Matth.
2310 1338 2337 1410 l,
2352 1332 2404 1416 l):

394 1426 532 1489 hanzines
560 1425 703 1503 loquutus
731 1427 774 1486 cst
799 1420 902 1497 Deus,
936 1417 1122 1481 vaticinium
1150 1416 1278 1496 aliquod
1307 1436 1374 1479 con
1425 1437 1492 1479 non
1517 1414 1590 1479 idco
1617 1422 1746 1479 tantum
1772 1415 1858 1497 quod
1885 1438 1926 1479 31
1948 1417 2087 1499 virginis
2115 1423 2208 1480 utero
2231 1426 2328 1483 natus
2351 1420 2405 1498 sit,

394 1513 498 1575 tinent.
551 1510 711 1574 Vaticinia
734 1510 770 1570 in
792 1505 927 1587 sinqulis
948 1505 1025 1586 lepis
1044 1504 1219 1584 praeceptis
1244 1505 1375 1582 quaerat
1424 1502 1460 1564 in
1487 1515 1563 1565 acre
1593 1508 1702 1565 autern
1725 1510 1866 1566 creatus:
1897 1501 1954 1565 sed
1981 1502 2072 1583 quia,
2096 1502 2201 1566 Paulo
2222 1504 2405 1588 interprete

399 1596 569 1674 Osiander,
603 1615 683 1675 qnae
713 1615 734 1656 a
761 1592 829 1655 Deo
858 1595 962 1654 amore
983 1589 1123 1670 profecta
1151 1606 1216 1652 esse
1248 1591 1373 1651 1333131.
1425 1588 1536 1737 ffiom.
1559 1591 1593 1665 l,
1614 1585 1664 1669 3),
1693 1586 1873 1652 3333311313
1894 1607 2026 1652 carnem
2047 1588 2153 1652 factus
2175 1589 2217 1653 sit
2234 1611 2276 1653 ex
2297 1589 2405 1656 Davi·

394 1682 488 1746 Adde
509 1682 588 1761 quod
614 1680 706 1743 raedis
735 1682 924 1740 elterrcnus
943 1676 1057 1756 fuisset
1081 1674 1227 1738 Christus
1247 1674 1284 1737 in
1306 1673 1373 1736 lile·
1450 1674 1456 1686 '
1503 1674 1641 1752 semine3
1674 1673 1759 1737 sicut
1784 1673 1861 1737 alibi
1889 1672 1982 1738 docet
2014 1672 2101 1737 idem
2131 1675 2296 1756 apostolus
2326 1697 2407 1741 eum

393 1768 459 1832 rali
489 1782 582 1830 sensu
613 1766 790 1828 subsistens.
838 1762 922 1842 Quia
949 1782 1011 1826 non
1036 1761 1074 1824 de
1101 1760 1231 1840 mystica
1256 1759 1371 1821 unieris
1426 1757 1631 1823 descendisse
1663 1780 1705 1822 ex
1737 1756 1868 1822 Iudaeis
1901 1758 1990 1843 (ibid.
2018 1763 2051 1836 9,
2079 1759 2123 1840 5).
2180 1757 2407 1839 Quamobrem

394 1873 459 1934 qua
480 1852 637 1914 ecclesiam
659 1851 807 1930 eliquatus
828 1853 872 1912 est
889 1847 1023 1923 disse-rit,
1046 1846 1100 1910 scd
1122 1850 1242 1908 tantum
1258 1845 1296 1908 cle
1311 1844 1372 1925 fiale
1424 1844 1587 1909 Dominus
1608 1845 1679 1925 ipse
1701 1865 1768 1907 non
1790 1851 1962 1908 contentus
1977 1845 2117 1908 hominis
2130 1846 2272 1923 nomine,
2295 1848 2406 1912 filium

393 1937 565 2019 eoninqali;
594 1937 629 2000 ob
659 1935 738 1998 bane
760 1954 890 1997 causam
909 1933 1015 1996 Deum
1037 1932 1261 2011 pronuntiasse
1280 1931 1370 2004 (locet,
1425 1951 1554 2012 quoque
1577 1929 1719 1993 hominis
1744 1929 1881 1994 subinde
1909 1952 1944 1994 se
1967 1930 2125 2013 appellat,
2154 1932 2272 1996 clarius
2294 1936 2404 2015 capri·

355 2036 360 2045 '
393 2026 497 2088 airum
528 2028 556 2086 et
587 2042 715 2085 uxorem
748 2020 815 2100 fore
828 2012 965 2083 'carnem
996 2037 1106 2094 unam,
1141 2037 1180 2079 nc
1206 2015 1371 2080 insolubile
1423 2036 1504 2079 nuere
1531 2016 1643 2080 volens
1677 2037 1711 2079 33
1739 2016 1906 2079 hominem
1934 2036 2004 2080 csse
2037 2038 2079 2080 31
2106 2016 2250 2081 hominis
2276 2021 2404 2085 semine

394 2110 477 2174 illud
498 2108 657 2173 vinculum
678 2107 845 2187 quisquam
864 2104 997 2168 rlioortio
1018 2102 1134 2166 uiolare
1154 2107 1250 2165 tentet.
1284 2101 1371 2164 Hace
1423 2123 1491 2165 ecre
1511 2101 1730 2184 progenitum.
1776 2100 1890 2182 Quum
1911 2103 2045 2183 spiritus
2068 2111 2201 2168 sanctus
2224 2105 2319 2170 toties
2341 2127 2402 2188 per

394 2195 582 2287 simplicitas
603 2195 633 2258 si
659 2191 816 2257 Osiarulro
837 2191 953 2267 sordet,
982 2186 1140 2253 Christum
1160 2187 1370 2268 reprehendat,
1424 2195 1472 2250 tot
1493 2209 1630 2270 organa,
1659 2194 1815 2268 tantaque
1844 2187 2013 2270 diligentia
2040 2194 2073 2251 ct
2096 2189 2301 2270 simplicitate
2330 2213 2405 2256 rem

394 2282 473 2364 quia
499 2279 671 2360 discipulos
698 2278 740 2341 ael
766 2277 948 2357 mysterium
970 2295 1030 2338 non
1051 2274 1241 2352 traduacrit,
1264 2274 1372 2353 patris
1423 2295 1483 2355 per
1512 2296 1546 2337 se
1575 2294 1641 2336 non
1669 2273 1854 2337 abstrusam
1876 2274 2094 2351 enarraverit,
2128 2275 2200 2356 quis
2227 2278 2405 2359 cogitasset

394 2367 512 2432 eliaam
538 2364 687 2430 subtilius
708 2362 947 2443 interpretando.
993 2360 1058 2423 Nec
1078 2378 1148 2423 nero
1169 2359 1239 2422 eius
1260 2359 1371 2423 delirio
1424 2367 1517 2422 tanta
1549 2359 1633 2423 ullos
1666 2359 1820 2423 mortales
1852 2358 2055 2440 impudentia
2085 2359 2154 2424 fore
2181 2362 2238 2442 qui
2266 2363 2403 2429 offucias

393 2452 590 2534 suffrapalnr
613 2448 748 2526 Penius,
772 2449 827 2529 qui
848 2448 902 2510 ubi
924 2446 1006 2511 elicit
1027 2466 1083 2509 nos
1105 2464 1169 2509 esse
1191 2464 1314 2508 carnem
1334 2444 1372 2507 dc
1424 2445 1532 2509 adhuc
1553 2452 1707 2528 'spargere
1725 2443 1904 2508 auderent?
1937 2445 1984 2508 Et
2002 2453 2113 2509 tamen
2135 2446 2200 2509 3113
2221 2449 2405 2514 etiamnum

394 2557 488 2603 33133
507 2535 642 2614 Christi,
662 2554 734 2598 moa
756 2533 913 2615 adiunqit,
935 2552 1083 2614 maqnum
1104 2530 1158 2593 boc
1180 2551 1243 2595 esse
1264 2535 1372 2610 mqste
1424 2531 1610 2594 testimonia
1631 2529 1673 2594 ad
1686 2551 1821 2627 manum
1843 2551 1877 2594 33
1890 2531 2040 2630 offerunt,
2063 2532 2091 2595 si
2113 2550 2288 2615 congerere
2306 2535 2406 2618 plura

394 2615 1373 2786 1111111111111,1133111111
1423 2614 1754 2768 &titulata
1771 2616 1967 2766 tulit?
1980 2615 2196 2782 111111
2213 2619 2406 2786 fitia

396 2793 503 2858 tucline
523 2792 660 2876 coniuqii
680 2809 807 2855 sacram
827 2790 1068 2855 amianaionem
1081 2807 1267 2868 qnoponerc,
1293 2806 1373 2866 quae
1424 2788 1541 2870 quibus
1562 2788 1657 2866 fami,
1686 2787 1756 2866 siti,
1783 2788 1910 2870 frigori,
1941 2787 2077 2870 aliisque
2103 2797 2243 2855 33111133
2269 2798 2405 2857 3331133

395 2900 452 2944 nos
479 2898 579 2942 unum
605 2897 676 2942 cum
700 2874 822 2940 Clnislo
847 2874 934 2955 facit.
978 2873 1024 2937 Et
1049 2873 1103 2937 lice
1131 2872 1225 2937 uerbo
1252 2877 1371 2950 sanant,
1424 2871 1667 2938 infirmitatibus
1690 2873 1867 2937 obnoxium
1887 2874 1986 2938 fuisse
2007 2882 2142 2938 constat
2187 2877 2234 2939 At
2255 2898 2297 2941 ex
2314 2878 2404 2942 mul-

395 2965 473 3047 quia
503 2984 537 3029 33
563 2963 602 3028 cle
630 2959 754 3026 Christo
781 2965 809 3024 et
835 2960 961 3024 ecclesia
989 2959 1043 3023 boc
1069 2959 1169 3024 1113313
1194 2959 1371 3035 admonens,
1424 2960 1467 3023 tis
1500 2958 1673 3041 deligenda
1707 2965 1786 3023 sunt
1819 2980 1858 3023 ea
1893 2959 2060 3041 potissime
2096 2981 2180 3042 quae
2212 2963 2328 3027 animis
2364 2965 2403 3028 13

396 3049 592 3114 correctionis
619 3047 682 3112 loeo
709 3067 730 3110 a
758 3045 819 3128 leqe
847 3046 984 3135 eoqiuqii
1006 3046 1154 3110 1113331311
1175 3043 1374 3125 spiritualem
1424 3066 1504 3110 vcra
1520 3043 1639 3107 fiducia
1656 3042 1866 3110 aedificandis
1883 3043 2064 3110 conducam
2081 3053 2216 3127 queant:
2239 3055 2276 3112 ut
2295 3069 2402 3129 quum
2444 3104 2454 3116 ..

399 3134 519 3200 Obm'sti
545 3138 574 3198 et
600 3133 743 3197 33313333
771 3132 1018 3196 conimrcticnnn.
1066 3131 1170 3209 Quare
1189 3130 1282 3211 secde
1304 3149 1374 3192 333-
1426 3130 1547 3225 dicitur
1570 3128 1686 3214 (Hebr.
1710 3133 1746 3208 2,
1770 3129 1840 3213 16),
1874 3131 1999 3214 augelis
2032 3152 2235 3214 nequaquam
2264 3140 2402 3198 tantum

396 3222 493 3286 nescit
518 3218 592 3284 baec
616 3219 763 3299 [utilitas.
808 3216 874 3281 Nec
900 3238 971 3282 uero
997 3215 1077 3280 milii
1098 3235 1216 3280 11333333
1237 3215 1373 3278 arbitror
1424 3216 1558 3280 honoris
1576 3213 1737 3294 detulisse,
1760 3222 1798 3279 ut
1819 3236 1932 3280 eorum
1953 3223 2106 3280 naturam
2123 3226 2317 3299 assumeret,
2341 3222 2404 3286 sed

396 3306 517 3372 similes
538 3304 729 3386 quisquilias
750 3303 917 3381 discutere·
945 3303 1024 3384 quia
1051 3322 1089 3365 33
1111 3301 1295 3365 1333133133
1315 3300 1373 3364 lac
1424 3309 1571 3365 nostram
1593 3302 1821 3384 assumpsisse,
1854 3309 1893 3365 ut
1923 3303 1960 3365 in
1986 3323 2084 3367 carne
2106 3310 2140 3366 ct
2161 3305 2318 3388 sauguine
2341 3329 2405 3389 per

396 3387 1158 3474 3313111113331133131331131333133131333ηᾶ3.
1197 3385 1284 3450 Haec
1304 3386 1373 3467 qui-
1424 3395 1564 3451 mortem
1592 3385 1774 3451 destrueret
1807 3408 1882 3451 eum
1908 3388 1963 3469 qui
1985 3388 2162 3468 potiebatur
2194 3391 2310 3455 mortis
2338 3393 2406 3457 im-

397 3478 466 3543 dem
487 3477 635 3541 sobrietas
654 3475 736 3556 filiis
757 3474 820 3538 Dei
842 3474 939 3538 solide
954 3473 1125 3554 pascendis
1144 3470 1264 3536 31133113
1284 3470 1374 3552 susle
1424 3472 1524 3556 perio.
1578 3470 1677 3551 Item,
1718 3473 1787 3537 eius
1819 3473 2121 3539 communicationis
2152 3475 2308 3542 beneficio
2341 3500 2406 3546 nos

397 3565 471 3629 ciet:
497 3582 593 3642 quum
619 3563 701 3625 33131
718 3560 879 3641 plenitudo
901 3564 1086 3639 temporum,
1115 3558 1247 3622 31133331
1272 3557 1374 3638 fuisse
1424 3559 1544 3623 fratres
1575 3559 1646 3622 eius
1679 3558 1804 3623 3333311
1838 3558 2071 3644 (ibid.2,11).
2117 3561 2218 3640 Item,
2251 3559 2406 3630 debuisse

396 3649 502 3729 filium
521 3648 584 3713 Dei
604 3647 723 3728 sactum
745 3666 783 3710 33
804 3646 942 3724 muliere,
962 3643 1081 3724 factum
1101 3643 1247 3726 33111393,
1268 3648 1303 3706 ut
1323 3661 1375 3708 333
1426 3643 1581 3709 fiatribus
1602 3643 1743 3708 similem
1764 3644 2108 3722 11311,3113133113313
2131 3654 2216 3711 33331
2237 3667 2275 3712 ao
2296 3649 2418 3726 fidelis,

398 3728 1130 3815 3111331)1393333311311313331((1314,4).
1425 3730 1634 3812 intercessum
1666 3749 1727 3794 nos
1759 3730 1946 3812 pontificem
1978 3751 2046 3795 non
2078 3731 2213 3811 habere,
2247 3734 2303 3816 qui
2336 3756 2407 3800 333

1426 3815 1530 3900 possit
1561 3816 1702 3897 compati
1734 3815 1978 3880 infirmitatibus
2010 3817 2131 3881 nostris
2159 3818 2250 3902 (ibid
2265 3825 2305 3898 4,
2331 3820 2406 3906 15);

1427 3909 1461 3965 31
1482 3898 1609 3965 31311113.
1638 3899 1757 3965 Mau
1773 3901 1907 3983 pertinet
1927 3902 2008 3982 quod
2022 3902 2125 3982 paulo
2142 3910 2214 3969 onte
2230 3905 2406 3988 uttipimus,

1426 3986 1597 4069 oportuisse
1617 3986 1653 4049 in
1673 4006 1766 4050 carne
1785 3991 1891 4051 nostra
1903 3989 2027 4069 expiari
2041 3994 2169 4070 peecata
2181 3991 2300 4069 mandi,
2323 3993 2409 4073 quod

1426 4094 1448 4136 a
1471 4070 1574 4135 Paule
1601 4072 1685 4136 clarc
1710 4075 1863 4137 asseritur
1884 4072 1993 4156 (Rom.
2013 4078 2048 4151 8,
2069 4072 2112 4158 3).
2157 4075 2208 4139 Aa
2233 4081 2310 4142 certe
2335 4079 2406 4143 ideo

1427 4158 1471 4223 acl
1492 4178 1549 4221 nos
1566 4159 1700 4238 pertinet
1725 4159 1880 4241 quidquid
1904 4157 2027 4223 Christe
2047 4161 2174 4224 contulit
2188 4167 2297 4243 pater,
2324 4165 2405 4244 quia

1426 4249 1519 4323 capul
1539 4248 1584 4307 est
1600 4264 1639 4307 33
1656 4265 1716 4323 que
1732 4249 1829 4308 totum
1845 4264 1956 4326 corpus
1971 4266 2033 4327 per
2049 4246 2215 4310 1113313133
2231 4266 2403 4312 commum

728 4086 878 4154 31331
900 4087 999 4152 xm.
1019 4088 1044 4171 ι)

399 4265 619 4350 Christum
656 4291 800 4344 veram
836 4262 1044 4345 humanae
1093 4263 1227 4346 carnis
1274 4264 1374 4346 sub-

675 4382 875 4466 stantiam
904 4381 1101 4464 induisse.
1425 4416 1489 4478 niel
1510 4416 1590 4496 qual
1610 4416 1733 4495 11131131,
1756 4417 1904 4497 spiritum
1924 4417 1953 4480 ci
1970 4416 2080 4480 11311131
2100 4437 2166 4482 esse
2187 4419 2298 4498 absque
2316 4437 2403 4483 3133-

1425 4521 1504 4564 sura
1525 4499 1653 4583 (Ioanu.
1676 4505 1708 4578 l,
1731 4505 1768 4564 16
1790 4509 1823 4565 31
1843 4504 1877 4579 3,
1898 4502 1968 4584 34),
1996 4505 2034 4581 ul„
2057 4502 2094 4566 ile
2115 4503 2310 4584 plenitudine
2330 4505 2404 4570 aas

487 4589 514 4651 1.
559 4584 611 4649 De
640 4582 765 4648 Christi
793 4581 979 4661 divinitate,
1013 4603 1094 4664 quae
1120 4582 1198 4646 alibi
1224 4583 1375 4649 elariset
1425 4585 1613 4650 baumamus
1634 4607 1754 4665 mnncs;
1768 4588 1905 4672 ⁸quande
1930 4586 2011 4651 nibil
2031 4588 2202 4652 absurdius
2221 4609 2316 4670 quam
2337 4589 2405 4656 De»

1426 4329 1523 4393 simul
1549 4330 1689 4394 3311133311
1705 4330 1815 4414 (Eph.
1836 4336 1870 4408 4,
1899 4331 1961 4415 16).
2007 4329 2077 4395 Imo
2103 4333 2277 4398 nataliter
2296 4351 2403 4398 331133
2501 4340 2504 4345 ’

396 4671 501 4752 firmis
522 4669 707 4735 testimoniis
722 4669 857 4751 probola
878 4672 936 4747 est,
965 4689 1052 4733 nuno
1073 4668 1194 4731 iterum
1215 4668 1374 4734 disserere

373 4776 653 4838 supervacuum,
688 4755 754 4820 3131
782 4753 892 4834 131131,
922 4758 1015 4818 osset
1073 4752 1250 4818 Videndum
1276 4756 1374 4838 iqitm

399 4845 494 4905 restat
515 4841 663 4921 quomodo
684 4860 776 4905 carne
796 4845 905 4905 nostra
923 4839 1054 4904 inclutus
1069 4838 1249 4916 mediatoris
1263 4846 1375 4921 partes

399 4925 580 5006 bnplcoerit.
638 4929 688 4991 Ac
726 4926 890 4990 humanae
922 4923 1053 5008 quidem
1085 4930 1223 4988 naturae
1252 4926 1373 4992 veritas

390 5009 479 5076 ‘olim
501 5017 569 5072 tam
591 5031 611 5074 a
632 5010 835 5076 Manichaeis
857 5032 956 5094 quam
978 5032 998 5074 3
1018 5011 1223 5075 Marcionitis
1245 5012 1373 5095 impug-

400 5102 480 5160 nata
501 5101 568 5173 est;
596 5116 734 5176 quorum
762 5098 797 5161 hi
823 5096 956 5178 quidem
983 5103 1149 5179 spectrum
1168 5115 1227 5178 pro
1249 5095 1374 5162 Christi

400 5201 535 5264 corpore
567 5179 627 5244 sibi
660 5181 840 5263 fingebant,
880 5182 928 5246 illi
969 5188 1080 5247 autem
1111 5181 1243 5246 coelesti
1275 5203 1374 5247 carne

399 5267 586 5350 praeditum
610 5266 823 5331 somniabant
868 5266 936 5333 Sed
957 5268 1103 5350 utrisque
1125 5267 1304 5350 scripturae
1325 5276 1374 5332 te·

401 5353 553 5419 stimonia
584 5359 619 5417 31
644 5351 753 5415 multa
779 5359 812 5416 et
836 5353 947 5417 valida
972 5354 1137 5420 1331311131
1180 5352 1258 5418 Ν33
1286 5354 1374 5418 enim

471 5623 502 5695 1)
522 5624 591 5681 orie
611 5623 677 5694 aas.
699 5623 767 5680 111.
785 5623 808 5691 s.
826 5622 868 5676 11.
887 5622 927 5678 u.
981 5690 984 5695 ¹

1426 4673 1537 4735 amin
1558 4693 1619 4736 suo
1639 4673 1772 4736 essentia
1797 4673 1965 4737 advertitio
1991 4673 2070 4738 deno
2095 4674 2285 4755 locupletari.
2328 4674 2405 4743 Hae
2440 4673 2442 4678 ’

1424 4757 1519 4821 eliam
1539 4758 1658 4821 ratione
1679 4758 1755 4822 elicit
1775 4758 1853 4821 alibi
1877 4756 2022 4824 Christus
2043 4761 2111 4842 ipse
2132 4757 2224 4843 (ibid.
2249 4764 2305 4840 17,
2326 4760 2405 4846 19).-

1425 4863 1478 4924 eqo
1493 4848 1623 4924 propter
1645 4863 1695 4906 333
1716 4842 1874 4922 scientifico
1895 4864 1943 4906 rue
1963 4844 2077 4924 ipsum.

1511 4932 1539 4991 2.
1585 4926 1676 5007 Quos
1708 4948 1786 4992 vero
1818 4929 1853 4991 in
1885 4931 2004 4994 erroris
2036 4931 2088 4995 sui
2119 4931 2404 4997 confirmationem

1424 5014 1512 5078 locos
1533 5014 1710 5095 proferunt,
1734 5014 1833 5078 nimis
1854 5014 1963 5096 inepte
1985 5023 2211 5100 contorquent,
2235 5018 2404 5099 necquid-

1426 5119 1522 5181 quam
1541 5099 1666 5181 fricolis
1687 5100 1824 5181 arqutiis
1838 5102 2015 5182 proliciunt,
2037 5103 2091 5166 ubi
2112 5103 2230 5169 diluere
2250 5109 2404 5168 conamur

1426 5206 1505 5267 quoe
1535 5187 1603 5249 iam
1627 5206 1665 5249 33
1690 5190 1784 5266 parte
1811 5191 1919 5251 nostra
1945 5188 2076 5253 adduci.
2119 5188 2267 5253 Marcion
2293 5189 2401 5271 phau·

1425 5279 1532 5336 tasma
1559 5292 1618 5354 pro
1647 5291 1779 5353 corporo
1808 5270 1979 5337 Christum
2010 5272 2156 5338 induisse
2187 5273 2401 5357 imaginatur,

1425 5357 1502 5438 quia
1523 5356 1650 5421 dicatur
1667 5356 1785 5423 alieubi
1805 5358 1840 5421 in
1857 5358 2102 5424 similitudinem
2124 5358 2267 5424 hominis
2284 5360 2401 5441 faetus,

1425 5451 1459 5506 et
1486 5444 1592 5526 figura
1613 5450 1797 5526 compertus
1820 5450 1859 5507 ut
1880 5444 1984 5509 homo.
2029 5442 2097 5510 Sed
2118 5446 2165 5509 ita
2185 5445 2321 5509 minime
2341 5465 2403 5511 ex-

1425 5529 1540 5611 pondit
1560 5529 1638 5613 quid
1658 5529 1725 5594 illic
1747 5536 1824 5613 agat
1844 5529 1978 5595 Paulus.
2013 5530 2089 5595 Non
2111 5529 2200 5595 enim
2219 5531 2315 5613 quale
2336 5532 2402 5598 sibi

1425 5635 1543 5698 corpus
1575 5615 1753 5698 sumpserit
1778 5614 1931 5680 Christus
1958 5615 2179 5696 1311113333,
2210 5615 2268 5682 3311
2296 5638 2402 5701 quum
