5600 6809
372 739 432 800 00
765 734 855 798 nm.
878 712 905 798 ’1.
950 733 1014 797 00
1036 731 1324 799 coemerent
1346 734 1726 802 0010000οΟ00.
1771 739 1871 805 010
1893 740 1989 808 xvi
2324 748 2387 808 150

370 946 434 1007 qua
454 925 603 988 alimenta
624 922 831 1005 suppeditent,
860 923 959 986 nimis
987 921 1123 987 dilutum
1150 927 1194 985 est
1221 941 1259 986 cc
1275 943 1351 1003 pre-
1403 923 1556 988 vendicat
1582 946 1696 988 earum
1718 925 1877 990 iudicium
1899 927 2012 1009 (Prov.
2036 934 2091 1006 16,
2111 929 2175 1014 33).
2220 931 2296 995 Non
2322 954 2383 996 sua

368 1012 481 1093 fanum
492 1007 982 1092 dpmcntnm,·acsifoecnnditas
996 1008 1254 1071 annianiusnon
1274 1014 1351 1072 essct
1401 1010 1549 1092 potentia
1573 1010 1645 1074 fieri
1674 1010 1775 1077 00000
1794 1019 1831 1075 00
1854 1019 1888 1076 00
1908 1013 1944 1076 10
1967 1015 2076 1078 sinum
2097 1017 2313 1081 conficiantur
2334 1017 2382 1081 la

369 1097 545 1179 sincaloris
562 1094 626 1158 Dei
647 1094 820 1172 benedictio,
839 1095 977 1175 penuria
1000 1099 1103 1157 autem
1125 1093 1273 1174 etfames
1289 1113 1351 1158 uon
1402 1095 1473 1178 pilli
1495 1104 1528 1160 et
1548 1097 1779 1176 extrahantur3
1807 1096 1864 1162 sed
1886 1099 1973 1180 quod
1994 1122 2099 1165 unum
2120 1103 2208 1166 casui
2231 1102 2302 1167 dari
2324 1125 2382 1187 po-

370 1187 446 1248 aseet
467 1182 641 1247 maledictio
663 1186 690 1245 et
710 1180 855 1244 cindida.
900 1178 963 1245 Sed
991 1180 1067 1260 quia
1089 1180 1225 1243 rationes
1248 1200 1351 1243 annes
1403 1188 1504 1259 terat,
1535 1203 1611 1246 ase
1632 1182 1703 1264 ipso
1726 1204 1797 1247 0000
1821 1190 1967 1248 testatur
2012 1185 2131 1250 Eodem
2146 1190 2282 1268 pertinet
2302 1189 2383 1255 illrid

370 1269 508 1351 00111900
528 1267 625 1330 nimis
646 1266 771 1349 lonpnm
792 1270 875 1344 esset,
898 1265 1037 1347 suspiciat
1057 1266 1162 1345 ipsius
1179 1264 1244 1329 Dei
1265 1269 1351 1329 auto-
1406 1266 1578 1332 Solonrcms
1599 1268 1711 1352 (Prov.
1731 1272 1782 1345 22,
1802 1267 1852 1353 2)·
1871 1290 1998 1351 pauper
2024 1276 2052 1335 ct
2076 1272 2248 1352 foenerator
2278 1294 2382 1339 occur·

370 1357 460 1419 ritas.
512 1352 555 1416 Ia
588 1353 650 1434 lepc
680 1357 709 1416 et
743 1353 777 1416 iu
803 1351 968 1432 propbetis
999 1352 1127 1431 saepius
1155 1352 1349 1429 pronuntiat,
1401 1358 1477 1416 rurit
1496 1352 1573 1432 sibi;
1600 1353 1700 1418 oculos
1721 1354 1881 1419 cadmum
1902 1355 1992 1420 Deris
2019 1357 2185 1422 illuminat.
2231 1360 2383 1440 00011010

370 1441 488 1522 quaties
509 1459 578 1503 rore
599 1443 626 1502 et
641 1438 756 1518 pluvia
771 1443 887 1501 terram
904 1438 1026 1519 irripat,
1049 1457 1081 1500 se
1101 1437 1239 1519 pralium
1258 1457 1350 1501 suam
1402 1440 1484 1502 enim
1496 1440 1647 1518 pemnirti
1669 1440 1733 1504 sirit
1748 1440 1945 1522 pauperibus
1965 1443 2077 1506 divites
2097 1444 2133 1507 in
2154 1443 2284 1524 mundo,
2306 1446 2382 1511 dum

370 1527 494 1604 astari,
525 1525 640 1589 0001010
667 1524 862 1588 obdurescere
889 1523 993 1587 instar
1016 1522 1098 1603 ferri
1124 1542 1181 1586 sao
1207 1523 1348 1602 imperio,
1401 1525 1536 1607 sinpnlis
1567 1525 1721 1590 divinitus
1753 1528 2021 1607 msipnatur'saa
2049 1530 2197 1607 omrddio,
2230 1530 2381 1611 adinum,

371 1612 500 1678 uredine
521 1616 550 1675 ct
570 1611 647 1674 aliis
668 1611 756 1673 uitiis
777 1610 916 1673 consumi
937 1612 1061 1691 sepetes,
1087 1608 1296 1690 pracedinibus
1322 1612 1350 1671 ct
1401 1609 1520 1687 Deum,
1553 1611 1607 1691 qni
1632 1611 1773 1675 omnibus
1801 1612 1916 1692 illucet,
1945 1614 2075 1678 minime
2096 1616 2262 1694 caeartire,
2292 1620 2383 1696 atque

366 1696 514 1782 procellis
535 1697 652 1777 quoties
669 1691 740 1778 apri
759 1695 928 1776 feriuntur,
949 1699 1047 1758 certae
1064 1698 1091 1756 et
1111 1694 1257 1774 specialis
1274 1714 1350 1759 suae
1402 1696 1448 1758 ita
1466 1716 1625 1777 pauperes
1647 1697 1691 1760 ad
1711 1696 1909 1761 tolerantiam
1930 1699 2089 1777 bortatur;
2119 1701 2195 1780 quia
2221 1721 2301 1765 onus
2320 1700 2383 1767 sibi

371 1784 525 1850 uindictae
546 1802 611 1847 esse
631 1782 763 1864 sianum
808 1780 894 1845 Haeo
914 1780 944 1844 si
958 1780 1147 1860 recipimus,
1170 1785 1284 1844 certum
1306 1785 1351 1843 est
1403 1800 1423 1844 c
1452 1781 1519 1846 Deo
1552 1783 1733 1860 impositam
1765 1788 1902 1849 000100ον0
1934 1791 2086 1849 canatur
2117 1787 2290 1868 quicunque
2321 1806 2382 1852 erra

372 1891 435 1935 non
465 1868 575 1934 cadmo
600 1868 732 1948 pluviae
759 1871 878 1949 puttam
904 1867 970 1930 nisi
996 1870 1074 1930 certo
1100 1863 1165 1928 Dei
1192 1867 1348 1929 iancea.
1402 1871 1483 1930 sorte
1502 1867 1631 1931 cerami
1648 1887 1708 1932 non
1729 1873 1809 1932 sard.
1846 1867 1900 1934 Sic
1917 1874 1945 1933 et
1961 1870 2040 1934 alter
2055 1870 2211 1952 propbeta
2226 1872 2382 1954 proferne

374 1955 502 2020 Madet
527 1953 651 2035 quidem
679 1953 788 2018 Dauid
810 1951 912 2036 (Psal.
937 1957 1010 2027 147,
1031 1949 1065 2034 9)
1092 1951 1265 2033 pencralem
1286 1951 1351 2016 Dei
1402 1952 1540 2016 ltornirtes
1561 1953 1709 2035 obinrpat,
1731 1955 1787 2035 qui
1809 1955 1984 2021 industriae
2001 1955 2160 2021 bomiaiun
2176 1956 2223 2022 cel
2238 1957 2382 2038 fortunae

367 2040 613 2124 previderitiam,
646 2039 728 2120 quod
755 2057 856 2103 escam
882 2038 1036 2101 minusnet
1059 2037 1163 2116 pullis
1191 2057 1350 2101 canaam
1403 2038 1674 2118 adscribuntquod
1687 2039 1747 2103 alii
1768 2041 1919 2104 iacentia
1936 2041 2089 2119 sordibus,
2111 2041 2172 2106 atii
2193 2044 2236 2108 ad
2252 2043 2382 2109 bonaco

373 2126 587 2191 invocantibus
618 2146 704 2203 eum;
736 2125 790 2188 sed
822 2142 917 2204 quum
943 2123 1137 2188 animalibus
1163 2121 1253 2187 Dciis
1283 2125 1351 2203 ipse
1402 2130 1558 2207 010ον0000
1584 2124 1686 2208 (Psal.
1707 2129 1763 2204 75,
1784 2125 1836 2207 7);
1870 2147 1966 2207 neque
1992 2126 2031 2190 ab
2063 2129 2190 2208 oriente,
2218 2149 2314 2210 neque
2342 2127 2382 2193 ab

372 2213 490 2294 fumun
527 2213 681 2290 minatur,
723 2230 820 2274 nonne
858 2209 938 2273 satis
975 2208 1111 2273 declarat
1143 2228 1225 2272 nunc
1255 2210 1350 2285 unni,
1403 2230 1527 2289 000000,
1555 2231 1652 2291 neque
1675 2231 1696 2273 a
1718 2210 1835 2275 deserto
1856 2217 1929 2276 sunt
1950 2212 2167 2291 exaltationem
2194 2215 2271 2295 quia
2292 2214 2382 2279 Deus

374 2318 458 2363 nunc
489 2297 640 2377 ampliore
671 2297 825 2373 damaim,
853 2299 951 2374 prout
981 2296 1085 2359 cisum
1116 2299 1174 2373 est,
1202 2314 1235 2359 se
1266 2296 1351 2359 alere
1403 2297 1499 2360 iudea
1520 2301 1573 2373 est,
1596 2296 1646 2360 liic
1667 2295 1814 2360 humiliat
1834 2301 1861 2360 et
1882 2297 1932 2361 bic
1953 2298 2057 2363 elevat.
2101 2299 2184 2379 Quia
2205 2321 2266 2364 run
2281 2305 2382 2380 potest

373 2389 483 2448 uincta
515 2381 714 2446 animantia?
762 2381 890 2445 Puerile
917 2386 974 2459 est,
1006 2385 1041 2444 nt
1071 2380 1139 2443 iam
1170 2379 1258 2458 dici,
1298 2381 1352 2445 boc
1403 2382 1493 2447 Deus
1513 2403 1624 2446 cature
1644 2382 1762 2446 indicis
1782 2402 1911 2461 manus,
1933 2382 2005 2446 binc
2024 2385 2244 2464 ratiocinatur,
2268 2405 2382 2450 arcano

373 2470 417 2534 ad
432 2468 645 2549 particulares
663 2471 750 2532 actus
766 2467 959 2550 restrinpcre,
982 2485 1078 2546 quum
1095 2467 1163 2529 sine
1180 2466 1352 2545 exceptione
1403 2468 1472 2532 eius
1488 2467 1615 2532 ccnedio
1634 2468 1714 2531 alios
1729 2468 1880 2546 arcellae,
1900 2468 1981 2532 alios
1994 2489 2119 2535 martem
2136 2470 2380 2550 contanptibites.

373 2554 522 2634 loquatur
546 2553 688 2618 (lbridns
710 2551 841 2638 (Matth.
866 2557 914 2628 10,
934 2551 1004 2636 20),
1027 2551 1148 2615 nullum
1170 2570 1208 2616 ea
1224 2571 1352 2631 passer·
1492 2557 1519 2617 7.
1578 2553 1662 2633 0010
1693 2554 1788 2618 etiam
1811 2555 2024 2632 particulares
2053 2560 2175 2620 eventus
2207 2557 2381 2620 calmonte

373 2640 457 2704 erclis
482 2639 603 2704 nudius
625 2639 725 2721 pretii
752 2638 923 2703 00001010
948 2643 1064 2702 terram
1089 2638 1158 2701 sine
1172 2638 1282 2717 patris
1302 2659 1352 2702 co
1404 2659 1468 2703 esse
1490 2639 1613 2703 1110010
1635 2640 2025 2722 peneresinpnlcrisDei
2046 2642 2270 2722 procidentiae.
2314 2641 2382 2705 Ea-

373 2725 501 2790 luntate.
552 2723 637 2789 Certa
668 2725 698 2788 si
731 2725 836 2788 coium
866 2723 987 2788 calatus
1018 2728 1097 2788 certo
1128 2722 1193 2787 Dei
1223 2724 1351 2788 cmmilio
1403 2726 1509 2788 citae-it
1528 2724 1619 2789 Deus
1640 2725 1676 2788 in
1697 2725 1813 2788 desuto
1837 2731 1960 2788 cattum
1981 2727 2166 2805 australern,
2194 2728 2249 2808 qai
2265 2727 2381 2808 populo

376 2813 511 2893 rapitur,
536 2810 633 2891 fateri
653 2830 770 2874 necesse
789 2815 832 2873 est
852 2829 922 2873 cum
936 2808 1091 2890 propbeta
1112 2807 1214 2893 (Psal.
1237 2813 1285 2888 14,
1305 2808 1349 2893 5),
1403 2810 1563 2875 adaclrcrct
1581 2811 1703 2889 copiam
1723 2811 1829 2873 aniam
1848 2810 1969 2895 (Exod.
1989 2810 2115 2895 1013).
2147 2814 2250 2893 Quum
2268 2811 2382 2877 lucam

377 2898 425 2960 sic
445 2916 516 2960 eum
536 2895 677 2961 babitare
696 2895 733 2958 in
748 2894 889 2973 sublimi,
917 2900 952 2958 ut
972 2915 1005 2959 sc
1024 2894 1162 2958 humiliet
1184 2895 1227 2959 ad
1246 2896 1351 2961 01000·
1403 2897 1500 2961 coluit
1520 2896 1556 2958 in
1576 2916 1663 2960 arare
1679 2896 1810 2975 proiici,
1840 2901 1964 2959 centum
1985 2898 2104 2960 turbini
2125 2899 2287 2963 excitando
2309 2899 2382 2962 enti·

376 2982 453 3046 dum
473 3001 672 3063 quaecunque
693 2981 837 3046 accidunt
858 2982 894 3043 in
914 2980 992 3044 coelo
1014 2984 1040 3043 et
1062 2980 1098 3042 in
1117 2984 1210 3043 terra.
1402 2983 1445 3045 sit
1465 2980 1549 3064 (Ion.
1573 2986 1640 3058 1,4.
1657 2979 1701 3064 6).
1732 2980 1853 3056 Dicent,
1872 2983 1928 3062 qui
1945 3003 2006 3045 non
2018 2987 2134 3062 putant
2150 2984 2255 3048 Deam
2271 2985 2382 3048 mundi

462 3071 490 3131 6.
539 3066 601 3132 Sed
632 3068 709 3147 quia
727 3068 855 3140 ,scimus
881 3065 1013 3129 lumeni
1035 3065 1205 3146 praecipue
1228 3068 1352 3149 pencris
1401 3068 1611 3150 pubernccula
1627 3071 1735 3144 tenue,
1753 3065 1808 3129 boc
1822 3066 1924 3146 (uisse
1936 3071 2063 3147 praeter
2080 3087 2381 3133 cornmanernusum.

317 3199 320 3207 -
375 3174 472 3219 cauea
498 3153 650 3217 mnndum
678 3173 743 3217 esse
769 3152 939 3235 coriditum,
967 3152 1003 3215 iu
1030 3152 1100 3215 eius
1125 3152 1219 3215 diam
1243 3152 1352 3234 puber-
1404 3153 1507 3234 Atqui
1535 3153 1607 3217 inde
1634 3151 1741 3234 collipo
1764 3152 1887 3216 nullum
1907 3172 2046 3233 utiquam
2068 3158 2190 3216 caetum
2212 3155 2308 3231 oriri,
2335 3154 2382 3217 cel

374 3241 497 3304 natione
536 3237 586 3301 bic
623 3238 712 3302 nobis
749 3238 934 3318 spectandus
965 3241 1010 3302 est
1039 3235 1124 3318 finis.
1177 3236 1353 3302 Exclamat
1403 3259 1538 3322 sarpere,
1556 3239 1622 3303 uisi
1638 3236 1768 3318 speciali
1787 3237 1852 3302 Dei
1867 3238 1968 3302 iussu.
2001 3236 2065 3302 Nec
2082 3259 2152 3303 cero
2170 3239 2262 3302 aliter
2274 3259 2382 3302 cerum

374 3323 535 3409 propheta
555 3323 712 3388 Ieremias
735 3324 801 3407 (10,
821 3323 893 3409 23);
917 3323 982 3389 seio
1004 3322 1163 3401 Domine,
1185 3324 1351 3405 quianon
1404 3330 1481 3389 esset
1503 3324 1582 3389 illud
1603 3323 1706 3407 (Psal.
1728 3328 1805 3402 104,
1824 3322 1875 3408 4),
1908 3328 2010 3389 auitos
2031 3324 2133 3405 facem
2153 3343 2227 3388 snos
2248 3325 2381 3403 nuntios,
2403 3398 2406 3404 ¹

376 3420 429 3476 000
448 3410 588 3475 hominis
610 3409 664 3474 via
684 3411 768 3488 eius,
797 3431 903 3492 neque
931 3409 994 3474 riri
1020 3415 1059 3473 ut
1078 3407 1200 3491 dirigat
1220 3429 1351 3491 gressus
1403 3415 1433 3476 et
1452 3411 1614 3475 ministros
1635 3429 1708 3473 siros
1728 3410 1832 3492 100001
1848 3411 2038 3489 flammeum,
2060 3410 2155 3473 nubes
2174 3409 2278 3490 facere
2299 3408 2382 3473 vebi-

376 3518 460 3562 suos.
494 3493 626 3560 Solonio
644 3503 755 3560 antem
773 3495 886 3579 (Pron.
907 3499 957 3572 20,
977 3494 1048 3577 24);
1074 3495 1254 3558 aDomino
1273 3502 1352 3560 sunt
1403 3496 1474 3560 mla
1493 3517 1561 3574 sim,
1583 3501 1611 3560 et
1631 3496 1769 3577 equitare
1789 3516 1883 3576 snper
1904 3496 2087 3574 0100000111,-
2109 3496 2175 3558 uisi
2194 3500 2223 3558 ot
2243 3495 2383 3559 nubeset

375 3603 507 3668 0100000
518 3582 591 3659 viri,
615 3580 1349 3664 0000001000010000000001011010000011
1403 3586 1506 3647 emtas
1526 3583 1745 3665 circumaperet
1765 3602 1821 3646 stro
1843 3581 1989 3658 arbitrio,
2013 3581 2264 3663 sinpnlaremquc
2285 3582 2383 3644 cirtu-

374 3668 497 3733 Dioant
528 3688 630 3745 nune,
662 3667 831 3731 hominem
862 3687 883 3730 a
908 3667 980 3731 Deo
1012 3667 1139 3731 moveri
1155 3666 1351 3737 ,secundum
1403 3669 1445 3732 tis
1478 3688 1555 3731 strae
1580 3667 1797 3747 praesentiam
1829 3667 1863 3730 in
1891 3668 1959 3731 illis
1985 3666 2159 3732 ostenderet.
2208 3665 2261 3730 Sic
2288 3667 2382 3730 etiam

374 3762 511 3819 naturae
534 3774 612 3818 sune
629 3753 883 3830 inclinationem,
905 3754 1014 3835 ipsum
1032 3760 1143 3816 autem
1161 3758 1351 3817 convertere
1403 3752 1483 3818 alibi
1505 3753 1608 3838 (Psal.
1631 3757 1700 3830 107,
1721 3755 1761 3815 25
1780 3752 1883 3837 seqq.)
1905 3752 2062 3831 dommur,
2085 3753 2203 3833 quoties
2224 3756 2382 3816 catorum

374 3849 501 3904 motum
529 3861 592 3921 quo
621 3839 730 3903 visum
751 3839 858 3903 fuerit
903 3840 950 3902 At
973 3836 1057 3902 0110
1078 3859 1156 3903 vere
1177 3837 1349 3918 diceretur,
1399 3841 1480 3919 flatu
1511 3860 1598 3904 mare
1630 3838 1749 3917 ebullit,
1782 3839 1915 3917 impetus
1946 3838 2018 3903 illas
2048 3838 2157 3903 testari
2188 3837 2383 3919 sinpnlarcm

376 3946 476 4009 penes
514 3925 680 3989 1100110001
718 3925 801 3989 10100
833 3926 963 3990 viarum
999 3944 1132 3989 suarum
1166 3923 1348 3989 arbitrium.
1403 3925 1467 3990 Dei
1488 3925 1710 4006 praesentiam.
1758 3922 1973 4005 Praecipitat
1998 3925 2111 3988 eoncitat
2135 3924 2285 4004 spiritum
2307 3943 2382 4004 pro·

374 4011 551 4094 Negabunt
572 4010 664 4088 forte,
687 4012 765 4092 quia
786 4011 871 4075 nihil
893 4011 963 4075 0100
978 4011 1044 4074 Dei
1065 4011 1211 4093 potentia
1231 4010 1349 4076 valeat.
1403 4011 1503 4090 cellae,
1525 4017 1554 4075 ct
1575 4011 1611 4073 in
1631 4010 1759 4074 subliuic
1778 4010 1888 4074 attollit
1902 4009 2150 4088 sludus1maris5
2171 4009 2283 4073 dunde
2299 4014 2382 4073 stare

371 4098 420 4161 At
451 4117 553 4179 quum
586 4096 781 4246 0100000001
813 4103 848 4160 00
874 4095 1085 4161 Salomonem
1118 4103 1245 4160 0000000
1284 4118 1351 4160 000
1401 4096 1479 4177 facit
1495 4096 1667 4177 procellam
1689 4096 1723 4158 in
1743 4094 1881 4174 silentio,
1910 4101 1945 4160 ut
1968 4100 2082 4160 cessent
2098 4096 2212 4173 fluctus
2232 4096 2383 4177 11001000·

372 4183 553 4268 potentiam
581 4202 636 4246 mo
660 4203 693 4259 0,
728 4181 786 4246 sed
813 4182 1004 4266 electionem
1030 4202 1158 4263 quoque
1189 4203 1226 4246 ae
1250 4181 1350 4246 desti·
1402 4184 1490 4246 tium.
1528 4182 1615 4246 Sicut
1634 4181 1712 4257 alibi
1732 4181 1907 4256 denuntiat,
1929 4181 2029 4246 ventis
2047 4181 2205 4245 urentibus
2226 4201 2259 4244 se
2276 4179 2383 4262 stapel·

372 4270 540 4333 nationem
560 4268 632 4332 Deo
654 4267 849 4346 attribuere,
875 4287 1079 4349 nequaquam
1103 4287 1138 4330 00
1160 4266 1348 4348 expediunt
1403 4270 1486 4333 lasse
1505 4267 1667 4348 populum.
1716 4264 1770 4330 Sic
1796 4287 1893 4348 quum
1920 4266 2108 4331 naturaliter
2134 4268 2184 4329 cis
2210 4264 2382 4347 perorandi

373 4355 482 4437 Atque
514 4353 601 4418 hane
629 4353 801 4417 hominum
827 4352 1045 4418 temeritatem
1077 4352 1244 4434 eleganter
1273 4353 1351 4419 alibi
1403 4355 1506 4419 indita
1526 4353 1567 4417 sit
1587 4351 1771 4429 bominibus,
1793 4351 1884 4418 Deus
1905 4357 2007 4416 tamen
2027 4352 2158 4431 speciali
2176 4351 2297 4430 pretias
2318 4347 2383 4410 cult

373 4441 479 4521 carpit
501 4437 633 4504 Solomc
654 4438 766 4524 (Prov.
789 4444 837 4517 10,
862 4440 908 4523 1),
938 4438 993 4519 001
1015 4458 1150 4520 scopum
1173 4436 1350 4519 01010100-
1401 4440 1484 4521 ferri
1504 4443 1659 4520 acceptum
1687 4439 1769 4519 qnod
1795 4438 1877 4503 alios
1896 4438 2045 4519 relinquit
2071 4439 2107 4500 in
2135 4434 2274 4509 orbitate,
2301 4428 2382 4496 dut

373 4527 516 4590 stituunt
549 4526 619 4589 0100
646 4525 712 4589 Dei
743 4532 901 4607 respectu,
935 4545 972 4589 ao
1000 4524 1029 4586 si
1054 4545 1155 4587 mann
1185 4523 1254 4587 eius
1284 4546 1350 4589 non
1403 4525 1502 4590 sobole
1532 4526 1698 4607 dieantur,
1729 4544 1804 4587 nam
1834 4525 1952 4588 donum
1984 4524 2066 4596 cias,
2103 4521 2226 4601 fruaris
2256 4519 2379 4582 centris.

374 4610 578 4676 ducerentur.
623 4610 791 4689 Hominis,
820 4612 941 4693 inquit,
970 4617 1021 4673 000
1048 4609 1214 4691 dispositio
1235 4609 1350 4689 cordis,
1404 4612 1479 4676 ideo
1497 4609 1616 4677 taeta
1634 4608 1727 4674 laceb
1748 4611 1859 4674 uxori:
1879 4631 1922 4672 an
1943 4630 1994 4691 epo
2006 4626 2068 4689 pro
2085 4604 2152 4668 Deo
2171 4623 2250 4680 sum,
2272 4608 2307 4667 at
2324 4602 2382 4666 tibi

373 4704 408 4762 et
435 4697 571 4762 Domini
597 4705 647 4761 est
672 4698 878 4779 praeparatio
905 4696 1045 4779 linguae.
1090 4695 1245 4762 Ridicula
1273 4717 1351 4761 sane
1403 4699 1471 4762 dem
1500 4696 1612 4761 liberos
1639 4695 1740 4778 (Gen.
1763 4699 1819 4773 30,
1841 4695 1901 4778 2)?
1954 4693 1993 4758 Ut
2025 4690 2115 4755 seniel
2140 4690 2267 4768 finiam,
2299 4689 2382 4756 nibil
2450 4747 2454 4754 .

372 4783 516 4862 insania,
540 4781 626 4865 quod
646 4783 752 4847 locere
775 4784 844 4847 sine
866 4783 937 4847 Deo
959 4783 1137 4846 instituunt
1157 4780 1270 4845 miseri
1293 4782 1358 4846 ho?
1403 4785 1506 4866 may-is
1528 4782 1725 4847 ordinarium
1747 4783 1783 4845 in
1804 4785 1920 4844 natura
1941 4797 2035 4858 quam
2056 4795 2113 4838 nos
2130 4795 2216 4855 pane
2236 4775 2291 4839 ali.
2323 4775 2382 4839 At-

371 4870 488 4947 mines,
510 4869 565 4950 qui
589 4869 774 4951 ne‘profari
796 4865 928 4951 quidem
950 4875 1088 4950 possunt
1108 4868 1171 4932 0101
1193 4867 1279 4950 qued
1296 4868 1351 4932 ille
1403 4871 1459 4950 qui
1473 4868 1662 4949 pronuntiat
1681 4869 1815 4947 spiritus
1837 4864 1949 4946 (Dent
1975 4870 2004 4938 tt,
2025 4859 2068 4943 2),
2089 4881 2150 4923 non
2172 4862 2259 4925 10000
2280 4867 2382 4927 terrae

372 4954 523 5020 voluerit.
578 4955 682 5019 Porro
714 4976 777 5037 quo
810 4955 917 5038 magis
949 4955 1147 5036 exprimeret
1179 4954 1349 5036 scriptura,
1398 4960 1583 5036 macedam
1609 4953 1673 5018 Dei
1699 4974 1764 5018 csse
1789 4953 1904 5016 donum
1934 4946 2079 5044 speciale,
2109 4947 2163 5011 sed
2189 4966 2250 5010 rim
2279 4949 2382 5013 cicere

372 5040 458 5105 nihil
487 5041 623 5122 penitus
644 5040 680 5103 in
708 5040 829 5105 mundo
858 5041 926 5124 geri
955 5041 1019 5104 0101
1046 5061 1087 5104 ex
1116 5041 1185 5104 eius
1208 5039 1351 5104 deonna
1404 5041 1467 5105 solo
1482 5061 1568 5122 pane
1589 5039 1742 5116 licruines;
1768 5038 1845 5117 0010
1873 5055 1932 5097 ran
1961 5052 2036 5111 ursa
2054 5033 2208 5098 saturitas
2227 5053 2277 5097 eos
2298 5053 2386 5115 cepo-

372 5126 478 5204 01000,
501 5147 583 5208 quae
604 5127 747 5189 maxime
768 5127 903 5190 fortuita
923 5125 1090 5205 videntur,
1113 5126 1162 5189 illi
1184 5125 1351 5191 subiacere
1403 5132 1461 5204 tat,
1489 5127 1542 5191 scd
1570 5145 1687 5189 arcana
1716 5123 1780 5188 Dei
1802 5119 1980 5197 taediata
2012 5119 2091 5182 suut
2118 5139 2297 5201 econcerso
2321 5118 2381 5182 mi·

372 5211 525 5276 ostendit
565 5211 655 5291 Quid
674 5212 762 5274 enim
783 5213 888 5293 magis
910 5211 952 5275 ad
974 5233 1087 5276 casum
1109 5212 1231 5276 referas
1252 5233 1351 5294 quam
1403 5218 1500 5277 natur
1521 5232 1554 5276 se
1572 5212 1750 5293 fracturum
1772 5205 1870 5287 panis
1897 5204 2267 5288 suttonam(1es.3,l).
2315 5200 2381 5267 Ncc

372 5295 456 5362 dum
486 5304 751 5380 praetereuntem
788 5297 945 5360 viatorem
972 5296 1136 5363 defractus
1165 5320 1207 5362 ex
1235 5299 1351 5362 arbore
1403 5319 1474 5362 nero
1500 5299 1593 5361 aliter
1619 5297 1705 5359 seria
1725 5295 1831 5372 posset
1857 5291 1976 5373 canipi
2009 5291 2109 5356 oratio
2136 5291 2174 5385 de
2199 5287 2380 5369 quotidiano

371 5403 489 5448 ramus
509 5382 686 5448 interficit?
730 5382 777 5444 At
797 5381 894 5463 longe
913 5381 1008 5445 aliter
1029 5383 1207 5461 Dominus,
1235 5385 1291 5466 qui
1316 5405 1351 5448 00
1397 5405 1491 5466 pane,
1514 5383 1579 5446 nisi
1596 5381 1686 5446 Dens
1708 5378 1810 5442 cibum
1824 5380 1960 5459 paterna
1978 5397 2076 5461 manu
2097 5375 2184 5438 rubis
2200 5378 2379 5454 capena.

371 5468 499 5533 fatetur
524 5490 601 5532 eum
628 5466 801 5532 tradidisse
830 5467 866 5529 in
893 5487 1029 5529 manum
1057 5467 1207 5532 occisoris
1229 5469 1349 5551 (Exod.
1405 5470 1480 5534 Ideo
1491 5467 1643 5548 propbeta
1661 5462 1763 5549 (Psal.
1786 5465 1856 5540 136,
1876 5462 1942 5547 25),
1965 5467 2000 5526 ut
2018 5459 2163 5542 fidelibus
2179 5457 2378 5538 persuadeat,

373 5556 513 5637 21,13).
550 5552 662 5619 Sortes
682 5553 833 5618 similiter
854 5552 926 5634 0010
948 5572 1013 5614 000
1034 5553 1184 5615 fortunae
1204 5555 1352 5619 caecitati
1403 5555 1508 5620 Deam
1532 5553 1568 5615 in
1596 5551 1677 5630 ipsis
1693 5550 1862 5628 pascendis
1883 5549 1991 5631 optimi
2006 5543 2256 5628 patrisfamilias
2271 5548 2381 5624 partes

286 5700 290 5712 ,
369 5639 568 5724 permittat?
612 5640 738 5704 Verum
757 5639 922 5704 Dominus
950 5656 1018 5700 non
1043 5636 1184 5719 patitur,
1211 5639 1269 5718 qui
1290 5640 1353 5703 sibi
1403 5639 1539 5718 implere,
1567 5637 1723 5714 admmid,
1751 5655 1853 5700 escam
1879 5635 1956 5699 dare
1988 5631 2196 5696 auraicensi.
2237 5628 2381 5710 Denique

2119 5729 2176 5783 10*
