5600 6809
393 801 454 861 375
1039 791 1305 860 mamaeam
1327 761 1433 860 aaa.
1457 792 1638 860 annisa.
1665 798 1756 858 1559.
2337 796 2402 855 ,are

479 987 508 1047 8.
555 982 622 1048 Nec
647 1003 717 1047 acro
745 983 923 1047 descersum
950 983 992 1057 ad
1012 981 1128 1062 iaserm
1148 983 1284 1047 amittere
1304 1002 1372 1047 carr·
1423 984 1477 1047 ria
1494 981 1539 1066 (9,
1556 982 1619 1068 11),
1641 981 1723 1062 qued
1742 981 1904 1046 redemerit
1923 983 2040 1046 muetos
2060 985 2187 1061 cputeo
2207 981 2242 1043 ia
2263 1001 2324 1062 que
2340 1001 2405 1045 aaa

393 1070 489 1148 omit,
511 1069 547 1133 ia
568 1090 629 1150 quo
650 1070 693 1134 ad
713 1069 933 1148 redemptionis
954 1068 1089 1148 effectum
1109 1088 1171 1132 aaa
1187 1089 1308 1148 parum
1329 1067 1374 1132 cs‘t
1424 1073 1489 1133 erat
1510 1089 1603 1149 aqua.
1644 1067 1769 1145 Verum,
1790 1086 1886 1147 quum
1909 1066 2058 1131 Psalmus
2079 1086 2188 1131 eorum
2208 1065 2405 1130 liberationes

393 1156 545 1220 momenti.
590 1153 787 1236 Quanquam
808 1156 891 1218 euim
912 1173 955 1217 ex
976 1159 1126 1218 veterum
1145 1154 1274 1236 scriptis
1295 1175 1372 1236 par·
1421 1155 1592 1237 praedicet,
1621 1154 1677 1233 qui
1703 1154 1738 1217 ia
1764 1153 1944 1236 lcupinauis
1964 1152 2140 1235 repiaaibus
2168 1153 2252 1233 capti
2276 1152 2311 1214 ia
2338 1153 2405 1215 uia-

394 1241 544 1319 ticulam,
574 1261 654 1320 puae
675 1240 787 1322 lepitur
810 1241 845 1303 irc
871 1238 1018 1322 sputbole,
1048 1246 1184 1321 apparet
1205 1259 1271 1302 non
1292 1238 1372 1304 adeo
1425 1240 1496 1304 cula
1515 1240 1739 1318 maiieiualur5
1769 1238 1946 1303 Zacharias
1968 1243 2069 1301 autera
2085 1237 2245 1318 musarde
2265 1241 2292 1300 et
2314 1238 2406 1302 arido

394 1328 495 1392 trisse
517 1325 595 1390 olim
616 1328 651 1389 in
674 1326 817 1391 ecclesiis
839 1326 1008 1401 usitatam,
1031 1325 1066 1387 ia
1087 1326 1252 1388 tractaada
1270 1329 1373 1389 tamea
1420 1330 1518 1407 puteo
1536 1326 1586 1390 ael
1606 1326 1716 1407 abysso
1736 1329 1890 1406 comparet
1910 1323 2029 1388 cladem
2052 1322 2263 1404 babylonicam
2284 1323 2321 1385 iu
2342 1343 2407 1403 qua

394 1414 686 1478 doclriaaesumma
703 1412 801 1475 maim
816 1411 845 1474 ei
863 1410 937 1475 dari
953 1429 1071 1475 accessc
1088 1415 1141 1488 cst,
1159 1416 1272 1492 utpote
1290 1431 1373 1492 quae
1425 1412 1585 1477 deauracs
1605 1416 1673 1474 erat
1687 1412 1838 1492 populus,
1861 1414 1889 1473 d
1908 1409 2004 1474 aaut
2020 1409 2133 1486 deccat,
2154 1409 2247 1473 tatius
2264 1408 2407 1472 ecelesiae

395 1499 445 1564 rei
466 1499 630 1562 maximae
650 1496 725 1560 utile
748 1517 784 1560 ac
806 1496 934 1560 minime
950 1495 1158 1578 speauaum
1180 1497 1374 1581 mysterium
1427 1498 1558 1562 salutem
1585 1515 1650 1560 esse
1676 1498 1795 1560 callum
1821 1517 1842 1560 a
1863 1494 2038 1576 profundis
2063 1493 2194 1574 ialam:
2220 1495 2325 1560 amcic
2349 1494 2407 1573 qui

396 1584 550 1650 continet.
601 1581 689 1648 Sunt
720 1581 853 1664 quidem
885 1589 918 1645 et
950 1603 992 1646 ex
1014 1582 1181 1647 veteribus
1213 1581 1373 1659 nonnulli,
1426 1583 1545 1665 fadum
1570 1583 1613 1647 sil
1637 1587 1673 1646 ul
1686 1581 1856 1663 posteritas
1883 1582 1983 1646 lecum
2004 1584 2134 1658 portaret
2158 1600 2223 1644 csse
2248 1579 2407 1644 adtcrra-

396 1670 452 1753 qui
481 1689 554 1733 eam
575 1690 642 1732 non
663 1668 936 1750 praetermittant.
980 1666 1078 1732 Unde
1105 1667 1265 1732 coniicere
1287 1666 1373 1745 licet,
1427 1689 1533 1746 naua,
1563 1668 1617 1733 cui
1649 1667 1779 1750 affiaed
1808 1687 1919 1732 acmen
1951 1664 2048 1729 limbi.
2094 1664 2157 1730 Sed
2190 1665 2264 1730 baec
2293 1665 2408 1746 fabula

396 1762 470 1838 post
492 1754 696 1836 aliquantum
717 1754 873 1835 temporis
892 1752 1052 1818 insertam
1069 1753 1297 1835 nonprotinus
1318 1751 1376 1817 sed
1428 1754 1552 1818 taractsi
1572 1773 1700 1836 mapaos
1719 1741 1841 1818 autres
1861 1750 1964 1830 babet,
1989 1756 2018 1815 et
2041 1749 2130 1815 bodie
2151 1772 2269 1832 auoque
2288 1772 2309 1815 a
2328 1751 2408 1815 mul-

397 1840 519 1905 scusim
546 1838 689 1904 ecclesiis
716 1839 906 1903 insuevisse.
950 1837 991 1901 Id
1017 1846 1105 1902 certe
1132 1845 1227 1902 extra
1248 1849 1375 1903 contro·
1427 1841 1470 1904 tis
1496 1840 1578 1904 serie
1599 1859 1662 1921 pro
1686 1840 1814 1903 vailate
1838 1838 2030 1919 deferrdilur,
2062 1835 2145 1900 nibil
2175 1842 2278 1901 tarnem
2310 1857 2408 1917 quam

396 1926 537 1990 versiam
571 1931 635 2002 est,
655 1945 711 1988 ex
743 1924 909 1989 communi
941 1923 1072 2006 piorum
1103 1925 1248 1988 omnium
1277 1945 1376 1989 sensu
1426 1924 1537 2006 fabula
1569 1929 1621 1988 est.
1676 1924 1765 1989 Nam
1796 1922 1972 1988 modudmc
2001 1923 2037 1986 iu
2063 1942 2184 1987 carcere
2212 1927 2407 1987 mertuorum

397 2012 497 2076 fixisse
530 2009 735 2092 desumptam
742 2034 750 2088 3
783 2008 912 2091 qnando
941 2030 1036 2073 nemo
1064 2016 1114 2074 est
1141 2017 1286 2092 patrum,
1320 2010 1376 2093 qui
1428 2013 1555 2075 amintas
1577 2011 1702 2092 puerile
1728 2015 1788 2074 est:
1823 2008 1942 2073 Christi
1966 2013 2069 2072 auteur
2094 2008 2235 2072 animam
2255 2008 2331 2072 illuc
2352 2009 2407 2073 de-

396 2117 464 2160 non
496 2096 531 2159 in
559 2097 627 2160 suis
654 2096 783 2177 scriptis
811 2094 1004 2160 descensum
1033 2092 1159 2160 Christi
1187 2093 1229 2159 ad
1255 2096 1376 2160 inferos
1428 2097 1570 2161 scandere
1590 2100 1625 2158 ul
1646 2116 1700 2161 eas
1720 2095 1955 2173 manumitteret,
1977 2094 2055 2175 quid
2077 2114 2156 2176 opus
2175 2094 2263 2175 suit?
2293 2093 2407 2158 libert·

397 2188 636 2259 commemoret,
657 2182 786 2245 tametsi
797 2181 1065 2262 interpretatione
1078 2179 1215 2246 diversa.
1250 2181 1377 2246 Verum
1428 2187 1474 2246 ter
1500 2182 1642 2263 equidem
1673 2183 1786 2263 fateor,
1826 2176 1986 2244 Obrislum
2011 2179 2093 2260 ipsis
2119 2179 2264 2244 illueme
2293 2180 2408 2244 virtuale

393 2275 456 2332 aut
477 2289 497 2331 a
519 2265 644 2349 quibus,
668 2275 725 2330 aut
747 2287 810 2348 quo
832 2266 975 2348 primum
997 2273 1143 2348 tempore
1160 2268 1285 2331 inserta
1305 2268 1376 2332 fue-
1428 2269 1653 2347 sui'spiritus:
1677 2272 1713 2331 ut
1735 2266 1875 2349 pralium
1904 2286 2002 2347 quam
2028 2285 2082 2346 spe
2105 2269 2305 2348 pompeam
2326 2266 2408 2330 durs·

398 2353 456 2429 rit,
485 2372 603 2435 pamm
625 2350 667 2414 ad
687 2373 758 2415 rem
780 2353 906 2415 attinet.
950 2351 1067 2417 Potius
1089 2352 1151 2419 hoc
1172 2354 1208 2416 in
1229 2351 1376 2437 symbolo
1428 2358 1532 2432 macl,
1561 2353 1678 2417 muodo
1703 2353 1805 2434 fuisse
1833 2356 1905 2415 tuac
1927 2350 2096 2415 exhibitam
2116 2355 2319 2434 aproscereut.
2352 2350 2410 2420 ,Et

398 2436 734 2514 animadvertendum,
757 2443 796 2500 ut
816 2436 914 2519 plena
935 2445 969 2501 et
987 2439 1134 2502 numeris
1151 2438 1301 2503 omnibus
1319 2437 1376 2501 ab·
1423 2439 1582 2520 probabili
1602 2439 1722 2513 ratione
1742 2437 1802 2500 leuc
1822 2437 1930 2516 aptari
1943 2441 2045 2516 potest
2060 2435 2150 2501 Petri
2167 2438 2251 2502 lecim
2268 2436 2299 2520 (1
2314 2437 2406 2502 Petr.

399 2524 505 2588 soluta
537 2521 615 2587 fidei
648 2543 776 2587 summa
805 2522 899 2586 nobis
932 2528 1054 2600 castet,
1093 2524 1129 2586 in
1161 2545 1259 2606 quam
1292 2522 1376 2587 nihil
1431 2529 1459 2603 3,
1482 2523 1546 2608 19),
1567 2523 1623 2587 ubi
1643 2525 1720 2589 dicit
1739 2522 1900 2589 Christum
1920 2523 2048 2600 uisse,
2070 2542 2108 2586 ac
2123 2524 2325 2604 praedicasse
2343 2524 2410 2604 spi-

398 2610 569 2691 ingeratur
592 2607 657 2672 nisi
678 2629 719 2671 ex
740 2609 914 2690 purissimo
935 2606 1003 2675 Dei
1024 2609 1123 2673 verbo
1145 2610 1292 2691 petitum.
1339 2607 1377 2672 Si
1428 2610 1543 2675 ritibus
1574 2611 1692 2690 quiin
1718 2609 1843 2689 specula
1872 2613 1961 2672 eram
1986 2608 2154 2690 (macerae
2180 2613 2303 2673 eertum
2329 2629 2409 2673 com

398 2713 475 2775 auos
489 2712 587 2774 porro
608 2692 737 2774 incpedit
754 2694 921 2757 morositas
946 2713 985 2757 ae
1008 2695 1043 2757 ia
1068 2695 1237 2775 spacbolum
1264 2694 1377 2758 admit·
1429 2694 1588 2779 muuiter).
1634 2694 1721 2775 Nam
1741 2700 1769 2758 ct
1789 2698 1945 2760 amaus
1962 2713 1995 2757 eo
2016 2713 2073 2757 aas
2092 2694 2191 2772 ducit,
2210 2694 2330 2775 fideles,
2352 2696 2410 2774 qui

397 2784 478 2857 taut,
505 2798 577 2842 mcc
603 2783 706 2842 tamea
726 2779 863 2860 plaaum
886 2779 939 2859 fiet
963 2780 1049 2842 tanti
1075 2781 1233 2845 interesse
1257 2780 1298 2845 ad
1324 2801 1376 2843 re·
1429 2787 1499 2845 uate
1519 2781 1554 2844 id
1574 2785 1698 2861 tempus
1715 2780 1852 2862 desumi
1871 2778 2011 2860 fuerant,
2033 2785 2187 2844 causales
2205 2780 2307 2861 fuisse
2328 2781 2411 2844 eius-

396 2864 591 2946 demptionis
612 2870 744 2928 nostrae
762 2884 926 2942 summam,
948 2869 984 2928 ul
1004 2885 1041 2929 ca
1055 2867 1228 2946 praelmita
1243 2867 1377 2931 mullum
1428 2869 1499 2931 dem
1524 2866 1682 2930 riobimum
1706 2867 1845 2949 pralium
1871 2865 1949 2945 quia
1976 2865 2041 2929 aaa
2072 2866 2181 2928 mertis
2202 2866 2275 2929 iude
2295 2865 2411 2945 aupli-

395 2970 433 3015 66
460 2950 569 3013 mortis
593 2947 710 3045 (lbristi
732 2950 838 3029 fructu
864 2950 1014 3048 depereat.
1048 2949 1149 3016 ¹Sunt
1175 2953 1275 3049 etiam
1301 2974 1375 3016 rur-
1426 2952 1515 3032 ficol,
1543 2953 1625 3032 quod
1646 2953 1689 3016 ad
1709 2957 1846 3017 mertuos
1866 2970 1965 3031 usquc
1979 2951 2202 3048 penetraverit,
2230 2951 2307 3014 dum
2327 2952 2409 3030 piae

394 3057 468 3185 1111
489 3042 751 3202 111611ῗὲἓὲ
768 3056 855 3203 ..tt
869 3032 991 3203 1111
999 3036 1375 3205 1011191ῗῶ911ιῇ
1422 3035 2409 3205 ttttlttttttttlllttattlttt

394 3206 517 3283 fuerat3
543 3203 807 3288 quandoquidem
828 3206 949 3271 inferm
970 3208 1165 3273 vocabulum
1187 3209 1317 3292 saepius
1339 3209 1375 3273 in
1423 3210 1529 3291 poluit
1550 3230 1584 3274 se
1602 3210 1727 3274 excludi
1747 3211 1786 3274 ab
1807 3209 1893 3272 omui
1913 3208 2022 3272 salute.
2064 3207 2152 3287 Quod
2168 3213 2273 3272 auum
2293 3206 2409 3272 Petrus

395 3291 565 3373 scriptmis
597 3311 657 3373 pro
691 3293 840 3374 sepulcro
873 3297 1022 3372 portatur.
1078 3293 1176 3375 Quod
1208 3294 1248 3358 de
1282 3295 1375 3360 verbi
1429 3316 1490 3359 aaa
1516 3300 1582 3360 lam
1609 3296 1752 3360 distincte
1778 3294 1932 3376 loquitur,
1963 3314 2027 3357 aaa
2051 3293 2098 3357 ita
2126 3294 2341 3374 accipiendum
2365 3298 2410 3356 est

394 3375 631 3460 significatione
658 3377 855 3455 obtendunt,
885 3398 1003 3444 verum
1031 3400 1101 3444 csse
1123 3380 1278 3457 consede,
1308 3400 1376 3444 non
1429 3382 1524 3462 prasi
1547 3381 1633 3446 nullo
1660 3381 1841 3446 discrirniae
1865 3381 1938 3460 pios
1965 3379 2063 3444 simul
2088 3382 2117 3442 ct
2142 3380 2256 3460 impias
2271 3379 2410 3459 permis

394 3483 469 3526 raro
493 3482 553 3545 pro
582 3461 730 3544 sepulcro
752 3464 854 3547 accipi
877 3463 1059 3544 infernum3
1088 3464 1146 3530 sed
1172 3486 1285 3530 eorum
1306 3467 1375 3548 opi·
1428 3471 1511 3546 ccal‚·
1531 3467 1586 3532 scd
1602 3471 1722 3531 mulum
1739 3467 1844 3532 decere
1859 3465 1926 3530 uult
1943 3484 2134 3530 communem
2151 3466 2293 3546 ubisque
2308 3465 2410 3545 fuisse

394 3548 487 3612 nioni
507 3549 652 3612 rationes
675 3547 759 3612 duae
780 3557 977 3633 repugnant,
1021 3550 1299 3635 uibusegofacile
1318 3551 1375 3615 ad-
1428 3553 1539 3618 marlis
1562 3551 1682 3618 Oluisli
1703 3572 1834 3618 sensum,

394 3632 495 3731 ducor
522 3641 561 3696 ut
579 3632 628 3731 'ab
653 3633 719 3698 illis
749 3633 949 3700 dissentm
996 3571 1151 3716 &nautae
1181 3637 1270 3702 enim
1292 3637 1376 3703 osci·
1518 3643 1565 3703 10.
1632 3637 1749 3703 Verum
1787 3638 1825 3702 dc
1863 3634 1981 3701 Oluisti
2016 3637 2164 3701 descemu
2199 3637 2242 3700 ad
2280 3636 2408 3716 inferas,

394 3726 518 3783 tantae
539 3720 671 3797 lmsset,
695 3741 764 3783 rem
786 3721 922 3785 minime
945 3720 1125 3802 difficilem,
1147 3723 1257 3789 verbis
1277 3745 1376 3805 expe-
1428 3724 1562 3805 seposita
1600 3725 1722 3788 ratione
1762 3722 1906 3805 symboli,
1953 3722 2073 3788 certior
2111 3722 2271 3804 expositio
2309 3742 2409 3803 quae-

396 3803 473 3868 ditis
495 3803 646 3868 etaloris
668 3803 935 3885 demonstratam,
958 3808 1143 3873 obscuriore
1167 3808 1375 3874 deindever-
1429 3809 1532 3874 reuda
1564 3817 1621 3875 est.
1673 3809 1720 3873 Et
1745 3809 1839 3874 nobis
1872 3829 1914 3872 ex
1939 3808 2005 3874 Dei
2029 3806 2129 3874 verbo
2162 3816 2306 3886 constat,
2342 3827 2410 3871 non

396 3889 512 3953 borum
542 3890 715 3971 complexu
746 3892 893 3958 indicare
924 3895 1030 3976 magis
1062 3915 1161 3976 quam
1187 3893 1374 3959 declarare?
1428 3894 1525 3960 modo
1557 3902 1671 3960 sancta
1702 3902 1736 3959 et
1767 3894 1835 3978 pia,
1880 3893 1938 3959 sed
1976 3894 2076 3976 plena
2107 3915 2235 3976 quoque
2269 3894 2409 3957 eximiae

396 3973 484 4039 Nam
512 3975 639 4057 quoties
661 3975 866 4057 loquutiones
896 3978 979 4043 duae
1006 4000 1077 4043 rem
1105 3980 1244 4045 eandem
1265 3981 1375 4062 expri-
1429 3981 1666 4047 consolationis.
1709 3980 1803 4044 Nihil
1824 3987 1936 4045 actum
1957 3988 2029 4046 erat
2051 3981 2079 4045 si
2102 3987 2256 4062 corporea
2277 3986 2409 4042 tantum

396 4066 523 4124 mentes
545 4059 643 4124 simul
665 4071 913 4142 connectuntur,
936 4066 1148 4147 posteriorem
1169 4087 1240 4131 csse
1256 4067 1375 4148 prioris
1428 4073 1533 4131 morte
1556 4066 1728 4132 delimatus
1749 4067 1866 4131 firisset
1888 4064 2058 4146 Christum
2086 4065 2144 4130 sed
2170 4084 2287 4147 operae
2309 4062 2409 4126 simul

397 4145 553 4228 exegesin
571 4147 731 4211 convenit.
766 4149 813 4213 At
829 4170 909 4214 vero
931 4151 1036 4232 qualis
1055 4151 1118 4216 erit
1136 4152 1200 4217 ista
1217 4152 1374 4235 exegesis,
1428 4154 1572 4236 pretium
1605 4159 1678 4217 erat
1708 4159 1747 4216 ut
1775 4152 1906 4217 divinae
1931 4152 2065 4216 ultionis
2093 4152 2300 4216 severitatem
2332 4167 2407 4210 sen·

396 4230 531 4383 aa
563 4231 803 4399 talam
820 4235 941 4386 aa
952 4235 1376 4389 6111111111Ἓέἑὲ
1429 4239 1521 4389 aa
1541 4246 1664 4390 tat
1684 4232 2408 4402 atsffiaatatscasmac

392 4424 465 4480 ,non
481 4367 532 4467 esl
547 4402 734 4484 verisimile,
757 4405 900 4488 irrepere
921 4408 1065 4488 potuisse
1077 4410 1278 4491 superfluam
1291 4410 1376 4474 eius·
1430 4431 1543 4474 rorum
1560 4411 1660 4494 copiis
1683 4416 1900 4494 aeternaeque
1920 4408 2035 4472 martis
2051 4406 2195 4482 horrore,
2218 4405 2311 4486 quasi
2330 4425 2408 4468 eon-

398 4488 488 4553 modi
508 4488 721 4572 battologiam
740 4490 776 4554 in
798 4492 1026 4575 compendium
1048 4495 1122 4574 hoe,
1150 4494 1206 4559 ubi
1234 4516 1378 4560 summa·
1430 4497 1526 4561 sertis
1547 4495 1708 4574 manibus,
1731 4496 1857 4562 luctari
1902 4493 2144 4560 conmaonem
2165 4491 2254 4572 pacis
2275 4497 2409 4554 nostrae

399 4575 474 4652 tim,
507 4595 606 4656 quam
633 4574 707 4640 fieri
733 4583 842 4659 potest
868 4579 1072 4660 paucissimis
1098 4579 1222 4661 verbis,
1251 4579 1377 4663 praeci·
1429 4581 1480 4645 illi
1501 4582 1689 4666 impositam
1709 4583 1810 4647 fuisse
1831 4603 1874 4646 ex
1894 4578 2054 4662 propheta
2075 4576 2152 4661 (Ios.
2173 4579 2229 4654 53,
2250 4576 2284 4659 5)
2307 4594 2411 4654 imper

399 4680 466 4742 pua
492 4659 569 4724 fidei
597 4661 705 4744 capita
726 4668 892 4728 notantur.
939 4664 1008 4729 Nec
1041 4665 1154 4730 dubito
1187 4666 1266 4748 quin
1295 4665 1378 4729 mihi
1430 4668 1602 4747 retudimus,
1627 4668 1726 4732 fiiisse
1743 4674 1877 4750 propter
1897 4664 2019 4730 scelera
2041 4669 2154 4728 nostra
2176 4683 2196 4726 a
2217 4668 2310 4743 patre
2332 4683 2409 4744 per·

399 4744 493 4810 facile
516 4747 737 4811 assentiantur
764 4750 947 4832 quicunque
969 4772 1040 4815 rem
1061 4753 1167 4834 ipsam
1183 4751 1282 4834 paulo
1305 4750 1377 4815 dili-
1431 4774 1572 4832 cussum,
1595 4753 1745 4818 attritum
1763 4761 1896 4834 propter
1915 4757 2045 4814 noemae
2065 4748 2284 4813 infirmitates.
2325 4745 2410 4827 Qui·

401 4831 533 4914 gentius
556 4832 778 4913 expenderint.
1430 4839 1492 4906 bus
1513 4839 1685 4922 significat,
1706 4836 1870 4902 inlocum
1891 4835 2107 4900 sceleratorum
2128 4853 2327 4915 sponsorem,
2350 4853 2411 4896 va-

489 4920 517 4979 9.
557 4914 582 4999 ¹)
594 4917 668 4982 Alii
688 4939 775 4983 secus
791 4921 1041 5000 interpretantur,
1063 4922 1145 5002 quod
1164 4920 1307 4987 Christus
1324 4923 1378 4987 dc·
1432 4924 1516 5000 dem,
1539 4923 1683 5005 adeoque
1705 4922 1810 4987 instar
1831 4921 1880 4986 rei
1902 4920 2109 5000 submissum,
2134 4921 2189 5002 qui
2212 4917 2412 5001 dependeret

401 5000 551 5066 soeaderit
571 5001 613 5065 ad
624 5003 750 5068 animas
764 5012 904 5086 patrum,
927 5008 984 5088 aui
1005 5006 1061 5071 sub
1079 5007 1140 5090 lepe
1151 5010 1268 5073 mortui
1279 5012 1376 5087 aaut,
1431 5031 1469 5075 ac
1481 5007 1681 5092 persolveret
1701 5028 1824 5086 omnes,
1847 5027 1930 5090 quae
1950 5005 1991 5072 ab
2007 5006 2073 5072 illis
2087 5004 2289 5088 expetendae
2302 5010 2409 5081 erant,

401 5091 437 5151 ul
451 5087 602 5150 muntium
617 5094 762 5168 peractae
782 5093 1003 5173 redemptionis
1017 5093 1182 5174 perferret,
1206 5114 1242 5158 ac
1263 5099 1378 5159 aueret
1429 5115 1564 5178 poenam
1592 5115 1659 5158 nno
1685 5093 1746 5159 hoc
1768 5092 1930 5158 duntaxat
1950 5100 2100 5176 excepto,
2127 5091 2213 5176 quod
2244 5089 2410 5155 doloribus

402 5192 457 5238 cas
478 5191 516 5236 ea
537 5191 670 5253 carcerc,
692 5175 746 5240 ubi
766 5176 907 5243 inclusae
927 5179 1122 5258 lambertum
1142 5185 1170 5242 cl
1191 5179 1252 5245 buc
1268 5200 1379 5261 perpe
1431 5180 1546 5245 mortis
1573 5199 1641 5242 nan
1669 5185 1796 5263 poterat
1822 5180 1963 5245 dednsri
1989 5180 2077 5264 (Act
2098 5183 2131 5258 2,
2152 5181 2217 5261 24).
2261 5176 2352 5259 Ergo
2381 5175 2410 5239 si

401 5279 474 5323 ram
501 5258 628 5323 uoluat
658 5262 832 5328 testimonia
858 5284 896 5328 ca
927 5263 1054 5329 Psalmo
1081 5263 1174 5348 (107,
1196 5264 1265 5350 16),
1297 5265 1379 5345 quad
1432 5265 1474 5331 ad
1494 5265 1617 5351 intem
1628 5263 1833 5332 descendisse
1846 5265 1974 5343 dicitur,
1996 5265 2282 5342 nihilmirumest,
2306 5281 2412 5344 quum

397 5349 634 5426 perluaaercas
651 5351 678 5411 ct
696 5353 790 5413 cectcs
805 5348 923 5429 ferreos
937 5349 1075 5434 freperlt.
1111 5349 1191 5416 Item
1208 5371 1247 5436 ca
1260 5351 1381 5417 Zaclca-
1432 5373 1505 5417 eam
1526 5358 1666 5416 mortem
1686 5352 1866 5434 pertmerit,
1888 5371 1971 5434 quae
1992 5351 2158 5416 sceleratis
2180 5349 2220 5413 ab
2238 5349 2322 5412 irato
2337 5347 2411 5411 Deo

1233 5513 1237 5529 Ι
1431 5437 1601 5522 infligitur.
1656 5438 1706 5503 Ac
1738 5438 1835 5503 mimis
1864 5437 1998 5519 frivola,
2031 5437 2166 5516 aquue
2196 5433 2335 5498 ridicula
2366 5438 2413 5498 est

1432 5545 1539 5591 eorum
1556 5525 1700 5607 caecptia
1722 5524 1778 5603 aui
1799 5525 1906 5589 dicuat
1921 5522 1977 5587 lec
1992 5523 2082 5588 medo
2097 5521 2237 5601 peruerti
2255 5520 2412 5584 mdiaaa:

475 5634 503 5714 1)
521 5635 604 5713 Haec
617 5653 674 5690 rica
693 5638 793 5692 absunt
810 5639 917 5694 mede.
930 5641 1107 5709 praecedente
1121 5641 1202 5713 (Gap.
1222 5641 1380 5711 Vll.§.2l)
1433 5611 1512 5710 11119
1532 5608 1705 5708 almum
1726 5614 1771 5673 191
1790 5609 1968 5707 leffium
1993 5604 2107 5672 91111919
2131 5605 2214 5688 1114011
2229 5606 2411 5686 1111119911·

405 5701 453 5755 aed
469 5701 514 5756 luc
530 5719 640 5758 maurae
657 5712 763 5760 ructata
780 5715 924 5776 appareat
1441 5695 1500 5763 Ubi
1516 5716 1599 5761 earm
1621 5715 1700 5777 quae
1715 5715 1751 5758 m
1768 5693 1926 5758 bominum
1943 5697 2103 5773 comspoalu
2118 5710 2238 5773 passim
2255 5697 2301 5756 cst
2320 5689 2413 5756 Obra-
