5600 6809
396 777 458 839 365
754 771 843 836 LIB.
867 771 913 835 Π.
957 768 1021 836 DE
1045 767 1334 836 ΟΟΘΝῙΤΙΟΝΕ
1356 769 1441 836 DEI
1462 769 1810 838 REDEMPnomS.
1856 770 1955 838 CAP.
1980 771 2058 837 XV.
2351 777 2414 840 366

397 969 497 1028 temus
515 981 584 1026 cnm
605 959 742 1037 diaholo,
763 963 888 1040 peccato
913 963 942 1022 et
962 963 1066 1022 ncorte.
1110 958 1255 1038 Demeae
1276 962 1311 1021 nt
1332 959 1381 1023 in
1432 964 1467 1023 ut
1488 960 1523 1022 in
1543 961 1666 1024 nomine
1688 958 1764 1023 Iesu
1791 978 1879 1024 omne
1903 980 1984 1041 peren
2002 961 2159 1040 (immun,
2185 966 2213 1026 et
2234 964 2335 1028 munis
2356 964 2415 1028 lin-

399 1050 487 1115 stitia
517 1049 585 1112 eius
613 1046 715 1110 uestiti
738 1046 845 1109 omnia
865 1045 978 1109 mundi
999 1044 1166 1124 opprobria
1185 1044 1307 1125 fortiter
1328 1064 1381 1108 su-
1431 1066 1497 1129 9na
1521 1044 1703 1125 confiteatur
1723 1046 1804 1127 quod
1825 1047 1867 1109 sit
1888 1046 1923 1109 in
1944 1047 2080 1128 pieriam
2096 1048 2160 1112 Dei
2175 1051 2292 1129 patris.
2327 1049 2415 1114 Nam

392 1153 550 1218 peronem,
573 1137 601 1196 et
621 1133 701 1196 siout
721 1131 790 1211 ipse
810 1131 881 1194 suis
901 1130 994 1195 donis
1015 1129 1185 1195 liberaliter
1200 1149 1258 1193 nas
1274 1131 1379 1210 replet,
1433 1132 1478 1195 iis
1498 1131 1593 1195 etiam
1620 1130 1722 1196 uubis
1742 1132 1778 1194 in
1802 1129 1922 1195 Christi
1948 1152 2042 1214 repno
2072 1134 2209 1198 ordinem
2226 1136 2415 1200 comprendat

399 1222 448 1286 ita
468 1239 525 1283 nos
545 1219 686 1281 uicissim
705 1216 828 1298 fruetus
848 1217 884 1280 in
905 1217 973 1280 eius
991 1216 1128 1298 pluriam
1142 1216 1353 1296 proferamus.
1427 1217 1590 1296 praesenti
1620 1221 1743 1282 nostroe
1774 1215 1956 1295 infirmitati
1986 1219 2202 1283 necessarimm.
2249 1220 2303 1285 Ito
2333 1226 2411 1286 reete

488 1314 516 1367 ὁ.
552 1303 628 1368 Ideo
648 1304 736 1385 reaia
757 1304 825 1366 eins
846 1303 949 1366 unctio
970 1322 1032 1365 non
1053 1321 1092 1365 ee
1109 1301 1173 1365 oleo
1192 1302 1240 1365 nel
1258 1322 1381 1366 aroma-
1433 1302 1549 1385 eollipit
1570 1301 1709 1380 Paulus,
1732 1301 1838 1365 Deum
1853 1322 1915 1382 per
1935 1323 1968 1367 se
1988 1308 2060 1366 tum
2080 1305 2147 1385 (ore
2175 1306 2302 1370 unicum
2322 1309 2411 1372 eccle

400 1392 472 1456 ticis
494 1390 660 1472 renouentis
681 1389 815 1470 confecta
836 1387 925 1451 nohis
939 1388 1136 1467 proponitur,
1159 1387 1213 1451 sed
1236 1385 1382 1452 Christus
1433 1389 1501 1452 siae
1521 1394 1628 1468 eaput,
1657 1390 1735 1467 quia
1761 1388 1905 1469 impurae
1931 1394 2021 1452 erunt
2044 1387 2163 1471 Christi
2178 1397 2287 1471 partes
2309 1394 2344 1456 in
2366 1413 2410 1457 eo·

401 1475 466 1541 Dei
486 1480 621 1552 iocum,
646 1475 722 1554 quia
742 1493 836 1552 snper
852 1494 924 1537 eum
940 1473 1092 1554 requievit
1107 1474 1241 1552 spiritus
1258 1475 1382 1553 sapien·
1433 1473 1543 1537 etesiae
1574 1474 1757 1554 defensione.
1801 1473 1924 1537 Eadem
1954 1475 2074 1538 ratione
2099 1477 2226 1555 passim
2253 1479 2412 1556 scriptura

399 1563 471 1640 tiae,
495 1559 880 1642 hominemhoiniem,
907 1559 1104 1639 somdndiuis
1125 1563 1152 1621 et
1173 1560 1296 1623 timoris
1317 1558 1382 1624 Dei
1434 1558 1608 1624 Dominum
1639 1564 1739 1635 vocat,
1773 1560 1849 1639 auia
1879 1558 1937 1622 hac
1967 1560 2030 1642 lepe
2055 1580 2125 1624 enm
2151 1562 2239 1625 nohis
2262 1564 2414 1644 praefecit

434 1669 477 1712 es.
506 1652 561 1724 ll,
587 1648 631 1729 2).
676 1645 744 1708 Hoc
771 1645 871 1708 oleum
898 1650 942 1708 est
968 1645 1120 1722 laetitiae,
1148 1666 1207 1725 quo
1231 1644 1382 1709 Psalmus
1428 1649 1522 1724 pater
1541 1650 1576 1707 nt
1596 1665 1689 1708 meam
1710 1645 1951 1708 dominationem
1966 1667 2027 1726 per
2047 1667 2118 1710 eum
2139 1653 2283 1711 exerceat.
2328 1648 2415 1713 Licet

401 1647 473 1817 (hh,
500 1731 535 1815 8)
564 1731 731 1812 praedicat
766 1750 835 1794 ercrn
866 1731 967 1812 (uisse
998 1735 1123 1793 undum
1148 1750 1231 1810 prae
1262 1750 1382 1795 cornor-
1434 1730 1517 1794 enim
1544 1731 1643 1795 multa
1662 1730 1803 1794 dominia
1824 1730 2008 1804 eelehrentnr
2028 1733 2065 1796 in
2082 1733 2204 1812 mundo,
2227 1754 2310 1796 uncos
2326 1735 2414 1798 nohm

400 1818 484 1884 tibus
509 1819 594 1896 suis,·
628 1818 706 1897 quia
733 1817 798 1879 nisi
827 1817 955 1895 inipso
980 1816 1154 1880 talisesset
1172 1817 1381 1897 praestantia,
1433 1815 1524 1881 Deus
1540 1821 1643 1896 poter,
1673 1836 1712 1879 erc
1733 1835 1792 1895 quo
1814 1817 1933 1894 amneio,
1967 1822 1995 1881 et
2021 1838 2078 1881 nvos
2098 1819 2134 1881 in
2155 1819 2241 1898 ipso,·
2273 1824 2301 1882 et
2327 1840 2413 1883 ursus

296 1908 299 1913 '
400 1904 507 1986 inopes
535 1922 671 1967 essemus
697 1922 802 1965 omnes
830 1921 868 1966 ac
887 1902 1036 1983 (anulici.
1081 1901 1190 1982 Neque
1212 1903 1293 1965 enim
1309 1903 1382 1980 pri
1433 1900 1594 1965 Dominus
1609 1900 1762 1978 Christus,
1779 1922 1840 1981 per
1856 1922 1946 1982 quem
1963 1905 2083 1981 ονννιία,
2106 1908 2133 1967 et
2153 1924 2209 1968 nos
2227 1906 2411 1986 peripsum,

400 1991 498 2055 vatim
527 1989 575 2074 (ut
603 1987 718 2052 dictum
747 1986 805 2070 est)
837 1989 905 2067 ipse
936 1988 998 2050 sihi
1030 1987 1148 2050 ditatus
1175 1992 1235 2065 est,·
1266 1988 1321 2051 sed
1346 1992 1381 2050 nt
1433 1987 1537 2066 inquit
1560 1986 1686 2051 Paulus
1708 1986 1739 2068 (l
1763 1985 1836 2051 Cor.
1856 1993 1892 2065 8,
1920 1994 1937 2050 ὁ
1961 1987 2052 2073 sea).
2105 1989 2190 2055 Unde
2217 1990 2275 2054 rite
2296 1991 2413 2074 eollipi-

401 2076 524 2140 icium
550 2079 578 2138 et
605 2074 714 2138 aridos
742 2093 804 2137 suo
826 2073 1020 2137 ahurnlantio
1038 2073 1248 2154 perfunderet.
1294 2073 1381 2137 Nam
1433 2078 1498 2150 tur,
1531 2074 1660 2137 eundem
1687 2093 1753 2141 esse
1780 2073 1886 2154 ipsum
1912 2074 2032 2152 Deum,
2064 2076 2118 2154 aui
2141 2096 2200 2156 per
2227 2096 2261 2139 os
2288 2075 2413 2141 Iesoiae

401 2162 495 2226 menti
516 2161 634 2224 dieitur
649 2165 745 2239 pater
761 2179 822 2222 non
844 2159 965 2222 dedisse
978 2158 1046 2237 filio
1067 2159 1214 2238 spiritum
1235 2159 1278 2222 ad
1298 2178 1382 2222 meri
1434 2158 1501 2241 (33,
1515 2159 1571 2242 22)
1592 2160 1729 2223 asseruit
1748 2179 1781 2222 se
1797 2180 1898 2242 repem
1911 2180 1976 2224 esse
1993 2181 2030 2224 ac
2046 2161 2249 2244 lepislotorem
2261 2162 2412 2227 eeclesiae.

402 2266 512 2312 nuarn
541 2246 668 2330 (Ioann.
696 2249 731 2322 3,
757 2246 827 2327 34),
859 2245 907 2308 ita
939 2245 1128 2325 exprimitur
1155 2245 1250 2322 ratio,
1283 2249 1317 2308 nt
1343 2244 1381 2308 de
1435 2244 1523 2308 Nam
1555 2245 1612 2309 etsi
1643 2243 1756 2324 ubique
1788 2244 1964 2325 hetimcium
1996 2252 2024 2310 et
2051 2248 2164 2310 dorium
2186 2249 2294 2328 patris
2326 2254 2413 2312 uocat

396 2332 591 2414 plenitudine
623 2332 692 2395 eius
724 2332 935 2410 acciperemus
966 2350 1070 2394 omnes
1102 2335 1130 2393 et
1154 2331 1296 2411 prolium
1317 2350 1380 2408 pro
1433 2331 1588 2410 quidquid
1615 2329 1704 2394 habet
1719 2334 1895 2409 potestatis,
1923 2353 1985 2396 uon
2011 2333 2103 2397 aliud
2124 2338 2224 2397 tamen
2248 2334 2411 2417 sioniticot,

400 2419 507 2501 pratia
541 2416 632 2500 (ibid.
662 2421 694 2494 l,
723 2417 785 2498 16).
830 2416 885 2479 En
913 2436 972 2495 quo
1002 2417 1085 2496 forde
1115 2420 1224 2479 umnat
1256 2416 1381 2497 harpitio
1433 2437 1529 2496 quam
1555 2436 1588 2480 se
1614 2416 1765 2479 diuinitus
1791 2437 1937 2499 reamare,
1964 2419 2041 2498 quio
2068 2418 2135 2482 idea
2161 2420 2343 2484 mediatoris
2362 2421 2411 2483 in·

401 2505 493 2567 cuius
513 2503 654 2567 merninit
677 2502 801 2566 Paulus
824 2501 924 2585 (Eph.
944 2506 978 2579 4,
999 2501 1047 2582 7),
1076 2521 1139 2583 qua
1166 2502 1255 2564 uarie
1275 2501 1381 2565 distri
1433 2502 1502 2566 duit
1529 2521 1699 2581 persarum
1729 2507 1765 2565 nt
1790 2524 1806 2566 e
1833 2505 1907 2567 siren
1929 2504 2038 2585 patris
2062 2509 2090 2567 et
2111 2505 2411 2585 iescomprehensibdi

401 2587 507 2652 luitur
527 2589 635 2670 pratia
650 2588 803 2668 fidelihus,
826 2588 994 2651 secumdum
1016 2587 1382 2652 mensncramdonotiouis
1431 2587 1536 2670 plenia
1555 2587 1736 2650 descedens
1757 2589 1800 2651 ad
1819 2609 1876 2652 nos
1897 2591 2171 2670 appropinquaret.
2208 2592 2272 2671 Quo
2293 2592 2411 2655 iustius

403 2673 531 2739 Christi.
575 2673 641 2737 His
671 2674 750 2737 satis
781 2693 935 2753 superque
962 2673 1166 2752 confirmatur
1193 2673 1274 2752 qnod
1299 2673 1379 2750 dini,
1433 2677 1478 2736 est
1509 2693 1565 2736 nos
1597 2691 1701 2735 mnnes
1731 2694 1792 2736 urea
1825 2694 1973 2738 corrsensu
2006 2677 2049 2740 ad
2075 2676 2254 2756 parotidum
2280 2678 2410 2759 aecinpi,

403 2757 521 2824 Christi
553 2779 682 2841 repnum
712 2760 748 2822 in
775 2760 909 2838 spiritu,
940 2777 1001 2821 non
1027 2761 1160 2823 terrenis
1185 2759 1308 2824 deliciis
1333 2758 1381 2822 uel
1433 2778 1615 2838 summaque
1644 2757 1805 2822 alacritate
1832 2760 1976 2840 obsequia
1996 2766 2104 2824 nostra
2123 2762 2258 2844 diripere
2280 2763 2322 2826 ad
2343 2764 2411 2826 eins

395 2845 524 2926 pompis
550 2864 616 2909 esse
642 2846 752 2921 sitnm,
786 2864 823 2907 ae
844 2844 996 2925 proinde,
1024 2849 1060 2907 ut
1085 2845 1186 2907 umus
1212 2845 1280 2908 eius
1301 2864 1381 2923 par-
1432 2849 1552 2909 mutuus.
1587 2842 1675 2907 Nam
1696 2843 1789 2906 sicuti
1810 2846 1895 2925 repis
1920 2850 1949 2909 et
1966 2848 2106 2926 pastoris
2128 2847 2233 2927 officia
2255 2850 2411 2932 coniunpit
2523 2850 2525 2855 ’

401 2931 524 3009 ticipes,
566 2930 680 2993 mundo
711 2931 956 2994 renuntiandum
994 2949 1067 2994 esse.
1129 2930 1238 2993 Huius
1270 2949 1381 2994 sacrae
1432 2951 1507 3013 erpa
1527 2930 1616 3010 pios,
1646 2929 1702 3009 qui
1730 2948 1763 2993 se
1791 2931 1959 3012 moriperos
1984 2931 2064 2995 ultro
2085 2932 2269 3010 srdiic-iunt,
2297 2935 2344 2998 ita
2371 2954 2410 2998 ea

399 3017 555 3079 unctionis
582 3015 705 3080 risibile
726 3016 897 3096 spndolnm
917 3016 952 3078 in
975 3013 1094 3080 Christi
1113 3014 1264 3096 baptismo
1285 3020 1380 3079 osten
1432 3017 1568 3096 opposito
1589 3016 1739 3079 andimus
1759 3020 1912 3094 sceptrum
1931 3016 2068 3095 ferrum
2089 3022 2216 3099 pestere,
2238 3039 2299 3098 qno
2320 3020 2410 3099 (ran-

399 3120 470 3166 snm
489 3101 564 3180 (nil,
593 3101 668 3164 dum
689 3122 784 3180 super
805 3121 875 3165 enm
894 3101 1043 3182 rcqunuit
1063 3102 1198 3181 spiritns
1224 3101 1260 3164 iu
1281 3102 1380 3181 specie
1429 3106 1485 3184 pat
1511 3121 1548 3164 ae
1574 3106 1707 3165 mnterat
1727 3101 1925 3182 praefractos
1951 3122 2067 3178 omnes,
2101 3104 2194 3181 attasi
2218 3125 2296 3167 uasa
2314 3104 2410 3186 hpuli

399 3187 555 3251 columbae
578 3187 707 3268 (Ioann.
732 3192 762 3264 l,
783 3189 822 3249 32
830 3210 839 3265 ;
862 3187 944 3252 Luc.
965 3190 999 3264 3,
1019 3189 1085 3267 22).
1130 3185 1288 3266 Spiritmn
1309 3207 1379 3250 uero
1432 3186 1534 3268 (Pssl.
1555 3191 1584 3264 2,
1604 3186 1647 3268 9).
1686 3186 1849 3250 Audimus
1868 3188 1960 3251 etiem
1981 3188 2115 3251 iudicem
2136 3188 2201 3267 (ore
2216 3190 2355 3270 pendium
2375 3195 2410 3253 ut

399 3274 524 3353 eiusque
545 3273 627 3336 dona
649 3274 802 3337 meletianis
824 3293 892 3338 eoae
908 3273 1069 3356 desipnari
1086 3272 1119 3357 (l
1140 3273 1253 3337 Ioann.
1279 3275 1307 3349 2,
1328 3275 1377 3335 20.
1431 3278 1548 3338 terram
1569 3274 1687 3354 operiat
1709 3273 1926 3351 cadaveribus,
1954 3277 1982 3336 et
2003 3273 2198 3337 altitudinem
2219 3274 2280 3337 sihi
2301 3275 2410 3339 aduer-

399 3359 471 3443 27),
500 3379 597 3438 neque
618 3378 731 3422 etormm
753 3364 809 3437 est,
837 3379 932 3440 nuque
958 3359 1130 3423 ahsurdnm
1155 3359 1257 3423 uideri
1283 3358 1379 3438 debet,·
1431 3379 1501 3423 sam
1526 3363 1706 3439 prosternat
1737 3357 1827 3441 (ibid.
1851 3364 1924 3437 110,
1956 3358 2000 3442 6).
2046 3358 2145 3424 (heins
2176 3361 2225 3423 rei
2255 3361 2410 3439 quaedam

398 3446 475 3526 quia
502 3465 564 3507 non
592 3444 722 3509 aliunde
748 3450 932 3527 nepetamur.
976 3443 1121 3509 Marcione
1142 3464 1213 3508 uero
1235 3444 1316 3525 quod
1337 3445 1380 3508 ad
1431 3444 1521 3509 hodie
1553 3449 1719 3508 eernmtur
1751 3445 1905 3526 eaernplo5
1933 3446 2062 3526 plenum
2094 3465 2165 3510 uero
2197 3447 2410 3510 dommulum

399 3531 551 3596 coelestem
584 3531 681 3594 eitam
713 3536 842 3610 spectat,
876 3531 966 3596 nullo
998 3536 1044 3594 est
1074 3531 1110 3594 in
1142 3530 1231 3594 nohis
1262 3530 1380 3612 viperis
1430 3530 1561 3595 eostam
1592 3531 1703 3594 ultimo
1737 3531 1868 3608 iudicio,
1907 3531 1989 3612 qnod
2017 3532 2111 3594 ctiam
2132 3532 2265 3611 proprie
2291 3533 2409 3596 oensem

396 3622 498 3701 pinta,
526 3617 591 3680 nisi
620 3636 714 3696 aream
735 3616 823 3680 nohis
844 3617 978 3698 spiritus
999 3622 1125 3680 sanctus
1145 3617 1293 3694 instillat,
1323 3617 1379 3696 qui
1425 3621 1526 3696 potest
1546 3621 1701 3680 extremus
1721 3618 1811 3699 requi
1832 3616 1900 3681 eins
1921 3622 2016 3681 actus.

398 3703 499 3768 sedem
519 3702 553 3764 in
577 3699 701 3766 Christo
722 3702 843 3784 isleph,
871 3707 906 3766 ut
932 3704 1005 3767 inde
1031 3703 1117 3785 larpe
1138 3702 1181 3766 ad
1201 3722 1258 3767 uos
1278 3707 1378 3766 scatu-
1518 3706 1546 3766 6.
1581 3701 1655 3765 lam
1673 3703 1711 3766 de
1727 3702 1895 3767 sacerdotio
1913 3703 2043 3766 breviter
2057 3703 2103 3766 sic
2118 3702 2299 3782 habendum,
2315 3702 2409 3783 finem

397 3789 497 3853 rirent
528 3788 666 3852 coelestes
698 3788 827 3853 divitiae
864 3809 1001 3868 ormrnm
1033 3789 1107 3853 adeo
1140 3808 1251 3852 sumus
1283 3788 1377 3871 epeni.
1429 3793 1572 3853 etusum
1592 3790 1661 3852 eius
1682 3809 1746 3852 esse
1765 3793 1800 3852 ut
1815 3789 1858 3852 sit
1874 3788 2025 3852 mediator
2039 3808 2146 3868 purnes
2168 3790 2253 3852 omni
2274 3787 2407 3867 macuta

402 3874 490 3956 Quod
513 3879 614 3937 autem
632 3875 759 3956 strepis
776 3874 1026 3954 suifmtitndine
1046 3875 1255 3939 invidistant
1270 3873 1378 3954 fideles
1429 3875 1485 3955 qui
1516 3876 1677 3938 sanctitate
1704 3894 1765 3937 sua
1791 3873 1896 3936 Deum
1929 3873 2018 3938 nohis
2050 3874 2197 3939 conciliet.
2244 3873 2305 3938 Sul
2330 3875 2408 3955 quia

396 3965 426 4025 et
445 3959 628 4038 spirituales
655 3960 723 4023 eius
742 3959 872 4024 diuitiae
894 3960 929 4023 in
949 3980 1000 4025 eos
1020 3961 1203 4039 eanhmant,
1231 3980 1294 4024 uon
1320 3960 1378 4022 im·
1429 3961 1552 4026 aditum
1574 3965 1700 4041 ccupat
1722 3960 1807 4023 iusta
1827 3960 2018 4038 maledictio,
2046 3964 2073 4023 et
2093 3959 2183 4026 Dens
2203 3980 2265 4041 pra
2292 3960 2409 4025 iudicis

396 4046 505 4110 merito
535 4045 682 4109 dicuntur
711 4044 896 4109 Christiani.
942 4045 1104 4110 Caeterum
1132 4046 1219 4123 huie,
1250 4046 1288 4111 de
1314 4065 1377 4126 qua
1429 4045 1531 4128 officio
1558 4047 1647 4109 nohis
1667 4046 1809 4125 infensus
1829 4050 1887 4125 est,
1915 4051 1950 4108 ut
1974 4045 2062 4109 nohis
2088 4046 2227 4126 (nomem
2254 4050 2408 4127 comparet

398 4132 517 4212 loquuti
549 4152 674 4209 sumus,
708 4133 883 4195 aeternitati
913 4132 996 4196 nihil
1027 4132 1153 4215 deropot
1182 4131 1284 4196 Pauli
1310 4151 1377 4195 sen·
1428 4132 1572 4197 sacerdos
1603 4132 1645 4194 ad
1672 4131 1864 4212 placandam
1890 4132 1975 4194 iram
2002 4132 2106 4211 ipsius
2133 4130 2212 4210 Dei,
2229 4211 2231 4215 .
2239 4133 2408 4213 piaculum

397 4218 494 4281 tentia
516 4215 548 4301 (l
570 4216 645 4280 Cor.
668 4222 716 4294 15,
737 4220 786 4280 24.
809 4216 881 4300 28)·
901 4223 972 4280 tuuc
992 4237 1122 4300 reponem
1141 4216 1241 4282 tradet
1261 4215 1378 4281 Deoet
1428 4218 1614 4282 interuenire
1634 4237 1753 4281 necesse
1773 4223 1826 4280 est.
1873 4217 1976 4298 (inme
2001 4223 2035 4281 ut
2057 4217 2111 4281 hoo
2131 4214 2245 4280 nicenus
2266 4218 2408 4296 impleret

392 4304 490 4385 patri.
525 4302 622 4367 Item:
643 4304 825 4367 subiicietur
844 4302 932 4383 filius
952 4304 1029 4382 ipse,
1052 4308 1086 4367 ut
1106 4303 1148 4366 sit
1164 4302 1254 4367 Dens
1271 4304 1377 4366 ornnia
1432 4302 1592 4381 Christus,
1618 4323 1687 4366 oum
1713 4303 1867 4384 sacrificia
1895 4302 1930 4366 in
1951 4303 2089 4368 medinm
2109 4302 2241 4381 prodire
2262 4302 2405 4382 oportuit.

397 4390 434 4453 in
454 4390 604 4453 mnne-ihus.
642 4391 725 4470 (luia
747 4388 829 4453 nihil
850 4389 941 4453 alind
958 4389 1032 4466 nult,
1055 4408 1150 4469 quam
1171 4390 1206 4452 iu
1227 4388 1288 4453 illa
1303 4410 1377 4470 per-
1431 4389 1517 4453 Nam
1539 4393 1567 4451 et
1587 4389 1643 4452 snb
1664 4389 1727 4471 lepe
1747 4389 1913 4452 sacerdotii
1936 4389 1991 4470 fas
2016 4408 2077 4452 nou
2103 4393 2171 4453 erat
2191 4387 2406 4450 santetnarium

395 4474 476 4556 fecta
505 4475 609 4556 plor-ia
641 4495 702 4539 reon
732 4475 826 4540 talem
856 4476 923 4555 fare
954 4476 1042 4558 repni
1074 4473 1377 4538 administrationem
1428 4475 1553 4557 inpredi
1579 4475 1692 4554 aisque
1717 4475 1885 4558 sompnium
1916 4479 1952 4538 nt
1976 4475 2088 4539 seirent
2108 4471 2228 4553 fideles,
2261 4471 2406 4550 anamais

397 4561 501 4641 qualis
527 4581 610 4624 renero
631 4566 683 4625 est.
727 4562 825 4626 Dedit
851 4562 934 4625 enim
951 4565 1044 4642 pater
1065 4580 1182 4625 omium
1197 4563 1377 4640 potestatem
1429 4560 1572 4625 sacerdos
1591 4559 1793 4641 interpositus
1814 4564 1890 4624 esset
1907 4561 2091 4643 deprecator,
2113 4576 2173 4619 nou
2189 4575 2283 4636 posse
2303 4559 2406 4619 tamen

395 4644 463 4727 filio
485 4651 520 4709 ut
536 4667 596 4727 per
612 4648 682 4711 eius
699 4667 829 4712 marrim
845 4668 902 4712 nos
916 4647 1069 4730 pnhmnet,
1090 4647 1200 4729 (meat,
1223 4651 1375 4724 sustentet,
1428 4646 1532 4712 Deum
1552 4646 1740 4727 propitiari,
1771 4647 1836 4710 nisi
1862 4647 1999 4726 expiatis
2019 4642 2163 4725 peccatis.
2211 4642 2280 4721 Qua
2307 4640 2344 4705 de
2369 4661 2405 4707 re

396 4733 453 4798 suh
476 4732 545 4794 eius
566 4733 662 4797 tutela
682 4754 739 4797 nos
754 4737 904 4816 protepat,
928 4734 1075 4815 nobisque
1096 4733 1277 4798 auailietur.
1322 4731 1376 4795 Ita
1422 4732 1548 4813 protem
1575 4732 1730 4812 apostolus
1757 4733 1896 4814 disputat
1922 4733 1956 4794 iu
1982 4728 2111 4811 epistola
2137 4727 2180 4791 ad
2204 4726 2362 4791 Hebraeos
2383 4749 2405 4791 a

396 4817 580 4900 quautmper
607 4839 628 4880 a
656 4817 723 4883 Deo
749 4821 1005 4902 pereprinamur,
1041 4818 1186 4884 Christus
1219 4818 1376 4883 intercedit
1428 4818 1556 4899 septimo
1584 4819 1683 4900 capite
1708 4820 1774 4901 (ere
1799 4818 1843 4882 ad
1866 4818 1959 4897 finem
1986 4833 2083 4894 nsque
2106 4812 2224 4878 decimi.
2271 4812 2405 4878 Summa

395 4903 532 4978 nudius,
561 4903 616 4980 qui
642 4923 698 4967 nos
719 4906 881 4982 paulatim
908 4906 950 4969 ad
971 4905 1105 4970 sdidam
1126 4925 1196 4970 cum
1217 4903 1286 4969 Deo
1308 4925 1376 4969 con-
1428 4910 1530 4968 tamen
1547 4903 1606 4967 huc
1619 4905 1709 4983 redit,
1731 4925 1792 4968 non
1805 4904 1870 4967 nisi
1891 4903 1925 4965 in
1938 4900 2097 4965 Christum
2118 4903 2282 4978 competere
2303 4919 2404 4963 sacer-

396 4989 584 5054 iuuctionem
605 4989 766 5066 perducat.
810 4990 854 5053 Et
880 4997 956 5056 eerte
984 4991 1066 5072 quod
1091 4991 1174 5056 sedet
1200 4992 1243 5056 ad
1267 4991 1377 5073 patris
1427 4990 1505 5054 dolii
1525 4989 1683 5068 lmmrern,
1711 4991 1788 5071 quia
1813 4987 1966 5066 sacrificio
1986 4984 2094 5048 enodis
2114 5005 2191 5048 suae
2211 4989 2332 5049 reatum
2351 5005 2404 5048 no

396 5073 862 5150 teneraemondensium
883 5096 920 5140 ae
940 5078 970 5140 si
986 5082 1106 5141 oocetru
1121 5079 1229 5159 patris
1247 5079 1374 5161 lepatns
1427 5081 1527 5140 strum
1553 5076 1677 5154 delenit,
1705 5082 1734 5139 ct
1759 5073 1911 5154 satisfecit
1931 5069 2152 5150 propeccatis.
2199 5071 2315 5151 Quanti
2335 5091 2405 5135 uero

391 5181 489 5243 penes
516 5179 605 5240 quem
631 5164 693 5223 tota
721 5160 763 5222 sit
785 5160 911 5241 imperii
925 5167 1079 5241 potestas,·
1105 5166 1182 5243 quia
1204 5164 1294 5229 Dens
1313 5183 1375 5226 nee-
1426 5162 1572 5226 momenti
1592 5182 1643 5225 res
1663 5163 1713 5238 sit,
1736 5181 1774 5225 ea
1797 5158 1914 5223 solenni
1935 5157 1990 5221 illo
2002 5156 2067 5219 Dei
2087 5157 2300 5234 iureiurando,
2322 5155 2404 5237 quod

396 5247 479 5312 diate
509 5247 557 5326 (nt
579 5247 625 5309 ita
646 5245 772 5394 loquo?
801 5246 868 5309 nult
893 5246 927 5309 in
954 5247 1021 5310 eius
1046 5268 1185 5326 persona
1216 5251 1376 5314 ecelesiam
1427 5248 1541 5328 absque
1555 5247 1745 5329 poncdentia
1759 5244 1921 5324 prolatum
1933 5247 1986 5320 est,
2007 5261 2183 5307 monemw
2205 5246 2238 5306 lu
2255 5262 2288 5305 es
2304 5261 2404 5304 saeer-

396 5353 498 5417 repere
531 5351 568 5395 ae
599 5333 688 5396 tueri.
767 5331 843 5394 iculi
875 5332 969 5394 etiam
1000 5331 1221 5411 interpretatur
1250 5335 1375 5400 Paulus
1426 5334 1483 5398 dos
1499 5335 1534 5397 in
1552 5338 1710 5398 aeternum
1726 5329 1893 5395 secundnm
1913 5329 2053 5393 ordinem
2064 5326 2286 5393 Melchisedech
2298 5325 2401 5409 (Psal.

390 5420 498 5501 primo
526 5418 569 5482 ad
595 5417 750 5500 Ephesios
771 5417 817 5501 (v.
842 5419 884 5479 20
908 5415 1006 5500 nea),
1040 5415 1172 5480 hactum
1201 5419 1303 5500 fuisse
1332 5420 1375 5484 ad
1431 5422 1500 5496 110,
1519 5418 1564 5502 4).
1610 5417 1740 5480 Sancire
1759 5415 1842 5478 enirn
1867 5413 2064 5479 hauddubie
2083 5414 2178 5479 uoluit
2199 5416 2292 5493 caput
2312 5411 2402 5508 tuna,

396 5504 686 5583 mnmrantpatris,
708 5501 1082 5580 ut'sitecclesiaeeaput,
1105 5509 1246 5581 quaeest
1263 5523 1375 5583 corpus
1427 5505 1461 5567 in
1499 5525 1559 5584 quo
1590 5503 1797 5585 praecipmum
1835 5500 1948 5566 salutis
1980 5505 2104 5565 nostrae
2135 5498 2293 5562 cardinem
2324 5501 2403 5562 uerte

395 5591 472 5654 eius.
518 5588 583 5653 Nee
611 5589 676 5654 alio
704 5589 801 5653 teredii
828 5587 908 5669 quod
933 5586 1013 5651 alibi
1039 5586 1122 5650 docet
1149 5585 1250 5668 (Phil.
1275 5592 1309 5664 2,
1329 5586 1374 5670 9),
1426 5589 1546 5652 sciehat.
1582 5587 1690 5668 Neque
1711 5586 1802 5664 enim,
1824 5591 1859 5651 nt
1875 5587 1990 5652 dictum
2007 5592 2059 5665 est,
2082 5584 2169 5649 reohis
2186 5587 2242 5647 aut
2260 5582 2403 5663 precihus

394 5675 505 5742 dotum
526 5675 579 5740 illi
599 5676 702 5757 fuisse
729 5695 839 5739 nomen
866 5673 948 5754 quod
968 5677 1014 5736 est
1034 5691 1129 5753 snper
1149 5691 1236 5736 amne
1256 5691 1374 5750 nomen,
1426 5675 1542 5737 nostris
1562 5675 1605 5738 ad
1625 5671 1730 5737 Deum
1750 5677 1837 5755 patet
1858 5692 2012 5752 anesum,
2042 5671 2108 5736 nisi
2130 5670 2280 5752 perpetis
2300 5668 2403 5749 inqui-
