5600 6809
443 782 502 843 671
1085 769 1352 837 INSfflUTIO
1373 771 1480 838 REL.
1502 769 1683 838 Offltlsm
1710 775 1802 836 1559.
2390 777 2452 837 tta

441 970 590 1032 nostrum
611 962 695 1037 facit,
710 958 799 1044 quod
821 958 912 1024 nullo
929 961 999 1024 iure
1016 959 1109 1024 nobis
1131 957 1276 1023 debetur.
1312 959 1420 1041 Neque
1472 959 1587 1040 quibrm
1615 959 1788 1024 tolerabiles
1815 964 1908 1024 murat
1934 959 2006 1024 noui
2031 959 2191 1041 manistri,
2220 960 2275 1042 qui
2293 963 2451 1044 perfedoe

440 1057 543 1115 monn
560 1047 789 1130 repudiandum
802 1051 847 1110 est
864 1047 947 1127 qnod
962 1046 1056 1110 etiam
1072 1044 1172 1127 attipi,
1191 1045 1237 1107 ita
1255 1044 1421 1128 designari
1472 1044 1663 1110 innocentiae
1688 1050 1806 1126 spectro
1832 1045 2023 1125 simplicium
2049 1045 2151 1109 orarios
2171 1048 2382 1130 peruincere
2401 1070 2453 1114 oo·

441 1137 528 1200 iusto
550 1134 660 1198 labore
677 1141 711 1197 et
727 1132 861 1197 innoxio
878 1141 1019 1213 partum,
1041 1150 1109 1192 non
1128 1142 1237 1193 autem
1260 1131 1420 1212 impostu-
1472 1135 1605 1208 nentur,
1637 1135 1673 1193 ut
1698 1151 1732 1194 se
1760 1130 1799 1194 ab
1825 1132 1910 1195 ornni
1936 1130 2029 1211 eulpa
2057 1131 2147 1194 reddi
2172 1151 2267 1211 posse
2297 1134 2454 1201 inununes

442 1221 489 1287 ris
510 1220 696 1303 quaesitum
718 1228 776 1282 aut
797 1218 934 1298 rapinis3
956 1217 1032 1296 quia
1053 1215 1198 1279 alienum
1220 1236 1348 1297 semper
1369 1224 1421 1279 est
1473 1215 1652 1296 confidant?
1689 1216 1785 1296 Quod,
1805 1221 1876 1280 teste
1898 1215 2017 1280 Ioanne
2039 1215 2071 1294 (l
2096 1215 2210 1280 Ioann.
2232 1223 2259 1295 l,
2282 1218 2346 1302 10),
2368 1221 2452 1284 nibit

443 1304 600 1390 quidquid
621 1326 697 1370 cum
719 1304 829 1384 aliqua
850 1323 936 1366 nexa
957 1301 1050 1365 nobis
1072 1300 1278 1383 acquirimus.
1324 1299 1420 1381 Quod
1472 1301 1563 1366 atiud
1584 1306 1628 1364 est
1649 1321 1746 1382 quam
1762 1302 1937 1367 naendacern
1952 1302 2054 1382 facere
2072 1300 2183 1366 Deum.
2217 1302 2339 1368 Eadem
2355 1307 2453 1370 aiam

444 1393 514 1456 dari
534 1390 627 1456 nobis
649 1389 801 1474 petimus,
824 1388 1026 1471 significatur
1043 1406 1114 1450 esso
1131 1386 1270 1467 simplex
1289 1408 1326 1452 ac
1344 1407 1420 1468 gra·
1473 1407 1567 1466 opera
1587 1387 1751 1452 nebulones
1771 1388 1827 1450 isti
1846 1387 1957 1468 foedus
1979 1386 2056 1464 Dei,
2079 1407 2139 1466 quo
2159 1388 2297 1454 vidimus
2317 1392 2453 1456 satutem

443 1479 566 1542 tuitum
599 1477 662 1541 Dei
695 1475 836 1550 donum,
870 1471 1087 1554 undecunque
1119 1472 1213 1536 nobis
1252 1472 1420 1550 adveniet;
1472 1477 1611 1537 nostram
1636 1473 1798 1550 contineri,
1826 1473 1927 1552 capite
1953 1492 2014 1536 nno
2041 1473 2165 1536 inducto
2191 1473 2334 1553 laceram,
2357 1482 2453 1556 atoue

443 1565 543 1629 etiam
565 1563 621 1626 ubi
644 1561 786 1626 maxime
808 1559 898 1623 visus
919 1557 1020 1622 fuerit
1040 1566 1110 1621 arte
1132 1565 1229 1639 atque
1257 1557 1422 1622 industria
1472 1559 1520 1622 ita
1544 1558 1692 1639 fantinus
1717 1558 1920 1638 labefaciunt,
1946 1578 2008 1621 non
2035 1562 2156 1621 unum
2182 1560 2218 1622 in
2245 1581 2279 1624 eo
2305 1562 2453 1642 sonitant

443 1657 558 1714 nostra
586 1648 765 1729 quaesitus,
800 1665 837 1708 ac
864 1644 1017 1708 manibus
1049 1644 1169 1707 nostris
1197 1651 1420 1724 comparatum
1472 1644 1554 1723 quod
1574 1649 1723 1722 separant
1743 1663 1795 1709 res
1817 1644 1891 1707 adeo
1917 1645 2102 1720 coniunctas,
2121 1644 2176 1707 sed
2197 1645 2291 1709 etiam
2309 1648 2402 1728 impii
2423 1653 2451 1711 et

443 1731 572 1818 quando
591 1734 663 1816 sola
683 1731 754 1795 eius
776 1728 998 1794 benedictione
1020 1729 1174 1806 efficitur,
1197 1736 1236 1791 ut
1257 1729 1420 1794 laboribus
1471 1728 1610 1793 cnrddes
1627 1728 1708 1809 quod
1724 1729 1858 1793 misem
1874 1731 2002 1793 animas
2018 1728 2150 1792 abnuam
2170 1731 2398 1811 desperabam
2418 1734 2456 1798 in

443 1819 564 1884 nostris
586 1825 674 1883 recte
691 1812 850 1881 suecedet.
1472 1834 1505 1878 se
1522 1815 1608 1892 nosos
1624 1815 1748 1894 quidm
1765 1819 1793 1878 et
1808 1814 1872 1878 sibi
1892 1814 2013 1878 similes
2027 1814 2155 1895 palidi,
2178 1817 2260 1896 quod
2276 1819 2452 1883 socordiam

530 1909 579 1967 45.
628 1902 791 1984 Sequitur:
818 1901 937 1964 remitte
963 1900 1052 1964 nobis
1078 1899 1179 1963 debito
1204 1905 1326 1978 nostra;
1358 1921 1421 1980 qno
1472 1899 1534 1963 sibi
1549 1905 1708 1965 accersunt
1724 1899 1788 1964 Dei
1804 1901 2035 1965 misericordiae
2051 1920 2090 1962 ec
2107 1901 2259 1967 diametro
2277 1903 2448 1969 adrasum.

438 1989 588 2073 petitnrse
613 1993 641 2052 et
666 1987 818 2068 monimo
849 1986 979 2050 breoinr
1011 1984 1174 2064 amplexus
1202 1991 1247 2048 est
1275 1983 1421 2050 Christus
1475 1985 1564 2065 Quod
1590 1991 1694 2050 anum
1721 1985 1882 2063 obiniunt,
1914 1986 2003 2068 renni
2030 1984 2094 2050 Dei
2124 1986 2288 2051 novenum
2316 1989 2450 2069 optando

443 2075 598 2158 quidquid
619 2075 661 2140 ad
682 2072 838 2138 coetestem
856 2072 955 2135 eitam
975 2071 1067 2152 facit,
1093 2072 1350 2150 quamadmodum
1368 2071 1420 2135 bis
1471 2071 1569 2136 simui
1584 2091 1641 2135 rios
1657 2072 1776 2151 peccati
1792 2070 1987 2135 abolitionem
1998 2075 2112 2150 peiere,
2133 2073 2231 2136 nimis
2246 2075 2370 2153 pueribe
2386 2080 2449 2154 est;

443 2164 565 2225 tantum
585 2160 704 2224 duobus
722 2156 868 2222 rumbis
887 2160 1004 2220 cannot
1024 2156 1190 2237 spirituale
1208 2157 1318 2236 foedus
1339 2158 1421 2237 quod
1472 2158 1550 2236 quia
1571 2157 1606 2220 in
1622 2157 1732 2237 priore
1748 2157 1900 2221 orationis
1921 2155 2027 2220 tabula
2043 2176 2168 2221 sumnia
2186 2158 2274 2223 nobis
2289 2160 2447 2240 putatio,

443 2246 534 2312 Deus
553 2247 589 2309 in
610 2245 741 2311 satutem
761 2243 905 2307 ecciesiae
923 2262 1001 2306 suae
1015 2242 1151 2324 pepioit:
1172 2241 1249 2324 tapes
1269 2262 1354 2305 meas
1371 2243 1421 2305 in·
1471 2240 1521 2306 bic
1548 2247 1651 2306 autern
1678 2241 1850 2322 infimitas
1865 2243 2063 2322 proponitur.
2108 2241 2161 2306 Ita
2189 2242 2251 2308 duo
2278 2244 2351 2308 baec
2377 2250 2448 2326 apte

444 2333 578 2397 scribam
599 2329 743 2396 wrdibris
763 2328 914 2409 ignom,
935 2332 965 2392 et
978 2328 1140 2409 propitius
1161 2346 1211 2391 ero
1232 2347 1337 2390 eorum
1357 2328 1421 2392 ini·
1470 2328 1605 2392 interae
1627 2328 1816 2405 conveniunt,
1836 2332 1872 2391 ut
1893 2328 2066 2407 aspirando
2086 2327 2130 2391 aa
2150 2334 2275 2407 meam,
2297 2350 2378 2411 quae
2398 2352 2450 2397 ue·

443 2418 558 2499 nudati
579 2415 657 2499 (Ier.
678 2418 728 2491 31,
748 2415 787 2476 33
810 2419 845 2477 et
867 2415 917 2491 33,
937 2412 981 2498 8).
1026 2412 1090 2477 Hic
1112 2435 1133 2476 a
1153 2413 1335 2477 remissione
1351 2433 1422 2495 pec
1472 2413 1599 2477 ouans
1620 2418 1728 2478 nostra
1748 2413 1886 2477 remedia
1906 2413 2004 2494 eripit
2023 2433 2086 2476 non
2112 2413 2314 2497 nepiipomus.
2357 2418 2449 2482 Peti-

443 2508 584 2568 catorum
607 2500 750 2565 Christus
770 2499 896 2579 incipit,
922 2498 1033 2564 danae
1052 2517 1125 2562 mec
1150 2499 1298 2580 adiunpot
1316 2519 1423 2564 secun
1473 2519 1547 2562 mus
1573 2496 1706 2562 demum
1734 2498 1958 2563 remissionem
1979 2497 2073 2562 nobis
2094 2499 2181 2577 ficri,
2210 2509 2249 2563 ut
2268 2500 2332 2582 ipsi
2359 2501 2449 2567 debi-

445 2589 522 2653 dam
540 2587 686 2669 patiam,
708 2591 743 2648 ut
758 2604 815 2649 nos
835 2584 970 2663 spirituas
990 2584 1043 2648 sui
1059 2584 1173 2647 virtute
1193 2588 1317 2647 tueatur
1332 2583 1423 2650 Deris
1474 2583 1599 2647 toribus
1620 2583 1741 2648 nostris
1761 2583 1969 2662 remittimus,
1992 2583 2053 2648 hoo
2075 2592 2134 2660 est,
2157 2593 2195 2647 ιιι
2216 2586 2358 2653 omnibus
2375 2609 2449 2670 par·

446 2677 475 2737 et
501 2671 623 2736 nundin
649 2672 816 2748 serina,
848 2674 882 2733 ut
909 2669 1018 2750 inuicti
1044 2672 1161 2734 snmus
1186 2674 1292 2734 corrtra
1319 2689 1424 2734 munes
1475 2671 1579 2733 cimus
1606 2688 1644 2734 ac
1672 2666 1809 2819 ve,-
1835 2667 1951 2734 damus
1979 2690 1999 2733 a
2031 2689 2224 2752 quocunque
2255 2671 2324 2736 ulla
2351 2674 2387 2736 in
2414 2694 2449 2738 re

446 2758 633 2823 tentationes.
654 2757 795 2822 Peccata
810 2774 881 2818 cero
897 2752 1006 2852 debita
1021 2761 1191 2835 nuncupat
1205 2753 1294 2836 quod
1309 2775 1423 2819 eorum
1474 2754 1554 2819 laesi
1576 2774 1698 2832 summ,
1787 2752 1880 2818 -taoto
1899 2755 2009 2837 inique
2030 2756 2169 2834 tractati,
2193 2765 2250 2820 aut
2272 2756 2356 2822 dicto
2374 2780 2450 2824 eon-

447 2862 587 2926 peenam
620 2841 790 2917 debemus,
819 2860 880 2904 noe
908 2839 1094 2904 satisfacere
1127 2839 1196 2904 ullo
1223 2838 1319 2903 modo
1347 2860 1423 2921 pos-
1475 2839 1644 2904 tumeliose
1667 2840 1798 2921 accepti
1843 2839 1920 2904 Non
1942 2839 2030 2923 quod
2051 2839 2161 2906 delicti
2189 2848 2285 2924 atque
2306 2843 2449 2910 offensae

447 2949 566 3006 semus,
589 2927 652 2992 nisi
676 2927 738 2990 hae
763 2924 955 2990 remissione
983 2923 1187 3003 solomanum·
1216 2945 1298 3006 quae
1326 2926 1424 2989 venia
1475 2924 1607 3008 culpam
1634 2925 1799 2990 remittere
1826 2933 1974 2990 nostrum
1996 2927 2052 3004 sit,
2081 2925 2167 3008 quod
2194 2926 2293 2992 soiius
2314 2929 2378 2993 Dei
2400 2939 2451 2995 est

448 3021 499 3079 est
519 3013 681 3096 gratuitae
708 3008 1054 3086 misericordiosius,
1084 3031 1186 3092 quum
1213 3010 1283 3092 ipse
1303 3009 1423 3075 libera·
1476 3009 1554 3096 (Ios.
1573 3014 1624 3088 43,
1643 3011 1715 3094 25);
1737 3032 1854 3076 verum
1873 3011 1956 3075 haee
1973 3019 2086 3076 nostra
2104 3018 2155 3076 est
2172 3012 2329 3091 remissio,
2352 3015 2446 3093 iram,

447 3099 523 3163 liter
545 3097 625 3162 haee
647 3095 756 3162 debita
776 3096 951 3178 expungit,
973 3095 1105 3159 nullum
1126 3116 1147 3160 a
1167 3094 1260 3160 nobis
1280 3095 1422 3177 pretium
1475 3094 1601 3174 odium,
1629 3096 1793 3161 vindictae
1820 3097 2043 3178 appetentiam
2070 3117 2113 3161 ex
2140 3097 2248 3162 animo
2275 3098 2361 3163 ultro
2392 3099 2449 3165 de·

447 3185 515 3250 acci
539 3184 624 3262 iens;
642 3181 699 3247 sed
716 3201 777 3246 sua
791 3181 893 3263 ipsius
910 3179 1133 3245 misericordia
1141 3180 1204 3245 sibi
1221 3180 1424 3246 satisfaciens
1475 3201 1614 3264 ponere,
1647 3188 1681 3246 et
1706 3182 1900 3247 iniuriarum
1932 3181 2126 3248 memoriam
2155 3182 2342 3249 voluntaria
2368 3185 2450 3250 obli·
2556 3208 2558 3211 ·

447 3271 483 3333 in
535 3268 639 3332 bristo
662 3267 773 3351 (Rom.
793 3273 821 3344 3,
841 3266 912 3349 24),
929 3266 986 3349 qui
1007 3267 1110 3331 semel
1130 3267 1165 3330 in
1187 3266 1423 3348 compensatio·
1475 3267 1570 3333 vione
1598 3275 1775 3332 conterere.
1820 3265 2042 3348 Quamobrem
2068 3274 2276 3350 peecatorum
2301 3271 2450 3337 remissio

447 3376 525 3419 nem
544 3375 579 3419 se
600 3353 709 3435 ipsum
729 3351 873 3416 tradidit
910 3352 1027 3434 Itaque
1043 3352 1100 3434 qui
1117 3352 1186 3417 suis
1207 3359 1265 3415 aut
1284 3351 1424 3416 aliorum
1476 3374 1497 3417 a
1522 3351 1596 3418 Deo
1627 3352 1769 3435 petenda
1793 3372 1861 3417 non
1893 3359 1958 3430 est,
1990 3352 2056 3417 nisi
2088 3353 2229 3419 offensas
2260 3355 2360 3421 etiam
2387 3356 2449 3439 ipsi

447 3439 575 3504 meritis
596 3439 670 3503 Deo
698 3437 850 3504 satisfieri
877 3437 1056 3515 confidunt,
1087 3437 1202 3520 bisque
1229 3437 1423 3502 satisfactio-
1472 3445 1605 3504 fnestras
1632 3438 1782 3504 omnibus
1815 3439 2022 3503 remittamus
2049 3440 2105 3521 qni
2131 3438 2225 3504 nobis
2256 3440 2369 3505 iniurii
2396 3442 2450 3508 vel

447 3525 545 3591 nibus
577 3531 785 3606 peecatorum
817 3522 1041 3588 remissionem
1069 3523 1201 3606 pensari
1230 3542 1268 3587 ac
1295 3521 1422 3601 redimi,
1475 3530 1554 3588 sunt
1574 3523 1626 3589 vel
1653 3524 1794 3588 fuerunt.
1839 3521 1963 3605 Siqua
1990 3545 2068 3589 vero
2090 3522 2164 3589 odia
2190 3526 2307 3592 animis
2328 3529 2449 3592 retine·

447 3611 527 3675 huie
554 3611 717 3693 gratuitae
745 3607 974 3675 condonationi
1000 3608 1134 3677 nn'nime
1166 3607 1423 3686 communicant;
1475 3629 1564 3687 mus,
1596 3609 1735 3674 ultiones
1761 3607 1973 3687 meditamur,
2005 3618 2131 3692 etqua
2158 3631 2332 3677 noceamus
2358 3634 2451 3687 oricu-¹

449 3718 487 3761 ae
509 3695 589 3760 dum
604 3695 642 3758 in
659 3696 744 3760 hane
763 3695 902 3759 formam
918 3694 1029 3758 Deum
1048 3695 1210 3770 invocant,
1232 3693 1317 3757 nibil
1334 3692 1425 3757 aliud
1475 3694 1567 3759 nene
1588 3695 1782 3777 eogitamus3
1810 3694 1877 3760 ime
1898 3715 1976 3760 vero
1997 3694 2061 3761 nisi
2081 3717 2156 3761 cum
2176 3697 2318 3762 inimicis
2342 3698 2448 3764 redire

471 3800 550 3846 uam
575 3781 611 3843 in
638 3800 732 3844 suam
763 3779 1004 3845 accusationem
1032 3778 1257 3856 subscribunt,
1291 3779 1424 3860 adeoque
1475 3781 1512 3844 in
1533 3779 1683 3863 gratim,
1704 3781 1854 3863 ipsosque
1881 3781 1971 3844 omni
1992 3781 2173 3847 officiorum
2199 3803 2319 3865 genere
2339 3782 2448 3849 deme-

529 3865 693 3930 nationem
736 3865 910 3950 obsignant
947 3886 1006 3929 suo
1044 3865 1191 3947 ipsorum
1227 3863 1422 3929 testimonio.
1475 3866 1541 3930 reri
1573 3865 1731 3948 nobisque
1769 3866 1942 3931 conciliare
1975 3866 2131 3945 nitimur,
2170 3866 2232 3932 bae
2265 3869 2448 3949 precatione

450 3951 614 4016 Fateatur
640 3950 729 4014 enim
754 3971 790 4016 se
817 3949 992 4028 debitores,
1021 3950 1086 4016 nisi
1104 3949 1305 4015 remissionis
1326 3947 1424 4014 bene·
1475 3951 1585 4015 Deum
1606 3951 1816 4027 obtestamur,
1846 3972 1889 4016 no
1909 3959 2116 4033 peecatorum
2142 3953 2368 4018 remissionem
2389 3974 2449 4019 no-

450 4037 524 4101 ficio
555 4036 744 4114 solvantur,
776 4055 876 4118 quam
908 4044 1021 4100 tamen
1051 4056 1118 4100 non
1149 4035 1332 4117 accipiunt,
1365 4033 1424 4100 sed
1476 4036 1526 4102 bis
1551 4036 1658 4102 faeiat.
1707 4036 1878 4103 Posuimus
1905 4037 1994 4101 enim
2018 4044 2056 4102 ut
2085 4037 2179 4103 nobis
2205 4038 2318 4118 faciat,
2351 4061 2450 4123 quam

448 4121 554 4205 magis
580 4128 752 4202 respuunt,
784 4121 865 4184 dum
889 4140 949 4186 sua
974 4121 1092 4186 merita
1119 4141 1157 4186 ae
1189 4119 1424 4186 satisfactiones
1476 4121 1549 4186 aliis
1569 4121 1715 4187 facimus.
1759 4121 1834 4186 Hoc
1855 4143 1932 4187 vero
1960 4129 2011 4187 est
2035 4129 2146 4206 petere
2168 4145 2210 4188 ne
2232 4125 2326 4190 nobis
2351 4125 2450 4191 faeiat

449 4206 523 4271 Deo
550 4204 738 4271 obtrudunt
783 4204 842 4271 Sic
868 4207 957 4270 enim
985 4227 1052 4271 nen
1079 4208 1150 4273 eius
1169 4205 1425 4272 misericordiam
1476 4207 1540 4272 nisi
1560 4207 1622 4290 ipsi
1650 4208 1795 4273 iacimus.
1838 4206 1906 4289 Qui
1933 4228 2012 4291 ergo
2039 4207 2224 4274 huiusmodi
2253 4217 2343 4287 sunt,
2369 4211 2449 4290 quid

448 4292 638 4375 implorant,
672 4290 730 4357 sed
758 4290 914 4356 iudicium
947 4292 1121 4375 appellant.
1175 4292 1237 4372 Qui
1263 4311 1334 4356 vero
1362 4291 1425 4356 sibi
1475 4301 1719 4375 consequuntur
1746 4314 1806 4358 sua
1832 4292 1988 4375 petitione
2014 4294 2077 4358 nisi
2107 4295 2240 4377 grevim
2267 4293 2447 4358 iudicium?

428 4378 663 4461 0perfeotionem
683 4378 840 4442 sornniant
860 4397 939 4457 quae
963 4378 1071 4442 reniae
1085 4376 1236 4458 paenae
1260 4378 1424 4442 necessita·
1474 4379 1645 4444 Postremo
1673 4376 1913 4444 observandum
1939 4385 2003 4456 est,
2033 4400 2100 4444 non
2122 4379 2207 4445 hanc
2228 4378 2447 4445 conditionem

450 4469 509 4529 tem
534 4462 631 4541 tollat,
664 4462 835 4543 dismpubos
859 4460 991 4527 babeant
1016 4482 1093 4543 quos
1123 4463 1252 4527 aurium
1272 4463 1425 4542 pruritus
1476 4463 1549 4528 ideo
1582 4462 1697 4540 adiici,
1736 4472 1774 4529 ut
1804 4465 1951 4528 remittat
1981 4462 2093 4541 nobis,
2132 4465 2215 4531 siout
2247 4460 2448 4530 debitoribus

449 4550 493 4615 ad
511 4548 661 4629 failaaas
687 4548 834 4628 impetiit:
860 4547 949 4612 modo
975 4553 1092 4628 ereptos
1117 4567 1182 4613 esse
1205 4545 1328 4613 Obristo
1354 4567 1424 4613 eon-
1476 4549 1596 4614 nestris
1623 4550 1838 4627 remittimus,
1871 4556 2044 4633 propterea
2074 4547 2161 4631 qnod
2188 4556 2315 4627 nestra,
2348 4571 2449 4631 quam
2512 4585 2517 4593 ·

448 4639 507 4700 stet
526 4653 721 4715 ooosaonoue
740 4634 803 4699 sibi
823 4634 998 4714 acquirunt.
1036 4633 1166 4714 anndo
1186 4652 1291 4698 omnes
1310 4632 1364 4698 ilie
1380 4634 1424 4698 ad
1476 4633 1533 4699 alii
1544 4632 1568 4718 ¹)
1600 4634 1752 4713 facimus,
1781 4635 1985 4713 remissione,
2019 4635 2089 4701 eius
2120 4634 2344 4699 remissionem
2376 4656 2446 4701 me-

447 4720 609 4802 fatendum
627 4724 748 4790 reatum
769 4718 936 4783 inminens
956 4719 1060 4784 nuibs
1081 4719 1215 4783 admittit
1235 4719 1300 4782 nisi
1314 4737 1424 4798 pmcn-
1476 4739 1623 4797 reamm,
1650 4740 1688 4784 ac
1706 4722 1737 4785 si
1756 4725 1862 4786 nomta
1882 4725 1960 4785 esset
1978 4740 2092 4799 aarum
2119 4739 2236 4786 vemm
2263 4721 2325 4786 hoo
2346 4720 2446 4786 verbo

449 4810 544 4882 utres,-
577 4824 638 4868 non
662 4804 746 4885 quod
776 4803 940 4868 blanditiis
964 4805 1066 4886 foueat
1091 4809 1232 4885 pomata,
1265 4804 1319 4869 sed
1346 4804 1423 4884 quia
1475 4805 1575 4870 solari
1594 4806 1715 4887 partim
1734 4805 1840 4871 voluit
1859 4804 2021 4870 Dominus
2046 4804 2124 4870 fidei
2149 4813 2281 4871 noemae
2300 4805 2445 4871 imbecil-

449 4888 557 4969 fideles
577 4910 738 4970 nunonem
752 4889 851 4970 plane
877 4889 951 4954 econ
970 4890 1078 4955 carnis
1097 4909 1175 4955 suae
1193 4888 1281 4953 uitiis
1302 4887 1423 4967 sciebat,
1475 4890 1609 4955 litatem
1654 4889 1791 4955 Addidit
1820 4890 1910 4953 enim
1935 4889 1997 4955 hoe
2024 4897 2180 4974 tanquam
2206 4891 2353 4976 signum,
2382 4912 2445 4974 quo

451 4973 530 5055 quin
550 4994 669 5054 semper
688 4979 834 5040 manearrt
855 4973 920 5041 Dei
939 4975 1057 5040 iudicio
1075 4973 1208 5040 obnoxii.
1244 4972 1425 5053 &tandum
1476 4976 1706 5040 confirmemur
1725 4982 1795 5040 tam
1815 4983 1905 5041 certo
1925 4975 2019 5042 nobis
2040 4977 2165 5040 iactum
2185 4996 2205 5040 a
2226 4997 2261 5042 se
2282 4977 2445 5042 remissio-

451 5059 575 5140 quiden
595 5065 648 5137 est,
669 5065 761 5142 atque
777 5060 872 5124 etiam
887 5060 978 5126 enine
999 5060 1210 5138 iaborurtwm,
1230 5063 1266 5122 ut
1282 5058 1425 5124 mundus
1475 5080 1552 5125 nem
1580 5067 1800 5142 peecatorum,
1833 5082 1932 5143 quam
1963 5069 2050 5128 certe
2077 5061 2198 5127 oonsoii
2225 5083 2340 5142 sumus
2372 5061 2445 5127 aliis

451 5144 549 5226 officii
569 5147 668 5210 nosti
688 5146 828 5211 numeris
848 5145 992 5227 daunai,
1013 5165 1083 5210 uere
1104 5144 1191 5224 opud
1211 5142 1316 5209 Deum
1336 5144 1426 5210 nobis
1475 5165 1549 5210 eam
1566 5165 1586 5210 a
1602 5146 1695 5210 nobis
1711 5146 1796 5226 fiori;
1819 5147 1847 5215 si
1868 5154 1980 5212 tamen
1999 5149 2128 5213 animus
2145 5145 2239 5212 nobis
2256 5148 2346 5212 omni
2363 5145 2445 5225 odio,

448 5230 647 5314 ordukmur
665 5251 722 5296 nos
742 5251 807 5296 esse
822 5250 924 5310 puros
943 5230 984 5295 ab
1005 5231 1090 5295 unni
1109 5229 1251 5308 macuta·
1270 5229 1325 5294 sod
1346 5230 1425 5310 quia
1476 5229 1587 5308 livore,
1610 5230 1763 5307 vindicta,
1783 5255 1905 5299 vacuus
1922 5239 2146 5318 purgatusque
2163 5239 2226 5311 est;
2242 5234 2365 5312 partim
2385 5231 2447 5297 hae

452 5313 521 5382 Deo
543 5316 647 5397 placet
667 5317 828 5396 sennim
848 5335 940 5380 mam
966 5317 1001 5380 in
1028 5315 1118 5381 nobis
1143 5314 1310 5397 imapinem
1330 5314 1424 5394 retiu-
1476 5314 1578 5380 veluti
1604 5326 1699 5394 nota,
1733 5319 1923 5384 efiliorum
1950 5339 2086 5384 numero
2113 5318 2286 5402 expungit,
2320 5318 2377 5400 qui
2404 5316 2447 5382 ad

450 5420 536 5483 pere,
564 5406 599 5467 ut
624 5421 745 5482 mmper
770 5400 895 5480 aliquid
925 5401 1115 5484 mntapionis
1139 5401 1176 5466 in
1200 5398 1300 5466 carne*
1316 5405 1425 5466 nosne
1635 5418 1638 5422 “

452 5487 599 5565 resideat,
627 5486 797 5552 remedium
822 5485 950 5550 minime
974 5484 1188 5570 nepiiperidurn
1212 5485 1284 5567 fuit.
1336 5485 1425 5566 Quoa
1544 5537 1574 5601 1)
1594 5535 1641 5592 &0

453 5570 484 5634 ⁸²⁸
506 5569 651 5637 emim
665 5591 728 5652 9⁷⁰
747 5570 912 5635 “mrim
931 5570 994 5636 Μ
1014 5592 1036 5636 ⁰
1051 5575 1145 5652 Imm
1164 5571 1241 5636 daia
1262 5571 1344 5636 iubet
1366 5590 1424 5637 ”⁰⁸
1473 5611 1582 5674 munt
1603 5535 1767 5688 quoiffiibii
1778 5537 1894 5672 piisssima
1906 5543 2003 5660 iiiibm
2012 5537 2449 5661 mos.logoongullggrooezgxe

452 5657 621 5722 totooitae
650 5676 746 5721 aneu
773 5655 952 5720 adrentus
982 5656 1225 5737 imminuens»
1254 5656 1423 5740 munuc,
1474 5671 1809 5752 ealtbonaramaeuu
