5600 6809
374 776 434 836 505
577 769 666 835 LIB.
690 770 752 834 ΠΙ.
797 769 862 834 Du
884 768 1020 835 MODO
1042 768 1392 836 PEROIPIENDAE
1415 766 1605 836 CHRISTI
1627 769 1845 836 animan.
1891 771 1989 838 OAP.
2013 772 2073 837 Vh
2097 772 2175 838 VII.
2318 779 2391 838 506*

372 968 437 1037 est,
472 970 511 1023 ut
532 981 574 1023 ex
596 959 637 1022 iis
658 979 741 1040 quae
769 958 828 1022 tibi
857 959 926 1023 eius
953 958 1054 1022 verbo
1085 958 1352 1040 praescribuntur
1406 959 1594 1041 dirigendae
1617 960 1684 1023 1111
1705 960 1793 1024 vitae
1810 966 1941 1024 nostrae
1959 960 2103 1025 actiones
2120 962 2302 1041 universae,
2326 985 2383 1046 ap-

371 1052 500 1129 partem
533 1045 706 1126 suscipias,
740 1052 868 1125 partem
901 1044 1036 1109 arbitrio
1067 1051 1123 1131 111
1156 1055 1350 1126 praetereas.
1404 1052 1506 1127 paret
1547 1044 1659 1109 Nostri
1681 1066 1747 1109 non
1769 1065 1894 1111 sumus:
1917 1066 1995 1128 ergo
2016 1067 2058 1109 ne
2081 1046 2134 1111 vel
2156 1049 2238 1113 ratio
2260 1057 2381 1127 nostru,

371 1132 485 1196 Primo
508 1130 596 1195 enim
619 1131 687 1194 loco
707 1129 939 1213 integritatem,
963 1138 1121 1211 tanquam
1141 1131 1352 1211 praecipuam
1405 1131 1458 1196 vel
1480 1130 1633 1196 voluntas
1654 1131 1690 1194 in
1712 1130 1855 1196 consiliis
1877 1131 1999 1195 nostris
2016 1132 2173 1214 factisque
2185 1133 2381 1200 dominetur.

373 1217 479 1282 cultus
501 1217 551 1281 sui
574 1224 717 1297 partem,
740 1215 859 1297 ubique
881 1215 1101 1294 commendat;
1130 1237 1193 1296 quo
1221 1215 1352 1279 nomine
1405 1216 1518 1280 Nostri
1544 1237 1611 1281 non
1639 1238 1767 1298 sumus:
1803 1237 1880 1299 ergo
1909 1238 1950 1280 ne
1973 1224 2157 1282 statuamus
2178 1220 2272 1285 nobis
2293 1221 2382 1287 hunc

373 1304 534 1367 sinceram
563 1301 666 1365 animi
695 1302 934 1383 simplieitatem
962 1301 1131 1384 intelligit,
1165 1322 1249 1382 quae
1278 1301 1351 1366 fuco
1404 1303 1522 1379 finem,
1545 1309 1583 1366 ut
1604 1321 1801 1383 quaeramus
1823 1299 1909 1384 quod
1931 1302 2026 1367 nobis
2049 1302 2229 1368 secundum
2250 1326 2382 1371 carnem

373 1395 406 1452 et
427 1388 558 1453 fictione
581 1392 704 1464 careat,
735 1387 788 1451 cui
816 1407 870 1451 cor
899 1385 1020 1467 duplex
1042 1387 1232 1468 opponitur;
1263 1407 1300 1450 ac
1320 1386 1351 1450 si
1404 1385 1564 1469 expediat.
1609 1387 1723 1451 Nostri
1744 1408 1811 1451 non
1832 1409 1961 1452 sumus:
1990 1409 2068 1471 ergo
2096 1389 2203 1472 quoad
2230 1391 2309 1456 licet
2326 1393 2382 1457 ob-

371 1474 526 1538 diccretra
546 1473 714 1553 spirituale
735 1492 801 1537 esse
822 1477 899 1537 recte
920 1471 1045 1536 11111111
1060 1473 1274 1553 principiam,
1296 1471 1351 1536 adi
1404 1473 1596 1537 liviscamur
1624 1474 1840 1555 nosmetipsos
1867 1494 1905 1538 ac
1926 1481 2041 1538 nostra
2062 1475 2181 1539 omnia.
2225 1476 2382 1557 Rursum,

374 1560 505 1624 interior
533 1559 635 1622 ocimi
664 1558 791 1639 affectas
818 1560 886 1623 siae
906 1558 1026 1638 [1111111
1048 1558 1091 1622 ud
1111 1558 1352 1622 senddotemct
1404 1559 1470 1623 Dei
1496 1579 1625 1623 sumus:
1659 1558 1709 1622 illi
1737 1579 1816 1642 ergo
1845 1559 1995 1624 vivamus
2023 1580 2061 1624 ae
2086 1561 2274 1626 moriamur.
2318 1564 2383 1628 Dei

375 1645 530 1709 iustitiam
551 1644 708 1710 wicardum
731 1643 799 1708 Deo
821 1644 985 1708 addicitur.
1029 1640 1098 1707 Sed
1119 1644 1271 1724 quoniam
1294 1664 1351 1707 ne-
1405 1665 1533 1709 sumus:
1569 1645 1695 1710 cunetis
1727 1665 1805 1727 ergo
1838 1646 1959 1710 uostris
1991 1646 2173 1712 actionibus
2199 1648 2385 1729 praesideat

374 1731 458 1794 mini
485 1738 614 1795 tantum
641 1731 786 1811 suppetit
812 1730 847 1793 11
874 1737 1004 1793 terreno
1031 1729 1352 1810 111111111111111-
1406 1731 1567 1812 sapientia
1593 1731 1663 1796 11111
1691 1737 1724 1794 11
1738 1730 1915 1795 voluntas.
1964 1729 2029 1796 Dei
2058 1743 2186 1796 sumus:
2221 1732 2263 1798 ad
2290 1734 2385 1798 illum

375 1837 449 1881 1111
471 1815 605 1894 roboris,
630 1823 669 1879 ut
687 1817 773 1880 iusta
794 1835 908 1879 cursus
930 1814 1097 1879 alacritate
1119 1815 1258 1893 festinet,
1281 1836 1352 1879 ma-
1405 1817 1516 1900 igitur,
1539 1825 1697 1899 tanquam
1719 1815 1826 1880 solum
1846 1816 2031 1898 legitimum
2052 1820 2161 1896 finem,
2186 1819 2386 1884 contendant

375 1903 478 1966 iorem
510 1924 589 1967 vero
621 1922 797 1965 numerum
830 1909 923 1964 tanta
960 1901 1080 1981 premit
1113 1899 1277 1978 debilitas,
1316 1908 1354 1965 ut
1405 1923 1517 1967 omnes
1544 1902 1634 1967 vitae
1663 1908 1792 1967 nostrae
1819 1911 1938 1983 partes.
1984 1900 2196 1985 Oquantum
2223 1905 2279 1968 1111
2308 1925 2383 1987 111-

376 1987 558 2052 vacillando
579 1995 614 2052 et
630 1985 851 2064 claudicando,
871 1987 963 2050 humi
980 1987 1079 2050 etiam
1097 1984 1266 2068 reptando,
1283 2007 1353 2050 mo-
1405 1989 1494 2065 fecit,
1523 1988 1580 2069 qui
1607 2009 1641 2052 se
1669 2008 1735 2052 non
1763 2009 1860 2051 suum
1887 2009 1958 2052 esse
1971 1987 1996 2072 ¹)
2022 1988 2169 2066 adortus,
2203 1989 2385 2055 dominium

376 2073 446 2139 dice
476 2085 705 2156 promoveant,
740 2094 852 2137 eamus
884 2072 1022 2153 quisque
1053 2092 1112 2153 pro
1144 2072 1354 2137 facultatulae
1406 2074 1615 2157 regimenque
1642 2075 1694 2138 sui
1720 2075 1871 2155 propriae
1898 2075 2018 2139 rationi
2040 2075 2226 2159 abrogavit,
2254 2083 2292 2140 ut
2312 2078 2385 2142 Deo

376 2178 453 2224 suae
475 2159 584 2238 modo,
615 2167 648 2223 et
669 2159 856 2241 incoeptum
876 2158 940 2221 iter
961 2178 1205 2240 prosequamur.
1248 2158 1354 2223 Nemo
1405 2159 1545 2225 asserat!
1590 2159 1677 2223 Nam
1704 2166 1742 2223 ut
1769 2159 1850 2225 haec
1876 2159 1917 2231 ad
1938 2160 2122 2242 perdendos
2144 2161 2291 2227 homines
2313 2163 2383 2228 effi·

375 2252 443 2309 tam
464 2245 638 2310 infeliciter
659 2243 797 2321 incedet,
819 2243 900 2326 quin
918 2243 1124 2325 aliquantum
1141 2244 1257 2308 saltem
1279 2245 1353 2309 viae
1405 2245 1576 2311 cecissimo
1596 2252 1647 2310 est
1668 2246 1783 2327 pestis,
1806 2244 1861 2309 ubi
1884 2245 1945 2310 sibi
1966 2247 2047 2328 ipsis
2068 2245 2308 2330 obtemperant,
2338 2249 2385 2313 ita

374 2330 518 2413 quotidie
536 2332 718 2396 emetiatur.
753 2331 827 2394 Hoc
849 2349 885 2393 er
951 2350 1047 2412 agere
1068 2349 1136 2393 non
1153 2329 1351 2409 desinamus,
1404 2332 1520 2396 unicus
1543 2338 1594 2395 est
1613 2331 1726 2396 salutis
1743 2339 1866 2412 portus,
1887 2331 1971 2396 nihil
1993 2354 2053 2399 neo
2071 2354 2194 2415 sapere,
2217 2355 2277 2399 nec
2298 2334 2383 2399 velle

374 2424 412 2483 ut
439 2415 563 2500 aliquid
592 2415 722 2481 assidue
746 2417 781 2480 in
802 2415 858 2481 via
914 2416 1015 2479 omini
1036 2416 1260 2497 proficiamus;
1295 2437 1353 2480 ne·
1404 2417 1552 2499 persei
1576 2438 1665 2494 sum,
1696 2417 1754 2482 sed
1773 2417 1956 2482 Dominum
1981 2428 2196 2501 praeeuntem
2223 2418 2384 2485 duntaxat

374 2524 438 2584 que
471 2523 638 2568 successus
676 2503 869 2567 tenuitatem
905 2499 1122 2583 desperemus.
1177 2501 1352 2583 Utcunque
1405 2502 1523 2584 sequi.
1551 2438 1605 2565 git
1634 2501 1687 2568 hic
1713 2504 1824 2584 itaque
1851 2504 1977 2585 primus
2004 2503 2141 2587 gradus,
2171 2505 2337 2569 hominem
2364 2528 2384 2572 a

375 2590 463 2652 enim
494 2609 660 2654 successus
692 2596 767 2652 voto
799 2609 865 2652 non
897 2586 1106 2669 respondeat,
1140 2608 1206 2650 non
1239 2595 1352 2652 tamen
1405 2609 1440 2652 se
1467 2588 1538 2668 ipso
1567 2587 1747 2667 discedere,
1781 2610 1845 2671 quo
1874 2597 1976 2654 totam
2003 2590 2128 2674 ingenii
2150 2592 2219 2657 vim
2245 2591 2384 2673 applicet

374 2674 503 2756 perdita
534 2682 584 2739 est
613 2695 727 2757 opera,
766 2674 823 2738 ubi
856 2672 1034 2737 hodiernus
1067 2671 1137 2738 dies
1161 2674 1352 2739 hesternum
1404 2672 1446 2738 ad
1468 2672 1606 2737 Domini
1627 2674 1825 2755 obsequium.
1871 2673 2075 2758 Obsequium
2093 2676 2174 2755 dico,
2196 2698 2262 2740 non
2286 2676 2383 2742 modo

374 2761 491 2825 vincit:
515 2762 642 2825 sincera
663 2758 761 2823 modo
773 2759 981 2840 simplicitate
1002 2760 1039 2822 in
1051 2779 1185 2841 scopum
1202 2766 1353 2824 nostrum
1405 2758 1491 2841 quod
1518 2758 1553 2822 in
1575 2757 1667 2825 verbi
1689 2758 1872 2824 obedientia
1899 2760 1997 2840 iacet,
2026 2761 2083 2826 sed
2110 2782 2175 2845 quo
2203 2783 2295 2828 mens
2324 2764 2383 2827 ho-

375 2847 600 2928 respiciamus,
629 2845 725 2910 etad
747 2854 869 2909 metam
891 2842 1089 2927 aspiremus,
1118 2866 1184 2909 uon
1206 2852 1352 2909 assenta-
1404 2845 1519 2923 minis,
1547 2846 1680 2927 proprio
1707 2846 1814 2910 carnis
1844 2867 1942 2911 sensu
1972 2869 2090 2924 vacua,
2124 2870 2159 2912 se
2185 2846 2227 2911 ad
2248 2849 2383 2931 spiritus

375 2933 458 2997 torie
480 2930 685 2996 blandientes
706 2931 915 3013 nobisipsis,
943 2952 1003 2995 neo
1031 2930 1126 2994 malis
1153 2931 1275 2995 nostris
1302 2929 1352 2995 11-
1404 2931 1469 2995 Dei
1488 2938 1606 2995 nutum
1631 2936 1699 2994 tota
1720 2933 1889 2996 convertit
1933 2933 2031 2997 Hane
2053 2934 2381 3013 transformationem,

376 3016 555 3101 dulgentes,
578 3017 636 3083 sed
656 3026 813 3100 perpetuo
834 3024 952 3082 conatu
974 3017 1008 3080 in
1030 3016 1094 3079 hoe
1115 3015 1352 3094 incumbentes,
1404 3037 1502 3099 qnam
1530 3016 1775 3081 renovationem
1807 3018 1928 3082 mentis
1955 3017 2080 3081 Paulus
2114 3019 2256 3101 appellat
2279 3020 2380 3103 (Eph.

374 3110 413 3167 ut
432 3104 582 3169 meliores
610 3102 807 3185 nobisipsis
829 3102 1019 3178 evadamus,
1047 3100 1150 3165 donec
1177 3101 1218 3166 ad
1247 3102 1352 3183 ipsam
1405 3108 1435 3180 4,
1455 3100 1527 3185 23),
1550 3122 1651 3184 quum
1672 3103 1800 3185 primus
1822 3103 1865 3167 sit
1886 3101 2047 3185 advitam
2069 3105 2252 3188 ingressus,
2276 3105 2382 3186 philo-

374 3197 570 3272 perventum
590 3189 891 3267 fueritbonitatem3
914 3209 1012 3270 quam
1034 3186 1166 3269 quidem
1184 3195 1252 3252 toto
1264 3188 1352 3252 vitae
1405 3187 1500 3269 sophi
1521 3208 1635 3253 omnes
1656 3189 1859 3272 ignoranmt.
1897 3185 2011 3253 Solam
2033 3191 2119 3253 enim
2142 3190 2302 3254 rationem
2323 3191 2382 3255 ho-

376 3277 479 3356 spatio
500 3276 689 3359 quaerimus
710 3295 748 3340 ac
770 3276 952 3358 sequimur,
975 3284 1047 3337 tnm
1068 3271 1352 3356 apprehendemus
1403 3274 1487 3336 mini
1508 3273 1760 3340 moderatricem
1780 3274 1991 3356 praeficiunt,
2020 3276 2106 3340 hano
2133 3275 2238 3340 solam
2264 3281 2383 3357 putant

376 3382 476 3443 quum
508 3382 568 3426 nos
601 3362 709 3426 earnis
736 3361 928 3425 infirmitate
950 3360 1041 3423 exuti
1068 3357 1104 3424 in
1124 3360 1260 3441 plenum
1282 3359 1352 3423 eius
1404 3358 1617 3438 audiendam,
1642 3360 1719 3426 huic
1740 3359 1879 3443 denique
1900 3361 1959 3424 uni
1979 3381 2110 3425 morum
2130 3362 2304 3443 imperium
2326 3358 2382 3426 de·

375 3447 573 3512 consortium
595 3446 718 3529 recepti
739 3447 905 3511 fuerimus.
1403 3445 1514 3509 ferunt
1536 3465 1574 3510 ac
1586 3447 1795 3528 permittunt3
1818 3453 1853 3511 at
1873 3446 2053 3511 christiana
2069 3447 2275 3528 philosophia
2291 3446 2384 3512 illam

1403 3531 1473 3596 loco
1496 3530 1625 3614 cedere,
1653 3532 1783 3616 spiritui
1810 3542 1923 3598 sancto
1948 3532 2062 3597 subiici
2083 3553 2121 3597 ac
2142 3531 2310 3617 subiugari
2330 3533 2382 3597 iu·

1403 3615 1474 3696 bet;
1496 3624 1535 3680 ut
1556 3616 1654 3683 homo
1675 3619 1742 3681 iam
1763 3637 1830 3682 non
1851 3618 1921 3700 ipse
1942 3618 2048 3694 vivat,
2071 3618 2129 3683 sed
2151 3617 2325 3684 Ohristum
2345 3618 2382 3684 in

911 3754 990 3819 ..2
1563 3702 2255 3870 1111111111·
2276 3795 2314 3854 ..
2339 3812 2383 3856 .

407 3914 723 3999 sammaritae
755 3913 1026 4021 christianae
1058 3914 1131 3996 ubi
1163 3912 1215 3995 ‘¹0
1247 3914 1320 3995 ab·
1403 3874 2382 4046 1111111111111181181111111111111111ῑῖᾘῖ

661 4034 888 4145 negatione
918 4034 1064 4116 nostri.
1403 4029 1607 4109 movendam.
1636 4046 1753 4128 Magni
1774 4053 1808 4110 et
1826 4045 1887 4110 hoe
1905 4046 2077 4128 profectus,
2099 4055 2138 4112 ut
2155 4049 2260 4113 nostri
2275 4069 2381 4130 paene

1402 4131 1509 4206 obliti,
1537 4138 1625 4196 certe
1652 4130 1779 4196 ratione
1801 4133 1904 4196 nostri
1927 4131 2126 4215 posthabita,
2151 4134 2224 4199 Deo
2246 4135 2380 4215 eiusque

466 4225 491 4285 l.
536 4220 612 4286 Etsi
632 4219 789 4301 optimam
817 4225 850 4282 et
871 4217 1038 4300 aptissime
1060 4215 1251 4299 dispositam
1273 4236 1350 4280 oon-
1401 4214 1566 4281 mandatis
1587 4215 1729 4281 fideliter
1755 4216 1900 4282 studium
1921 4225 2072 4283 nostrum
2092 4218 2276 4301 impendere
2296 4238 2381 4282 corre

377 4307 559 4372 stituendae
587 4305 676 4370 vitae
702 4304 893 4369 methodum
921 4303 1020 4367 habet
1044 4302 1099 4366 lex
1119 4302 1271 4378 Domini,
1300 4303 1351 4367 vi·
1401 4323 1481 4366 naar.
1498 4304 1508 4313 '
1527 4300 1639 4382 Quum
1672 4302 1760 4367 enim
1792 4324 1851 4368 nos
1883 4305 2047 4386 privatam
2080 4307 2183 4369 nostri
2217 4305 2378 4368 111111111

377 4415 450 4458 sum
471 4401 583 4458 tamen
605 4406 656 4457 est
676 4391 808 4455 coelesti
825 4390 992 4472 magistro,
1014 4387 1215 4453 accuratiore
1237 4387 1352 4452 etiam·
1403 4387 1553 4452 omittere
1574 4388 1664 4453 iubet
1685 4388 1862 4472 scriptura,
1884 4411 1952 4454 non
1973 4391 2069 4455 modo
2091 4389 2231 4453 habendi
2253 4387 2379 4470 cupidi-

377 4501 457 4543 num
479 4481 605 4544 ratione
628 4477 669 4542 ad
690 4478 804 4559 ipsam,
828 4497 925 4558 quam
942 4477 978 4538 in
995 4474 1067 4557 lege
1088 4474 1350 4556 praescripserat,
1402 4479 1514 4553 tatem,
1535 4474 1700 4556 potentiae
1711 4474 1961 4554 affectationem,
1979 4475 2150 4540 hominum
2167 4473 2317 4557 gratim,
2336 4495 2378 4538 ex

377 4565 525 4645 regulam
550 4586 626 4629 suos
650 4565 798 4628 formare.
843 4562 955 4644 Atque
977 4561 1075 4625 huius
1098 4559 1230 4642 quidem
1252 4561 1350 4624 ratio-
1403 4560 1522 4624 animis
1554 4560 1675 4626 nostris
1706 4560 1827 4641 eradit,
1861 4561 1919 4627 sed
1948 4561 2159 4626 ambitionem
2185 4566 2379 4647 quoquest

378 4650 430 4712 nis
452 4651 647 4732 principium
669 4649 731 4713 hoe
752 4656 815 4714 est:
843 4647 929 4731 quod
953 4645 1101 4711 fidelium
1123 4646 1267 4710 offimum
1289 4654 1349 4724 est,
1402 4666 1533 4710 omnem
1555 4645 1679 4730 gloriae
1701 4646 1866 4712 humanae
1888 4647 2082 4730 appetitum,
2106 4645 2250 4727 aliasque
2272 4665 2377 4710 secre-

377 4733 532 4815 praebere
553 4736 625 4799 Deo
648 4756 708 4800 sua
728 4757 863 4818 corpora
884 4734 1026 4798 hostiam
1047 4733 1228 4809 viventem,
1257 4753 1351 4797 sano·
1402 4733 1500 4796 tiores
1521 4740 1631 4815 pestes
1652 4732 1803 4799 eradicat.
1838 4733 1893 4797 Ita
1914 4752 1992 4796 sane
2010 4730 2224 4812 compositum
2241 4739 2274 4795 et
2291 4750 2378 4797 oom-

376 4833 461 4896 tam,
491 4826 524 4881 et
544 4820 592 4882 illi
611 4831 790 4902 acceptam,
821 4830 920 4905 atque
943 4821 978 4884 in
1000 4840 1038 4884 eo
1059 4820 1159 4884 situm
1177 4839 1248 4883 esse
1269 4818 1350 4901 legi-
1400 4824 1554 4900 paratum
1587 4840 1658 4885 esse
1688 4820 1841 4886 convenit
1875 4816 2042 4880 hominem
2076 4814 2307 4894 christianum,
2341 4822 2379 4880 ut

373 4907 493 4969 timum
515 4905 585 4968 eius
608 4905 731 4969 cultum
754 4907 864 4990 (Rom.
887 4911 935 4985 12,
958 4906 999 4991 l).
1033 4905 1130 4973 Unde
1152 4903 1350 4968 exhortandi
1401 4903 1464 4969 sibi
1488 4904 1526 4969 in
1553 4911 1624 4969 tota
1649 4906 1719 4972 vita
1743 4904 1911 4988 negotium
1942 4921 2017 4965 cum
2038 4900 2110 4965 Deo
2139 4922 2209 4968 esse
2237 4909 2375 4986 reputet

373 5001 605 5074 argumentum
629 4989 773 5069 ducitur,
803 5015 844 5057 ne
870 5015 905 5058 se
927 4991 1173 5073 accommodent
1201 4989 1243 5054 ad
1263 4991 1349 5074 figu-
1400 4990 1475 5054 Hac
1496 4991 1638 5067 ratione,
1665 4998 1703 5054 ut
1730 4990 1839 5053 omnia
1860 5007 1920 5052 sua
1941 4984 1983 5048 ad
2005 4985 2177 5052 arbitrium
2198 4987 2375 5054 calculum·

372 5099 443 5141 ram
467 5075 587 5140 saeculi
609 5075 722 5154 huius,
753 5077 810 5143 sed
836 5079 1110 5143 transformentur
1137 5078 1348 5143 renovatione
1400 5097 1470 5159 que
1495 5077 1565 5142 eius
1593 5074 1770 5152 revocabit,
1805 5073 1853 5136 ita
1881 5079 1985 5135 totam
2012 5073 2132 5137 mentis
2159 5073 2375 5138 intentionem

372 5163 491 5226 mentis
514 5183 600 5238 suae,
623 5169 661 5226 ut
681 5162 821 5243 probent
838 5184 921 5245 quae
939 5165 981 5226 sit
997 5166 1148 5229 voluntas
1161 5162 1235 5228 Dei.
1276 5164 1349 5227 Iam
1400 5162 1551 5246 religiose
1580 5159 1716 5224 adeum
1740 5159 1867 5224 referet
1913 5157 2000 5221 Nam
2021 5157 2078 5240 qui
2098 5159 2208 5223 Deum
2229 5157 2374 5223 inomni

372 5248 434 5312 hoc
458 5269 616 5332 magnum
644 5255 709 5324 est,
737 5268 797 5311 nos
824 5268 895 5312 esse
913 5248 986 5312 Deo
1008 5255 1211 5314 consecratos
1233 5269 1270 5313 ac
1292 5247 1348 5313 de·
1399 5269 1436 5311 re
1458 5246 1586 5330 agenda
1612 5245 1733 5308 intueri
1761 5244 1889 5322 didicit,
1920 5242 2018 5309 simul
2039 5243 2081 5307 ab
2100 5245 2192 5308 omni
2213 5264 2299 5310 vana
2320 5263 2373 5306 eo-

373 5333 505 5412 dicatos,
528 5355 570 5399 11
592 5332 669 5417 quid
691 5332 828 5415 posthac
849 5333 1044 5415 cogitemus,
1066 5333 1256 5414 loquamur,
1279 5355 1348 5398 ms·
1399 5334 1557 5415 gitatiom
1578 5330 1746 5394 avertitur.
1791 5329 1884 5395 Haec
1910 5328 1969 5394 illa
1995 5336 2046 5394 est
2065 5330 2170 5394 nostri
2191 5327 2371 5412 abnegatio,

373 5419 528 5499 ditemur,
561 5441 712 5504 agamus,
746 5417 813 5482 nisi
843 5419 880 5481 in
911 5417 982 5482 eius
1015 5418 1161 5502 gloriam.
1208 5417 1348 5483 Sacrum
1400 5439 1500 5500 quam
1521 5414 1686 5497 discipulis
1708 5415 1777 5479 suis
1798 5417 1940 5498 aprime
1962 5415 2109 5480 tirocinio
2131 5413 2266 5478 mandat
2281 5419 2374 5478 tanta

373 5506 461 5570 enim
488 5526 555 5570 non
582 5507 653 5571 sine
680 5505 802 5587 insigni
829 5504 864 5569 in
892 5523 969 5569 eum
989 5503 1112 5567 iniuria
1134 5502 1175 5567 ad
1196 5502 1348 5584 profanos

372 5612 451 5656 usus
483 5593 672 5674 applicatur.
724 5589 822 5671 Quod
849 5592 878 5656 si
903 5589 1008 5654 nostri
1033 5609 1100 5652 non
1127 5606 1257 5662 sumus,
1292 5587 1349 5651 sed
1401 5588 1604 5597 ”““”“

371 5677 519 5755 Domini,
554 5687 588 5745 et
620 5680 692 5764 quis
719 5697 812 5743 error
840 5679 883 5746 sit
907 5673 1111 5760 fugiemus,
1133 5682 1167 5738 et
1192 5689 1349 5754 quorsum
1471 5691 1499 5752 1)
1521 5686 1593 5740 aaa.
1611 5689 1759 5742 manuae
1782 5695 1880 5745 11111
1904 5685 2372 5759 111111111111111111).
