5600 6809
430 735 493 795 555
868 688 875 699 ’
1076 723 1792 792 1555155515551.5115155.1555
2372 738 2433 798 555

428 940 521 984 55155
543 925 612 982 tuo:
636 917 719 1000 quia
746 939 813 981 555
840 915 1070 982 iustificabitur
1097 915 1131 978 in
1153 918 1328 995 conspeetu
1351 920 1406 977 tuo
1458 914 1535 976 diui.
1581 912 2433 1002 155555515555111555515515111555551555·

427 1005 533 1069 omnis
555 1004 670 1068 vivens
691 1002 794 1086 (Psal.
818 1007 887 1079 143,
908 1000 951 1086 2).
994 1002 1088 1066 Alter
1110 1020 1203 1077 5555,
1227 1018 1407 1079 quanquam
1458 999 1567 1076 critas,
1597 1000 1652 1078 qui
1673 1000 1827 1079 peccaudi
1852 999 1977 1064 licentia
1999 1007 2103 1065 coutra
2125 1003 2189 1066 Dei
2203 1006 2343 1085 gratiam
2359 1028 2434 1086 pro

426 1111 519 1155 55555
536 1090 674 1172 paulum
695 1089 832 1153 diocrso:
854 1109 921 1151 555
943 1088 1064 1170 poterit
1085 1086 1183 1149 homo
1206 1085 1312 1147 iustus
1335 1106 1405 1149 esse
1457 1084 1605 1157 terciuut;
1627 1085 1720 1148 sicuti
1739 1105 1811 1147 mou
1832 1106 1865 1149 55
1886 1087 2036 1168 explicat:
2059 1088 2138 1167 felir
2160 1089 2285 1153 ecelesia
2307 1092 2358 1153 cui
2379 1115 2433 1159 uec

427 1196 503 1239 cum
525 1174 613 1254 De0;
641 1175 669 1238 si
697 1175 837 1238 voluerit
864 1172 1058 1237 contendere
1084 1192 1159 1235 eum
1180 1192 1230 1246 5ο,
1260 1189 1327 1233 555
1347 1190 1405 1251 po·
1457 1169 1569 1233 merita
1600 1170 1669 1233 siue
1694 1172 1962 1252 praesumptione,
1994 1173 2056 1236 uec
2073 1175 2288 1255 praesumptio
2320 1178 2433 1258 absque

426 1263 505 1326 terit
535 1259 732 1342 respendere
761 1281 862 1323 unum
891 1279 949 1340 pro
974 1257 1064 1320 mille
1093 1255 1175 1341 (Iob.
1197 1260 1230 1331 9,
1251 1252 1294 1339 2).
1339 1255 1405 1318 Hie
1456 1254 1577 1318 riseritis
1598 1255 1695 1333 deest,
1718 1254 1805 1319 1151151
1825 1258 1907 1320 uude
1922 1264 2123 1338 praesumat,
2145 1261 2201 1324 sed
2220 1281 2283 1325 555
2304 1265 2433 1343 1555115,-

426 1347 492 1411 iam
524 1346 565 1410 ad
592 1344 752 1427 liquidum
781 1344 948 1421 audimus,
983 1342 1087 1425 qualis
1116 1343 1158 1406 sit
1179 1340 1244 1405 Dei
1271 1341 1403 1417 iustitia,
1457 1339 1544 1403 lrabet
1571 1341 1697 1417 aurita,
1728 1341 1782 1405 sed
1803 1343 1845 1406 ad
1861 1344 2114 1422 promerendum,
2144 1366 2206 1409 555
2227 1366 2433 1424 praemorimu-

427 1434 480 1496 cui
513 1432 637 1496 seilicet
669 1430 767 1494 nullis
801 1429 954 1493 humanis
987 1427 1138 1511 operibus
1166 1427 1316 1490 satisfiet:
1351 1427 1405 1489 cui
1457 1425 1538 1488 dum.
1585 1424 1697 1506 Ipsum
1722 1446 1784 1489 555
1807 1448 2010 1508 praesumere
2038 1450 2137 1493 55555
2158 1434 2333 1511 procurari
2365 1437 2433 1498 est?

426 1517 517 1581 mille
540 1517 699 1581 scelerum
722 1537 781 1580 nos
802 1515 1035 1597 interroganti,
1063 1515 1162 1576 unius
1184 1512 1334 1594 purgatio
1357 1512 1404 1575 af-
1456 1510 1544 1593 11555
1576 1531 1608 1573 eo
1632 1512 1806 1591 praesumit
1831 1514 1970 1578 55555155
1998 1535 2057 1594 quo
2078 1536 2138 1578 555
2154 1520 2346 1598 praesumit,
2380 1522 2431 1584 551

426 1604 505 1667 ferri
532 1624 597 1666 non
624 1602 750 1683 poterit.
801 1600 914 1663 Talem
947 1599 1104 1663 nimirum
1132 1597 1291 1661 iustitiam
1322 1595 1404 1661 bene
1456 1597 1566 1676 ampla
1596 1597 1741 1660 materies
1769 1597 1929 1679 ploriaudi
1956 1605 2013 1678 cst,
2048 1601 2280 1667 misericordiae
2301 1603 2432 1669 Domini

428 1689 537 1759 animo
560 1695 751 1767 conceperat
780 1685 918 1749 electum
943 1683 1025 1748 illud
1045 1683 1111 1747 Dei
1133 1704 1294 1765 organum
1315 1683 1404 1746 Pau·
1455 1683 1579 1746 multae.
2194 1728 2198 1734 .

425 1774 492 1852 lus,
523 1794 624 1855 quum
652 1772 863 1852 profiteretur
890 1792 924 1834 55
946 1769 1031 1833 nihil
1053 1768 1114 1833 sibi
1136 1768 1300 1832 conscium
1323 1789 1431 1845 5555,Ι
1542 1775 1570 1829 4.
1615 1767 1669 1830 155
1691 1773 1741 1831 555
1761 1788 1847 1831 sane.
1893 1768 1966 1832 Hoc
1995 1770 2130 1833 unicum
2153 1772 2268 1836 salutis
2291 1775 2430 1857 asylum,

426 1859 484 1924 sed
506 1851 572 1922 555
594 1858 630 1921 15
653 1856 714 1919 hoe
736 1856 907 1920 iustificari
930 1857 962 1940 (1
984 1855 1058 1920 (lor.
1078 1861 1107 1931 4,
1127 1855 1171 1938 4).
1428 1853 1491 1916 115
1519 1873 1583 1934 que
1611 1852 1772 1933 respirare
1800 1861 1870 1916 tuto
1896 1855 2035 1936 possint,
2066 1856 2212 1922 55551555
2236 1862 2430 1926 exercitatae

512 1947 540 2007 3.
595 1943 664 2006 Ν55
698 1943 733 2004 15
766 1942 867 2006 555515
894 1941 990 2004 15515
1023 1941 1128 2004 literis
1161 1947 1293 2003 exstant
1326 1938 1404 2001 talia
1457 1939 1689 2014 conscientiae,
1725 1937 1782 2001 ubi
1813 1959 1888 2001 cum
1920 1937 1985 2003 Dei
2017 1941 2136 2004 iudicio
2169 1945 2338 2026 negotium
2371 1955 2428 2011 est.

425 2030 576 2111 exempla
583 2052 591 2107 ;
604 2027 672 2111 ¹sed
691 2049 803 2092 onmes
849 2028 1065 2109 iiscriptores
1084 2026 1173 2090 hune
1191 2024 1251 2088 sibi
1270 2045 1403 2088 5555515
1455 2024 1542 2087 Nam
1565 2025 1601 2102 si,
1624 2045 1708 2104 quae
1729 2023 1947 2088 lucidissimae
1969 2024 2165 2091 videbantur
2185 2037 2283 2093 noctu
2306 2032 2428 2110 stellae,

427 2117 526 2180 fnisse
549 2114 782 2178 demonstrant.
818 2050 874 2177 115
895 2113 1109 2196 Augustinus,
1124 2113 1148 2194 ¹)
1171 2111 1328 2188 omnium,
1350 2110 1403 2172 15-
1455 2109 1660 2192 splendorem
1683 2131 1778 2207 saum
1800 2108 2041 2208 perduntsolis
2063 2120 2210 2195 aspectu,
2233 2115 2311 2197 quid
2332 2124 2429 2199 puta-

425 2202 509 2284 quit,
538 2201 668 2283 piorum
696 2196 756 2263 sub
785 2198 847 2262 hoc
873 2219 972 2261 onere
1000 2196 1217 2279 corruptibilis
1240 2196 1347 2259 555515
1370 2203 1403 2259 55
1455 2217 1528 2260 mus
1561 2195 1613 2259 551
1646 2215 1831 2258 5551555555
1866 2195 2008 2261 1111151515
2034 2198 2238 2264 innocentiae
2270 2200 2428 2280 futurum,

424 2288 460 2351 in
488 2287 549 2350 hac
577 2286 664 2350 vitae
692 2283 882 2347 infirmitate
913 2285 1117 2366 gementium
1145 2304 1213 2345 una
1241 2303 1315 2363 spes
1342 2287 1401 2358 est,
1455 2282 1511 2346 ubi
1534 2280 1574 2343 ad
1596 2281 1660 2344 Dei
1681 2280 1859 2361 puritatem
1879 2283 2057 2364 composita
2077 2284 2197 2348 fuerit?
2242 2286 2318 2350 Erit
2339 2289 2429 2352 enim

424 2370 511 2454 quod
541 2370 755 2435 mediatorem
784 2391 889 2432 unum
918 2369 1077 2433 habemus
1098 2369 1210 2432 Iesum
1232 2366 1403 2431 Christum
1456 2366 1699 2432 severissimum
1730 2365 1813 2429 illud
1846 2388 1999 2446 examen,
2033 2368 2119 2450 quod
2146 2371 2182 2433 in
2210 2371 2429 2438 abditissimas

424 2459 561 2536 iustum;
595 2463 628 2519 55
660 2456 729 2538 1555
761 2460 812 2518 555
842 2455 988 2525 exoratio
1016 2475 1075 2538 555
1103 2453 1243 2536 55555515
1271 2452 1401 2516 5555515.
1457 2450 2430 2538 55555555551155551551555555555551115555555151-

425 2541 515 2623 Quid
548 2539 721 2605 audimus?
758 2540 787 2603 si
821 2541 917 2603 unica
945 2539 1026 2604 haec
1053 2539 1119 2602 illis
1146 2559 1220 2621 spes
1249 2544 1312 2616 est,
1348 2536 1402 2600 ubi
1456 2537 1590 2601 modum
1617 2537 1664 2600 ait
1685 2536 1811 2600 Paulus
1837 2537 1869 2616 (1
1891 2537 1965 2602 Cer.
1985 2546 2020 2616 4,
2042 2539 2092 2623 5),
2120 2543 2280 2607 revelabit
2306 2544 2430 2608 occulta

424 2649 561 2693 oerum
587 2624 725 2690 fiducia?
771 2622 885 2689 Solam
912 2625 1000 2689 enim
1028 2646 1129 2708 quum
1157 2623 1249 2699 dicit,
1277 2622 1403 2686 nullam
1456 2623 1665 2687 tenebrarum
1687 2629 1720 2685 et
1742 2622 1932 2687 abscondita
1948 2624 2095 2688 cordium
2113 2633 2251 2710 reteget;
2274 2628 2360 2710 qued
2381 2628 2429 2694 la·

460 2713 524 2776 'am
545 2711 708 2794 relinquit.
745 2708 936 2774 Bernardus
944 2707 973 2793 ²)
1001 2731 1091 2775 vero:
1126 2717 1159 2773 et
1180 2729 1215 2772 re
1237 2729 1324 2786 vera,
1349 2706 1404 2771 ubi
1456 2709 1610 2772 titantem
1632 2716 1665 2771 et
1686 2708 1893 2772 restitantem
1915 2711 2147 2776 conscientiam
2169 2715 2315 2795 proferre
2336 2723 2429 2799 coget

427 2805 498 2863 tuta
526 2799 683 2878 firmaque
711 2796 851 2860 infirmis
878 2796 1006 2877 requies
1033 2804 1067 2859 et
1091 2795 1248 2860 securitas
1276 2794 1339 2858 5151
1367 2794 1404 2856 15
1456 2795 1565 2858 515515
1592 2814 1674 2875 quae
1702 2814 1790 2857 nune
1817 2813 1836 2856 e
1861 2796 2018 2859 memoria
2040 2819 2165 2880 quoque
2187 2807 2299 2863 nostra
2321 2800 2432 2883 elapsa

425 2882 618 2950 vulneribus
651 2879 844 2946 salvatoris?
880 2888 972 2944 tanto
1006 2881 1072 2945 illic
1106 2878 1249 2944 securior
1282 2878 1401 2956 habito,
1456 2888 1541 2943 sunt.
1586 2880 1725 2963 Urgebit
1747 2887 1915 2944 accusator
1935 2879 2091 2962 diabolus,
2114 2885 2262 2949 55555155
2284 2885 2431 2948 51551515

425 2974 547 3053 quanto
570 2965 732 3049 potentior
754 2973 804 3030 est
826 2964 868 3029 ad
886 2964 1095 3030 salvandum:
1118 2967 1229 3029 fremit
1249 2964 1400 3042 mundus,
1454 2965 1654 3047 flagitiorum
1676 2964 1717 3028 ad
1740 2986 1821 3047 quae
1839 2967 2057 3048 perpetranda
2078 2988 2138 3033 nos
2159 2970 2325 3051 impulerit
2331 2993 2339 3048 ;
2362 2971 2429 3035 illic

425 3055 546 3137 premit
567 3073 699 3134 corpus,
723 3050 870 3115 diabolus
897 3051 1087 3130 insidiatur;
1116 3072 1184 3115 555
1206 3050 1300 3128 cado,
1324 3051 1401 3132 quia
1455 3050 1540 3114 nihil
1559 3049 1740 3134 proderunt
1761 3058 1916 3116 externae
1943 3052 2102 3117 benorum
2125 3073 2260 3136 operum
2281 3076 2428 3137 pompae,

424 3139 581 3205 fimdatus
604 3158 677 3202 sum
699 3157 798 3218 supra
819 3138 950 3200 firmam
970 3144 1099 3220 petram
1105 3161 1113 3217 ;
1136 3137 1267 3219 peccavi
1288 3157 1401 3218 pecea-
1455 3157 1519 3218 qua
1537 3136 1624 3201 solae
1643 3157 1732 3200 nunc
1749 3138 1977 3217 aestimantur;
1999 3137 2068 3202 sola
2079 3140 2296 3221 postulabitur
2313 3141 2430 3205 volun-

424 3232 496 3289 tum
523 3245 636 3307 grave,
666 3221 819 3286 turbatur
846 3222 1060 3301 conscientia,
1094 3222 1151 3286 sed
1177 3243 1245 3285 non
1272 3229 1401 3303 pertur-
1454 3221 1534 3286 tatis
1562 3221 1741 3287 sinceritas.
1787 3220 1899 3302 Quare
1928 3223 2123 3308 hypocrisis,
2152 3245 2218 3289 nen
2246 3224 2342 3290 modo
2366 3248 2430 3309 qua

423 3308 564 3389 habitur,
587 3309 664 3390 quia
685 3307 859 3372 vulnerum
880 3306 1018 3371 Domini
1039 3307 1241 3372 recordaber.
1281 3308 1402 3371 Postea
1454 3307 1567 3385 homo,
1597 3328 1707 3372 coram
1728 3307 1800 3371 Deo
1825 3308 1887 3372 51111
1913 3309 1999 3373 male
2021 3311 2182 3390 conscius,
2211 3318 2375 3376 ostentare
2396 3334 2430 3375 se

424 3396 527 3461 exiis
550 3393 728 3461 concludit:
756 3393 911 3459 meritum
937 3393 1074 3475 proinde
1101 3415 1212 3458 meum
1235 3393 1400 3457 miseratio
1454 3392 1541 3475 apud
1564 3393 1714 3457 homines
1736 3393 1880 3472 affectat,
1909 3393 1967 3459 551
1991 3395 2140 3478 quesibi
2163 3397 2299 3479 quisque
2321 3418 2430 3462 ceram

423 3479 576 3558 Domini;
598 3501 664 3544 non
686 3500 760 3544 sum
781 3478 880 3560 plane
901 3479 1013 3543 meriti
1030 3479 1132 3562 15555,
1156 3477 1311 3560 quamdiu
1332 3499 1401 3541 555
1453 3478 1526 3543 Ι)55
1553 3479 1692 3561 imponit
1718 3477 1772 3563 (ut
1796 3500 1909 3543 sumus
1937 3479 1979 3544 ad
2006 3503 2064 3546 555
2090 3481 2271 3565 palpandos
2293 3483 2429 3547 adulan-

423 3567 523 3630 fuerit
544 3565 599 3630 ille
617 3566 710 3647 inops
728 3564 974 3629 miserationum
981 3588 989 3643 ;
1012 3565 1097 3647 quod
1115 3565 1144 3629 51
1160 3563 1401 3628 misericordiae
1454 3563 1574 3647 desque
1596 3563 1771 3646 proclives)
1800 3565 1933 3630 confusa
1959 3566 2121 3648 concidet,
2151 3576 2315 3651 uteunque
2343 3590 2429 3633 nune

424 3651 559 3716 Domini
588 3651 720 3728 multae,
743 3649 868 3714 multus
891 3670 969 3733 ergo
991 3671 1152 3732 peraeque
1179 3671 1251 3715 sum
1275 3650 1310 3713 in
1333 3671 1400 3713 me·
1453 3649 1528 3732 5155
1555 3671 1653 3732 quam
1679 3649 1861 3714 temulenta
1882 3650 2018 3718 audacia
2040 3654 2215 3736 superbiat
2265 3654 2320 3719 Ad
2342 3654 2428 3719 eius-

425 3738 512 3816 ritis;
535 3735 694 3819 numquid
717 3735 961 3800 iustitiasmeas
973 3736 1131 3801 cantabo?
1160 3736 1311 3814 Domine,
1331 3757 1400 3800 me·
1455 3735 1544 3798 modi
1564 3735 1798 3817 spectaculum,
1825 3737 1880 3818 qui
1907 3759 2041 3803 sensum
2063 3761 2162 3803 suum
2183 3761 2250 3805 nen
2272 3739 2427 3823 dirigimt,

424 3822 550 3885 minero
572 3822 716 3885 iustitiae
739 3828 813 3885 tuae
836 3821 951 3885 solius:
981 3821 1053 3904 ipsa
1080 3822 1167 3886 enim
1190 3830 1296 3886 estet
1318 3843 1399 3899 mea,
1454 3820 1599 3886 51551555
1620 3819 1753 3902 quidem
1775 3828 1808 3885 et
1824 3821 1950 3904 placide
1961 3824 2119 3890 1555151551
2142 3825 2204 3889 sibi
2222 3825 2264 3890 ad
2282 3847 2428 3890 momen-

425 3927 543 3988 nempe
564 3907 670 3970 factus
692 3913 741 3970 est
762 3906 846 3969 mihi
868 3907 993 3971 iustitia
1015 3906 1132 3972 aDee.
1168 3907 1253 3970 Item
1275 3902 1400 3989 alibizss)
1454 3912 1526 3970 tum
1555 3905 1724 3976 5155511515
1756 3914 1909 3989 5555555,
1948 3909 2006 3975 551
2037 3931 2120 3993 quae
2152 3912 2190 3974 in
2219 3912 2337 3976 iudicio
2364 3911 2428 3975 Dei

424 3991 486 4056 hoc
514 4000 619 4055 totum
641 3991 784 4056 hominis
806 3992 975 4070 meritum,
1005 3994 1034 4058 51
1059 4001 1161 4056 totam
1188 4013 1279 4074 spem
1299 4000 1402 4075 ponat
1454 4012 1529 4055 mox
1550 3992 1617 4056 illis
1637 3992 1680 4056 sit
1698 3993 1891 4057 excutienda
1898 4018 1906 4073 ;
1929 4016 1996 4059 555
2014 4018 2108 4062 secus
2128 4018 2166 4062 55
2183 4018 2323 4080 magnae
2341 4017 2427 4078 opes,

423 4077 460 4141 in
481 4099 557 4142 eum
580 4076 635 4158 qui
658 4083 765 4140 totum
787 4077 955 4142 hominem
977 4079 1104 4145 salvum
1127 4079 1211 4143 facit.
1248 4077 1344 4143 Simit
1476 4099 1512 4141 er
1538 4077 1702 4142 somnium
1727 4079 1926 4159 cumulatae,
1960 4082 2196 4165 expergefactis
2219 4087 2425 4147 evanescunt.

422 4161 477 4228 ubi
504 4182 617 4244 pacem
656 4162 717 4224 51111
750 4163 897 4241 retineas,
934 4164 1072 4247 ploriam
1104 4165 1254 4246 relinquit
1284 4164 1361 4230 Deo.
1371 4166 1398 4245 ⁴)
1453 4099 1521 4244 aui
1548 4172 1660 4228 autem
1685 4165 1782 4243 serio,
1816 4172 1974 4248 tanquam
1995 4168 2055 4232 sub
2077 4168 2142 4232 Dei
2163 4173 2351 4248 conspectu,
2387 4164 2427 4226 de

425 4248 507 4328 Tibi,
525 4249 637 4330 iuquit,
657 4246 778 4311 illibata
796 4253 920 4312 moueat
935 4249 1048 4332 pieria,
1070 4270 1187 4315 meeum
1204 4249 1274 4314 bare
1294 4252 1401 4333 apitur
1451 4271 1532 4314 5555
1552 4250 1695 4316 iustitiae
1717 4251 1832 4334 regula
1848 4259 2014 4334 quaerent,
2036 4252 2087 4315 illi
2107 4259 2196 4316 certo
2217 4249 2425 4330 comperient,
2475 4319 2480 4328 ⁴

422 4335 453 4402 si
464 4355 576 4417 pacem
593 4333 742 4398 habuero:
761 4332 870 4398 adiuro
885 4334 1021 4416 pieriam
1031 4356 1175 4415 prorsus,
1198 4357 1244 4414 55,
1263 4337 1293 4399 51
1308 4356 1401 4399 usur-
1453 4336 1564 4398 omnia
1585 4336 1756 4401 hominum
1777 4358 1890 4418 opera,
1913 4338 1941 4401 51
1963 4359 2022 4402 sua
2043 4335 2202 4420 dignitate
2222 4339 2425 4408 censeantur,

417 4441 536 4502 pavero
558 4419 639 4501 quod
658 4436 759 4483 mcum
776 4424 910 4497 555551,
927 4421 1064 4500 perdam
1080 4426 1108 4484 et
1124 4421 1266 4486 oblatum.
1299 4421 1401 4502 Aper·
1453 4420 1617 4486 5111115151
1640 4423 1887 4505 inquinamenta
1908 4442 1979 4486 esse
1999 4429 2035 4485 et
2055 4420 2166 4486 555155
2172 4444 2180 4498 ;
2208 4429 2241 4483 55
2266 4439 2350 4499 5555
2377 4419 2426 4480 iu-

325 4561 337 4571 .
422 4506 486 4571 tius
518 4507 611 4570 etiam
639 4505 703 4569 alio
733 4504 852 4588 loco:⁵)
885 4506 1068 4570 1555551115
1095 4508 1172 4587 quid
1198 4507 1401 4571 5511151555
1453 4506 1542 4571 stitia
1562 4507 1668 4591 vulgo
1683 4507 1835 4584 habetur,
1866 4526 1939 4570 eam
1965 4506 2053 4588 apud
2074 4503 2183 4568 Deum
2208 4523 2333 4568 meram
2355 4523 2427 4568 esse

422 4591 573 4656 ecclesia?
605 4592 657 4654 cui
684 4590 722 4654 de
742 4591 904 4672 proposito
926 4591 989 4655 Dei
1012 4590 1137 4671 firmior
1163 4593 1297 4673 suppetit
1317 4612 1400 4657 secu·
1453 4592 1672 4673 iniquitatem3
1706 4612 1787 4675 quae
1814 4592 1986 4673 integritus
2007 4595 2173 4669 censetur,
2200 4589 2412 4673 pollutionem
2419 4612 2426 4666 ;

422 4678 547 4756 riorque
577 4675 736 4759 gloriaruli
763 4676 867 4740 ratio?
912 4675 966 4742 Sic
993 4698 1055 4741 555
1081 4677 1229 4758 estquod
1257 4697 1399 4759 quaeras,
1453 4697 1535 4760 quae
1557 4678 1661 4762 gloria
1682 4677 1823 4753 ducitur,
1845 4676 2065 4758 ignominiam.
2407 4743 2413 4763 Ι

419 4761 1268 4844 55115555555555555515555555551115555555
1284 4763 1400 4828 5551155
1539 4768 1567 4826 5.
1612 4762 1666 4827 Ab
1689 4762 1750 4826 hac
1773 4760 2131 4843 1151555555155515515
2153 4760 2426 4842 contemplatione

295 4916 301 4926 ,
423 4846 795 4931 apudpropbetamOEu.
817 4850 935 4925 3521.
957 4848 1115 4932 31)·555
1130 4853 1258 4930 propter
1278 4870 1332 4913 cos
1351 4850 1401 4929 fa-
1453 4848 1495 4913 ad
1516 4869 1576 4913 nos
1598 4849 1667 4912 sine
1689 4845 1853 4911 blanditiis
1875 4866 2012 4912 caecare
2041 4847 2160 4912 amoris
2181 4847 2301 4912 affectu
2324 4846 2427 4928 respi-

423 4930 513 5007 ciam,
536 4931 589 4994 scd
605 4937 733 5012 propter
754 4954 810 5011 me,
832 4933 909 5008 dicit
930 4933 1096 4998 Dominus.
1131 4932 1256 5015 Sufficit
1277 4936 1319 4998 aot
1338 4954 1400 4998 me-
1453 4933 1586 5000 5155155
1608 4930 1796 4997 descendere
1821 4953 1859 4995 55
1873 4933 1989 5014 pipeat.
2032 4933 2157 4997 Mirum
2180 4933 2270 4996 enim
2289 4954 2356 4995 non
2378 4937 2428 4995 est

423 5014 521 5078 ritum
542 5016 620 5078 scire
642 5017 723 5095 quod
740 5039 801 5081 555
818 5019 978 5099 sufficiant
999 5021 1127 5097 merita;
1148 5021 1202 5083 sm
1223 5024 1256 5082 ut
1277 5020 1320 5099 ad
1337 5040 1399 5083 mc-
1452 5020 1479 5083 si
1502 5026 1672 5101 tantopere
1694 5016 1910 5083 caecutiamus
1922 5018 1947 5100 ¹)
1980 5018 2018 5081 15
2046 5019 2108 5082 1155
2135 5026 2242 5101 parte,
2277 5039 2377 5099 quum
2407 5038 2426 5079 a

423 5098 519 5162 ritum
541 5100 621 5163 satis
643 5105 686 5163 est
706 5102 744 5164 de
765 5105 885 5168 meritis
906 5125 967 5167 555
983 5125 1199 5186 praesumere,
1228 5105 1274 5167 sic
1297 5124 1400 5168 carere
1451 5104 1616 5188 pestilenti
1637 5125 1716 5188 erga
1737 5123 1772 5167 55
1790 5102 1995 5187 indulgentia
2017 5124 2114 5168 neme
2135 5111 2285 5168 nostrum
2302 5110 2425 5177 caveat,

423 5186 546 5250 meritis
578 5185 658 5247 satis
689 5186 731 5248 aa
763 5189 916 5253 iudicium
948 5195 999 5255 est.
1054 5190 1141 5272 Quod
1172 5190 1284 5254 merita
1310 5189 1401 5254 libere
1452 5210 1550 5272 quam
1575 5190 1611 5253 in
1638 5191 1733 5253 nobis
1754 5188 1903 5254 omnibus
1931 5190 2128 5255 naturaliter
2149 5190 2284 5254 haerere
2306 5187 2425 5252 elamat

424 5275 558 5352 usurpat
574 5290 636 5352 pro
657 5269 744 5334 bouis
764 5275 916 5353 operibus,
939 5277 1156 5359 ipuoseeudum
1177 5280 1400 5340 5515555555-
1452 5276 1622 5358 scriptnra.
1668 5274 1795 5357 Cuique
1816 5275 1895 5355 viro,
1918 5277 2026 5359 inquit
2048 5274 2180 5341 Selomo
2203 5275 2314 5359 (Prov.
2335 5275 2423 5347 21,2

426 5411 630 5420 ----
1453 5367 1487 5425 et
1510 5366 1558 5440 16,
1578 5360 1623 5445 2),
1646 5367 1802 5427 recteest
1822 5361 1877 5426 515
1897 5362 1933 5425 15
1955 5361 2155 5428 5551155515.
2190 5360 2288 5424 Item:
2313 5378 2425 5421 omnes

494 5490 614 5557 1)Libr.
634 5489 818 5544 51Β55113.
838 5491 903 5546 55.
978 5494 1009 5560 2)
1028 5496 1114 5618 Super
1132 5497 1234 5558 Oantie.
1254 5497 1338 5551 Sam.
1357 5495 1398 5550 61.
1524 5537 1656 5543 --

425 5554 455 5622 3)
473 5559 506 5610 15
523 5559 621 5612 Psalm.
642 5561 689 5629 qui
708 5559 793 5612 habit.
813 5576 892 5612 serm.
913 5560 953 5615 le.
1080 5570 1091 5632 )
1111 5566 1196 5621 serm,
1216 5564 1256 5620 13,
1275 5566 1304 5620 in
1321 5565 1398 5619 Onne,

425 5623 456 5691 ⁵)
476 5627 562 5680 Sem
582 5626 623 5681 68.
1522 5635 1551 5702 1)
1572 5633 1739 5690 5551555.
1759 5631 1833 5688 1555
1853 5632 1920 5688 1551
1937 5639 1962 5688 a
1984 5629 2327 5686 causanctantae.
