5600 6809
378 781 459 845 meo
698 776 788 842 ms.
809 777 869 842 1v.
913 777 977 842 nu
998 727 1235 842 exuunms
1257 773 1423 842 smnus
1446 775 1512 841 An
1534 773 1764 842 saturnu.
1804 774 1904 841 ear.
1925 775 2023 842 nm
2162 744 2170 759 '
2290 780 2370 844 1070

374 968 507 1051 spiritus
539 966 568 1031 ei
599 966 792 1030 conseratur.
843 963 1043 1029 Clamabunt
1075 962 1128 1028 hie
1159 963 1262 1027 nostri
1290 962 1348 1027 ad·
1399 983 1480 1046 quos
1499 964 1581 1027 nihil
1600 970 1723 1028 temere
1741 965 1853 1029 fecisse
1874 961 2072 1027 existiment.
2101 961 2207 1028 Recte
2224 964 2258 1028 id
2276 985 2369 1031 sane:

374 1052 526 1130 versarii,
556 1060 796 1116 sacramentum
817 1050 889 1113 iure
911 1049 1035 1126 vocari,
1064 1050 1101 1111 in
1122 1070 1186 1131 quo
1212 1049 1348 1130 spiritus
1399 1071 1460 1113 nec
1488 1071 1507 1112 a
1535 1049 1628 1114 nobis
1666 1048 1984 1131 reprehenderentur
2024 1050 2052 1112 si
2084 1070 2119 1112 se
2152 1050 2371 1130 apostolorum

374 1146 509 1203 sanetus
532 1137 725 1201 conferatur.
772 1136 898 1199 Verum
921 1135 991 1218 ipse
1012 1134 1082 1199 Leo
1105 1133 1182 1197 alibi
1197 1133 1221 1217 ¹)
1244 1134 1348 1217 expli·
1400 1134 1581 1199 imitatores
1604 1135 1821 1199 ostenderent.
1856 1132 1923 1199 Sed
1945 1132 2022 1217 quid
2044 1134 2190 1198 fecerunt
2211 1135 2369 1217 apostoli?

373 1231 426 1288 eat
447 1222 526 1305 qnid
548 1222 600 1286 his
621 1223 729 1287 verbis
752 1221 813 1285 sibi
835 1221 921 1287 velit.
967 1218 1033 1300 Qui
1056 1218 1143 1302 apud
1165 1219 1347 1285 haereticos
1399 1220 1523 1285 Narrat
1544 1221 1654 1285 Lucas
1675 1222 1709 1285 in
1729 1220 1821 1285 Actis
1840 1219 1884 1304 (8,
1907 1220 1970 1303 15),
1990 1241 2009 1282 a
2031 1219 2160 1296 ostolos,
2179 1222 2234 1304 qui
2251 1221 2371 1285 Hiero·

373 1310 555 1392 baptizatus
577 1316 634 1385 est,
658 1307 773 1389 inquit,
795 1327 862 1370 non
884 1307 1114 1389 rebaptizetur,
1138 1302 1195 1368 sed
1212 1305 1347 1386 spiritns
1400 1306 1533 1389 solymis
1555 1317 1663 1383 erant,
1694 1328 1795 1388 quum
1818 1305 1985 1370 audissent
2006 1240 2189 1369 bomar-iam
2212 1309 2372 1389 recepisse

374 1395 477 1460 saneti
505 1393 709 1460 invocatione
738 1412 796 1474 per
822 1412 981 1455 manuum
1007 1390 1247 1472 impositionem
1269 1411 1346 1453 con·
1399 1390 1537 1455 verbum
1555 1390 1627 1469 Dei,
1651 1392 1779 1456 misisse
1800 1392 1876 1454 illuc
1893 1391 2030 1456 Petrum
2053 1397 2087 1454 et
2103 1391 2276 1471 loannem;
2297 1393 2371 1458 illos

373 1480 537 1544 firmetur:
561 1479 638 1561 quia
658 1478 811 1560 baptismi
834 1485 963 1541 tentum
981 1478 1119 1541 formam
1137 1477 1208 1540 sine
1227 1476 1347 1540 saneti·
1399 1496 1457 1557 pro
1481 1474 1698 1541 Samaritanis
1726 1498 1834 1541 orasse
1862 1483 1900 1540 ut
1928 1476 2077 1558 spiritum
2112 1484 2261 1541 sanctum
2288 1479 2371 1543 aeci-

373 1565 524 1631 fieatione
552 1566 682 1645 accepit.
732 1563 886 1627 Meminit
918 1570 951 1626 et
978 1562 1203 1646 Hieronymus
1234 1569 1348 1627 eontra
1399 1568 1529 1643 perent,
1553 1563 1609 1643 qui
1630 1563 1776 1627 nondum
1797 1563 1834 1625 in
1855 1583 2051 1645 quemquam
2064 1561 2089 1644 ¹)
2117 1562 2251 1626 illorum
2272 1585 2372 1629 vene-

373 1650 607 1716 Luoiferianos.
652 1647 851 1730 Quanquam
873 1655 984 1713 autem
1005 1667 1071 1712 non
1093 1647 1227 1725 infitior,
1250 1649 1285 1710 in
1308 1668 1346 1711 eo
1400 1656 1460 1726 rat,
1484 1646 1541 1711 sed
1553 1646 1707 1729 baptizati
1728 1655 1858 1711 tantum
1870 1658 1965 1712 erant
1981 1649 2016 1710 in
2034 1648 2262 1713 nomineIesu.
2287 1649 2370 1714 Ora-

374 1736 525 1801 nonnihil
541 1735 736 1799 hallucinari
754 1734 1008 1817 Hieronymum,
1030 1732 1118 1815 quod
1136 1733 1346 1816 apostolicam
1398 1733 1488 1796 tione
1509 1733 1593 1797 faeta
1614 1754 1731 1798 manus
1751 1733 1817 1798 illis
1838 1733 2030 1815 imposuisse
2041 1757 2049 1811 ;
2069 1754 2129 1816 per
2149 1754 2247 1815 quem
2267 1735 2371 1818 impo-

374 1843 444 1886 esse
466 1821 725 1885 observationem
748 1818 834 1896 dicit,
859 1820 890 1882 lo
940 1819 1047 1882 'ssime
1069 1826 1181 1882 tamen
1204 1819 1244 1883 ab
1266 1820 1346 1883 isto·
1399 1819 1551 1882 sitionem
1579 1819 1732 1900 spiritum
1759 1827 1908 1884 sanetum
1936 1816 2139 1883 Samaritani
2167 1829 2369 1904 acceperunt

373 1928 448 1971 rum
474 1907 605 1989 ineptiis
633 1906 733 1970 abest.
777 1905 823 1969 Et
850 1904 908 1968 illu
957 1904 1066 1987 ipsum
1094 1905 1224 1987 mitigat
1245 1925 1345 1987 quum
1397 1903 1444 1966 Et
1465 1903 1505 1967 de
1527 1903 1589 1968 hae
1611 1926 1769 1968 manuum
1791 1904 1999 1987 impositione
2021 1904 2192 1987 aliquoties
2210 1907 2369 1971 meminit.

374 1992 479 2070 addit,
508 1992 593 2057 hane
622 1990 881 2055 benedictionem
910 1990 989 2055 solis
1011 1989 1168 2072 episeopis
1195 2011 1266 2054 esse
1288 1989 1344 2052 da·
1399 1988 1508 2053 Audio
1528 1989 1606 2136 quid
1629 1990 1765 2071 apostoli
1786 1990 1935 2053 fecerint:
1966 2012 2082 2073 nempe
2105 2011 2202 2055 suum
2223 1992 2371 2056 ministe-

373 2084 456 2156 tam,
485 2077 591 2160 magis
605 2077 655 2168 ¹in
678 2077 835 2140 honorem
864 2075 1049 2153 sacerdotii,
1078 2097 1178 2157 quam
1200 2075 1345 2158 exlegis
1398 2074 1486 2136 rium
1508 2076 1530 2138 fi
1554 2074 1647 2138 eliter
1668 2076 1839 2158 exsequuti
1861 2082 1947 2139 sunt.
1990 2076 2146 2140 Visibiles
2165 2076 2239 2141 illas
2260 2084 2294 2141 et
2315 2077 2371 2141 ad·

373 2164 574 2228 necessitate.
630 2161 744 2225 Talem
784 2165 862 2245 ergo
894 2181 1054 2224 manuum
1092 2160 1343 2242 impositionem,
1398 2159 1566 2224 mirabiles
1594 2161 1729 2243 spiritus
1756 2162 1862 2226 sancti
1885 2161 2023 2243 gratias,
2051 2183 2132 2243 quas
2154 2168 2233 2227 tunc
2254 2162 2292 2225 in
2312 2182 2371 2245 po-

373 2269 457 2331 quae
478 2248 669 2331 simpliciter
689 2247 760 2313 loco
783 2247 1014 2312 benedictionis
1038 2247 1104 2324 fiat,
1125 2246 1222 2311 laudo
1240 2254 1273 2311 et
1293 2268 1345 2310 re-
1398 2245 1512 2327 pulum
1547 2266 1643 2310 suum
1677 2246 1881 2325 effundebat,
1918 2247 2023 2311 voluit
2054 2247 2218 2311 Dominus
2252 2270 2272 2312 e
2303 2250 2371 2313 suis

280 2331 281 2340 ’
373 2335 522 2398 stitutam
544 2332 641 2397 hodie
663 2335 698 2396 in
720 2354 839 2415 purum
861 2355 958 2397 usum
979 2332 1089 2398 velim.
1398 2330 1553 2412 apostolis
1573 2352 1632 2413 per
1653 2352 1810 2396 manuum
1831 2331 2074 2414 impositionem
2096 2328 2317 2399 admiiristrari
2338 2342 2373 2399 et

461 2424 489 2483 5.
534 2418 701 2484 Posterior
723 2427 834 2483 autem
855 2426 960 2497 aetas,
983 2438 1019 2481 re
1041 2437 1141 2500 prope
1163 2416 1344 2496 obliterata,
1397 2415 1558 2480 distribui.
1608 2417 1698 2482 Huic
1730 2423 1840 2482 autem
1879 2417 2078 2499 impositioni
2115 2438 2272 2483 manuum
2305 2441 2372 2485 non

373 2506 521 2568 fictitiam
549 2504 784 2586 nescioquam
811 2504 1090 2569 confirmationem
1118 2524 1177 2585 pro
1201 2502 1266 2567 Dei
1293 2523 1344 2567 sa-
1398 2500 1495 2565 altius
1533 2500 1665 2566 subesse
1702 2504 1896 2587 mysterium
1935 2504 2056 2586 eogitc;
2096 2503 2154 2567 sed
2184 2504 2374 2570 huiusmodi

374 2595 539 2654 eramento
557 2590 671 2671 posuit.
706 2589 972 2654 confirmationis
989 2590 1145 2653 virtutem
1158 2609 1228 2654 esse
1241 2590 1345 2653 finxe-
1397 2587 1635 2651 caeremoniam
1658 2587 1840 2652 adhibitam
1862 2589 1902 2653 ab
1924 2589 1989 2652 illis
2010 2589 2221 2672 interpretor,
2244 2597 2283 2654 ut
2302 2593 2373 2673 ipso

373 2682 461 2753 runt,
480 2675 633 2757 spiritum
651 2681 799 2739 sanctum
819 2676 965 2739 conferre
984 2674 1025 2738 ad
1043 2675 1167 2758 gratiae
1188 2695 1345 2758 augmen-
1397 2679 1494 2756 gestu
1527 2673 1765 2754 significarent,
1800 2695 1836 2738 se
1862 2675 1935 2738 Deo
1963 2674 2191 2739 commendare
2219 2681 2253 2739 et
2280 2676 2373 2743 velut

373 2768 461 2839 tum,
490 2761 547 2842 qui
574 2761 609 2823 in
631 2760 790 2841 baptismo
814 2760 950 2825 collatus
972 2761 1016 2824 sit
1037 2759 1078 2823 ad
1105 2760 1345 2839 innocentiam3
1397 2757 1515 2821 offerre
1537 2778 1611 2821 eum
1641 2760 1692 2822 cni
1721 2779 1838 2823 manus
1865 2759 2084 2841 imponebant.
2129 2760 2202 2825 Hoe
2224 2761 2374 2826 ministe-

374 2846 567 2910 confirmare
595 2865 649 2910 eos
680 2845 722 2909 ad
749 2866 894 2929 pugnam
921 2847 975 2927 qui
1005 2847 1041 2908 in
1063 2847 1224 2928 baptismo
1251 2866 1345 2929 rege·
1397 2845 1484 2907 rium
1503 2862 1574 2942 'quo
1602 2849 1680 2907 tune
1709 2843 1847 2925 apostoli
1872 2845 2109 2926 fungebantur,
2144 2846 2173 2909 si
2202 2846 2309 2912 adhuc
2337 2847 2374 2913 in

374 2932 480 2995 nerati
505 2932 572 2995 sint
598 2930 640 2994 ad
666 2931 778 2995 vitam.
828 2931 1006 3014 Peragitur
1034 2931 1116 2996 haee
1143 2932 1345 2996 confirmatio
1397 2927 1533 2992 ecelesia
1573 2935 1737 3007 maneret,
1777 2950 1934 2993 manuum
1967 2950 2095 3013 quoque
2133 2931 2373 3012 impositionem

374 3017 542 3093 unctione,
575 3022 608 3080 et
640 3015 701 3081 hae
734 3016 909 3081 verborum
940 3016 1095 3081 formula:
1129 3018 1285 3100 consigno
1313 3025 1345 3081 te
1397 3021 1560 3096 oporteret
1582 3015 1722 3094 servari3
1745 3014 1802 3078 sed
1824 3014 1881 3078 ubi
1901 3016 2008 3098 gratia
2029 3015 2086 3079 illa
2108 3016 2247 3079 conferri
2265 3016 2371 3094 desiit,

375 3103 468 3184 signo
490 3108 622 3167 sanetae
644 3103 762 3181 erucis,
792 3110 825 3166 et
846 3104 1000 3166 confirmo
1023 3102 1198 3167 chrismate
1221 3102 1344 3181 salutis,
1397 3121 1553 3181 quorsum
1575 3102 1716 3182 pertinet
1736 3120 1896 3164 manuum
1917 3100 2102 3183 impositio?
2148 3099 2266 3165 Adhuc
2284 3109 2372 3166 certe

374 3189 409 3251 in
426 3186 557 3251 nomine
574 3189 687 3270 patris,
711 3195 744 3252 et
764 3187 833 3266 filii,
853 3198 887 3251 et
904 3188 1039 3270 spiritus
1058 3189 1169 3252 saneti.
1201 3188 1345 3253 Pulchre
1397 3184 1491 3250 adest
1512 3185 1630 3268 populo
1652 3184 1717 3251 Dei
1737 3186 1871 3268 spiritus
1893 3200 2042 3252 sanctus:
2065 3206 2130 3268 quo
2152 3186 2216 3250 nisi
2239 3186 2372 3251 ductore

373 3274 483 3336 omnia
505 3279 538 3335 et
558 3281 703 3337 venuste.
750 3271 817 3338 Sed
845 3274 900 3339 ubi
923 3272 988 3337 Dei
1009 3272 1147 3340 verbum
1169 3270 1254 3355 quod
1277 3273 1345 3355 spi·
1397 3278 1431 3334 et
1452 3270 1609 3337 directore
1638 3272 1815 3337 consistere
1843 3273 1957 3355 nequit
1977 3272 2042 3336 Dei
2070 3271 2214 3337 ecelesia.
2258 3272 2371 3337 Habe-

373 3357 456 3421 ritus
484 3359 588 3422 sancti
621 3360 839 3441 praesentiam
868 3359 922 3424 hie
953 3358 1145 3441 promittat?
1195 3357 1246 3422 Ne
1278 3359 1345 3422 iota
1396 3377 1471 3420 mus
1499 3357 1586 3421 enim
1615 3365 1782 3422 aeternam
1804 3365 1839 3421 et
1867 3367 2023 3441 perpetuo
2050 3365 2273 3423 constaturam
2294 3379 2370 3442 pro·

373 3442 504 3525 quidem
532 3442 707 3508 obtendere
735 3452 879 3526 possunt.
924 3444 1021 3511 Unde
1043 3465 1121 3527 ergo
1146 3464 1206 3508 nos
1227 3444 1344 3508 certio-
1396 3441 1600 3522 missionem,
1628 3463 1693 3526 qua
1714 3442 1868 3508 Christus
1895 3444 2042 3509 sitientes
2069 3443 2110 3508 ad
2138 3465 2173 3509 se
2194 3451 2301 3522 vocat,
2332 3450 2371 3508 ut

372 3549 425 3592 res
446 3529 581 3605 facient,
603 3528 746 3594 chrisma
767 3552 864 3594 suum
886 3550 957 3595 esse
979 3551 1037 3596 vas
1059 3530 1194 3613 spiritus
1216 3528 1343 3594 sancti?
1395 3527 1510 3592 bibant
1537 3548 1637 3610 aquas
1664 3529 1758 3595 vivas
1785 3530 1914 3614 (Icann.
1941 3533 1969 3608 7,
1994 3528 2059 3613 37).
2110 3527 2177 3594 Sed
2198 3537 2368 3594 cessanmt

371 3612 532 3678 Videmus
555 3613 676 3693 oleum,
699 3636 846 3681 crassum
868 3615 990 3680 scilicet
1009 3622 1042 3680 et
1063 3616 1219 3699 pinguem
1240 3614 1343 3697 liquo·
1395 3612 1453 3677 illa
1483 3614 1643 3679 virtutum
1675 3615 1833 3678 miracula
1865 3621 1899 3678 et
1929 3615 2121 3681 manifestae
2153 3615 2366 3698 operationes,

372 3719 458 3763 rem:
487 3706 657 3782 praeterea
678 3700 770 3765 nihil.
816 3700 975 3780 Accedat,
997 3702 1105 3784 inquit
1126 3701 1343 3783 Augustinus,
1396 3719 1479 3780 quae
1516 3719 1575 3782 per
1611 3720 1771 3764 manuum
1802 3701 2042 3784 impositionem
2075 3701 2365 3782 distribuebantur,

372 3783 509 3849 verbum
531 3783 572 3848 ad
594 3785 808 3865 elementum,
837 3795 871 3852 et
891 3788 948 3851 fiet
969 3800 1215 3851 sacramentum.
1260 3785 1343 3864 Hoc,
1396 3803 1456 3848 neo
1478 3785 1541 3849 nisi
1563 3785 1605 3848 ad
1627 3793 1756 3867 tempus
1777 3806 1848 3850 esse
1871 3785 2062 3850 debuerunt.
2107 3786 2263 3869 Oportuit
2280 3789 2369 3852 enim

371 3869 514 3951 inquam,
537 3870 673 3936 verbnm
695 3873 870 3954 proferant,
893 3873 921 3936 si
942 3871 1117 3955 quidquam
1140 3892 1201 3936 nos
1222 3871 1344 3936 intueri
1396 3890 1517 3934 novam
1549 3869 1713 3954 evangelii
1749 3871 2040 3953 praedicationem,
2081 3893 2204 3937 novum
2243 3872 2369 3938 Christi

371 3957 407 4019 in
426 3955 496 4019 oleo
517 3955 634 4020 volunt
662 3957 752 4021 aliud
774 3979 871 4040 quam
894 3958 1009 4022 oleum.
1055 3956 1209 4038 Quodsi
1237 3978 1344 4022 saera·
1396 3976 1550 4038 regnum,
1579 3955 1734 4020 inauditis
1762 3963 1796 4021 et
1822 3957 1988 4022 inusitatis
2015 3957 2183 4022 miraculis
2210 3957 2369 4024 illustrari

372 4049 559 4104 mentorum
593 4062 627 4104 se
660 4042 842 4121 ministros,
876 4049 915 4106 ut
940 4065 1001 4126 por
1028 4051 1092 4121 est,
1121 4048 1342 4127 agnoscerent,
1396 4047 1430 4104 et
1461 4040 1674 4124 magnificari.
1723 4043 1756 4106 A
1788 4042 1905 4124 quibus
1937 4043 1993 4107 ubi
2025 4043 2166 4109 cessavit
2196 4044 2368 4124 Dominus,

371 4147 438 4191 non
464 4126 586 4191 diutius
614 4128 829 4210 pugnandum
856 4136 949 4193 esset.
993 4127 1086 4193 Haeo
1112 4129 1220 4210 prima
1246 4127 1344 4190 mini-
1396 4146 1465 4189 non
1495 4126 1645 4209 protinus
1674 4127 1844 4192 ecelesiam
1875 4149 1969 4192 suam
1999 4126 2158 4206 deseruit3
2191 4127 2249 4192 sed
2275 4130 2370 4211 regni

372 4213 432 4276 stri
453 4211 509 4276 lex
526 4219 576 4277 est
597 4234 639 4276 ne
656 4212 735 4294 quid
752 4215 822 4277 sine
840 4213 994 4277 mandato
1012 4214 1115 4277 obeat.
1149 4214 1231 4296 Age,
1250 4233 1345 4275 man·
1397 4212 1450 4275 sui
1482 4213 1760 4294 magnificentiam
1793 4213 1949 4296 verbique
1980 4215 2030 4280 sui
2063 4213 2258 4297 dignitatem
2290 4214 2370 4278 satis

372 4295 487 4360 datum
516 4298 614 4361 huius
640 4297 816 4363 ministerii
839 4298 969 4381 aliquod
1013 4298 1187 4376 reducant,
1215 4305 1248 4361 et
1269 4317 1344 4362 ver·
1397 4296 1596 4361 excellenter
1632 4298 1875 4362 manifestatam
1908 4298 2026 4363 docuit.
2082 4297 2157 4378 Qua
2197 4299 2301 4380 igitur
2333 4298 2369 4362 in

372 4382 451 4446 bum
476 4404 544 4447 non
564 4383 690 4448 addam.
736 4381 776 4448 Si
802 4383 956 4448 mandato
1000 4385 1189 4462 eliciuntur,
1212 4383 1344 4449 saerile·
1396 4390 1490 4466 parte
1521 4383 1697 4448 histriones
1728 4384 1783 4448 isti
1820 4384 1981 4467 apostolos
2015 4406 2049 4448 se
2082 4383 2204 4447 imitari
2237 4382 2369 4450 dicent?

372 4487 448 4549 gam
469 4469 639 4534 audaciam
660 4489 818 4535 excusare
839 4491 906 4534 non
933 4476 1077 4554 possunt.
1121 4470 1195 4535 Hac
1217 4469 1344 4533 ratione
1397 4467 1470 4534 Hoc
1492 4467 1655 4552 agendum
1677 4476 1749 4533 erat
1768 4488 1927 4534 manuum
1944 4468 2157 4550 impositione,
2180 4476 2218 4532 ut
2235 4468 2369 4535 evidens

371 4550 566 4618 Pharisaeos
593 4555 758 4620 Dominus
790 4556 1013 4639 interrogabat
1045 4555 1179 4640 (Matth.
1199 4559 1256 4631 21,
1277 4553 1343 4638 25),
1397 4554 1533 4635 spiritus
1555 4554 1660 4619 sancti
1686 4556 1793 4620 virtus
1821 4556 1932 4620 statim
1960 4575 1995 4617 se
2023 4561 2196 4618 exsereret
2240 4554 2281 4618 Id
2302 4575 2370 4619 non

254 4661 258 4669 ·
372 4644 499 4702 essetne
519 4639 699 4720 baptismus
721 4641 855 4706 Ioannis
877 4663 895 4705 o
917 4640 1004 4706 coelo
1022 4663 1064 4706 an
1087 4662 1128 4705 ex
1146 4639 1342 4705 hominibus.
1397 4639 1552 4705 efficiunt
1598 4637 1688 4719 Quid
1717 4641 1818 4724 igitur
1846 4660 1904 4721 pro
1925 4660 1960 4703 se
1982 4639 2107 4703 iactant
2128 4660 2286 4704 manuum
2307 4640 2369 4703 im-

372 4719 411 4786 Si
432 4723 685 4805 respondissent,
709 4747 750 4790 ex
773 4727 968 4805 hominibus,
992 4727 1165 4804 obtinebat,
1188 4725 1344 4790 frivolum
1396 4725 1598 4806 positionem,
1620 4746 1719 4808 qoam
1741 4724 1894 4807 apostolis
1915 4722 2046 4804 quidem
2067 4725 2103 4787 in
2124 4745 2187 4789 usu
2204 4725 2304 4790 fuisse
2321 4724 2369 4790 le-

372 4828 442 4871 esse
463 4815 497 4871 et
517 4827 639 4874 vanum
646 4833 654 4887 ;
677 4812 704 4875 si
722 4832 740 4875 e
758 4814 855 4892 coelo,
876 4812 1057 4879 doctrinam
1074 4812 1208 4876 loannis
1226 4832 1344 4895 agnos·
1396 4811 1513 4893 gimus,
1537 4811 1593 4876 sed
1614 4832 1749 4894 prorsus
1770 4811 1804 4872 in
1827 4808 1927 4872 alium
1949 4807 2071 4872 finem?

373 4911 444 4957 cere
466 4891 672 4976 cogebantur.
705 4896 821 4980 Itaque
843 4921 885 4963 ne
906 4907 1015 4964 essent
1031 4898 1172 4962 nimium
1193 4898 1230 4961 in
1247 4897 1344 4961 Ioan-
1483 4901 1511 4961 7.
1555 4894 1713 4961 Eiusdem
1736 4894 1797 4958 hoc
1817 4893 1953 4957 rationis
1975 4900 2025 4958 est
2046 4915 2084 4958 ac
2104 4895 2132 4960 si
2149 4895 2222 4978 quis
2239 4895 2370 4962 doceret

373 4998 449 5042 nem
467 4979 705 5056 contumeliosi,
736 5003 802 5045 non
825 4987 894 5048 ausi
915 4992 994 5050 sunt
1013 4985 1201 5049 fateri-esso
1222 5005 1264 5048 ex
1285 4982 1343 5046 ho-
1395 4981 1512 5046 flatum
1542 4982 1635 5046 illum
1663 4999 1727 5061 quo
1748 4977 1914 5042 Dominus
1941 4978 2115 5062 discipulos
2143 5001 2219 5046 suos
2245 4982 2370 5048 afflavit

373 5063 524 5128 minibus.
570 5061 608 5128 Si
635 5065 745 5145 itaque
767 5086 809 5129 ex
843 5069 1027 5132 hominibus
1055 5081 1105 5133 est
1131 5070 1343 5147 confirmatio,
1397 5067 1524 5151 (loann.
1545 5072 1594 5145 20,
1614 5066 1683 5148 22),
1714 5072 1952 5128 sacramentum
1974 5086 2045 5130 esse
2066 5086 2130 5147 quc
2157 5066 2253 5132 detur
2274 5068 2369 5150 spiri·

375 5169 461 5213 vana
482 5155 516 5213 et
542 5149 659 5214 frivola
680 5169 750 5213 esse
779 5151 999 5229 convincitur,
1028 5154 1242 5238 siecoelo²)
1270 5174 1344 5236 per-
1396 5161 1450 5218 tus
1479 5160 1619 5218 sanctus.
1664 5149 1769 5231 Atqui
1796 5149 1859 5213 hoc
1884 5150 1984 5215 semel
2009 5151 2174 5218 Dominus
2195 5173 2295 5235 quum
2322 5153 2369 5217 se·

374 5233 511 5300 suadere
532 5235 657 5312 volunt,
680 5234 827 5316 probent.
1397 5237 1457 5315 eit,
1487 5257 1552 5300 non
1575 5254 1594 5297 a
1622 5234 1716 5299 nobis
1742 5234 1814 5299 fieri
1842 5236 1942 5300 etiam
1963 5235 2075 5320 voluit.
2120 5236 2174 5301 Ad
2201 5258 2278 5302 eum
2298 5258 2368 5301 mo-

460 5323 488 5384 6.
534 5321 682 5385 'Puentur
711 5340 746 5385 se
775 5319 906 5402 quidem
935 5320 1153 5404 apostolorum
1185 5321 1344 5403 exemplo,
1397 5320 1475 5386 dum
1497 5326 1531 5383 et
1552 5320 1688 5402 apostoli
1708 5340 1827 5386 manus
1847 5321 2066 5406 imponebant,
2088 5343 2148 5405 pro
2165 5342 2203 5387 eo
2222 5329 2369 5406 tempore

1397 5427 1461 5488 quo
1482 5404 1626 5471 visibiles
1648 5407 1783 5490 spiritns
1805 5408 1909 5473 saneti
1926 5409 2050 5493 gratias
2067 5406 2109 5473 ad
2126 5428 2240 5473 eorum
2256 5427 2369 5492 preces

442 5609 471 5674 1)
491 5610 577 5679 Epist.
598 5609 637 5662 77.
726 5609 755 5676 2)
783 5608 829 5663 Sic
846 5611 910 5664 thro
926 5613 1015 5665 nostri
1032 5626 1131 5664 omnes.
1165 5609 1260 5663 Adde:
1277 5600 1343 5677 esse,

374 5694 407 5733 ex
424 5679 484 5733 edd.
503 5680 710 5750 antiquioribus.
1467 5678 1496 5745 1)
1516 5679 1651 5748 quendam
1668 5677 1743 5733 1617.
1762 5678 1837 5734 loos
