5600 6809
392 751 454 814 823
1039 741 1305 812 INS'PITUTIO
1327 745 1433 812 RDL.
1456 743 1638 812 UHRIS'I'.
1663 749 1755 810 1559.
1845 800 1847 808 ,
2337 747 2432 809 824-

392 937 527 1004 tandem
545 933 588 999 ad
609 931 859 1000 ecclesiasticam
881 930 1110 998 hierarchiam.
1156 930 1298 1017 Singuli,
1319 932 1371 997 in-
1424 934 1628 1018 patriarchas
1641 933 1807 1003 ‘tribuitur
1828 932 1917 997 locus
1938 953 2075 998 romano
2097 933 2256 1015 episcopo,
2275 940 2308 998 et
2323 934 2404 1000 sub-
2529 991 2534 998 .

393 1023 479 1107 quit,
508 1020 719 1087 ecclesiarum
747 1017 902 1101 episcopi,
936 1019 1058 1101 singuli
1085 1018 1371 1102 archipresbyteri,
1424 1018 1566 1085 urbanas
1600 1019 1752 1085 ecclesias
1788 1019 1919 1083 iubetur
1951 1037 2075 1083 curare.
2131 1019 2196 1084 Ubi
2230 1019 2406 1084 concilium

394 1107 517 1191 singuli
548 1105 783 1183 archidiaconi,
822 1111 856 1168 et
888 1104 993 1169 omnis
1025 1102 1105 1168 ordo
1136 1103 1372 1169 ecclesiasticus
1425 1107 1472 1171 sic
1494 1105 1582 1170 inter
1609 1105 1717 1188 ipsum
1738 1111 1772 1169 et
1793 1103 1873 1168 alios
1894 1104 2098 1186 patriarchas
2119 1103 2251 1182 dividit,
2273 1113 2312 1168 ut
2334 1104 2405 1169 sin·

394 1194 463 1259 suis
486 1191 666 1257 rectoribus
689 1190 815 1254 nititur.
849 1189 915 1254 Hic
936 1190 1082 1271 loquitur
1104 1210 1260 1254 romanus
1280 1211 1372 1271 pres·
1425 1191 1511 1276 gulis
1540 1211 1616 1255 suos
1642 1190 1725 1254 fines
1752 1191 1910 1273 assignet,
1935 1198 2022 1255 certe
2049 1211 2214 1254 nonaum
2235 1191 2408 1255 constituit

393 1281 508 1364 bytcr;
530 1277 695 1342 unitatem
720 1274 893 1340 inordina
917 1275 1134 1341 ecclesiastico
1156 1275 1371 1340 commendat.
1425 1274 1574 1341 omnium
1595 1283 1700 1358 caput,
1724 1275 1781 1340 sed
1802 1295 1907 1339 unum
1928 1296 1971 1339 ex
1991 1277 2174 1358 praecipuis
2195 1276 2280 1340 facit
2313 1275 2406 1340 Ado·

394 1363 466 1430 Our
493 1385 560 1428 non
593 1368 841 1438 commemorat,
869 1381 936 1426 uno
965 1362 1087 1444 capite,
1116 1368 1272 1443 tanquam
1299 1361 1373 1427 vin·
1425 1369 1502 1426 rant
1511 1363 1612 1427 Vitus
1634 1369 1668 1426 et
1677 1361 1873 1426 Vincentius
1892 1360 1969 1425 Iulii
1992 1363 2132 1441 nomine,
2155 1363 2211 1444 qui
2232 1382 2407 1426 romanam

395 1451 478 1528 cula,
501 1470 617 1514 omnes
635 1449 722 1512 inter
744 1469 778 1512 se
796 1445 950 1512 ecclesias
967 1468 1038 1511 esse
1057 1445 1246 1530 colligatae?
1280 1446 1374 1511 Nihil
1426 1447 1596 1514 ecclesiam
1624 1454 1703 1511 tunc
1729 1446 1952 1529 gubernabat;
1991 1448 2031 1513 iis
2065 1446 2161 1511 datus
2190 1457 2408 1529 est-quartus

394 1545 467 1602 erat
487 1534 574 1618 quod
594 1533 760 1618 praesenti
782 1553 898 1598 causae
919 1533 1025 1616 magis
1046 1532 1199 1611 serviret;
1228 1553 1287 1598 nec
1310 1531 1374 1597 dici
1425 1534 1524 1599 locus.
1569 1531 1728 1611 Obsecro,
1751 1533 1899 1620 siflcaput
1919 1532 2072 1598 ecclesiae
2094 1540 2325 1615 agnosceretur
2346 1532 2408 1596 Iu·

396 1630 504 1705 potest
531 1619 693 1685 oblivione
721 1619 845 1684 factum
866 1626 905 1683 ut
931 1619 1150 1701 praeterierit:
1180 1618 1264 1684 nihil
1286 1619 1374 1683 enim
1425 1621 1506 1697 lius,
1529 1641 1573 1683 an
1594 1619 1629 1683 in
1650 1624 1801 1701 quartam
1822 1616 1933 1682 sedem
1955 1619 2167 1683 reiicerentur
2190 1620 2259 1684 eiua
2280 1618 2406 1701 legati?

395 1709 525 1772 fecisset
550 1705 706 1772 libentius
733 1706 761 1769 ei
787 1726 840 1768 res
873 1724 971 1787 passa
997 1712 1092 1770 esset.
1142 1704 1237 1768 Vidit
1264 1704 1375 1786 itaque
1427 1707 1483 1771 An
1504 1704 1706 1789 praesideret
1725 1704 1931 1768 Athanasius
1953 1704 1989 1767 in
2010 1703 2160 1780 concilio,
2184 1702 2241 1767 ubi
2262 1705 2409 1770 maxime

396 1791 510 1876 procul
538 1790 651 1868 dubio,
685 1791 779 1855 illam
805 1811 876 1855 esse
904 1811 1017 1856 veram
1050 1791 1187 1860 unitatis
1213 1790 1375 1854 rationem
1428 1793 1555 1857 elucere
1578 1791 1674 1855 debet
1694 1789 1818 1872 effigies
1840 1789 1963 1853 ordinis
1990 1788 2205 1855 hierarchici?
2255 1789 2297 1853 In
2324 1811 2409 1873 syn·

396 1898 496 1962 quam
523 1876 711 1960 prrianus
725 1875 750 1960 Ι)
783 1875 1002 1958 pulcherrime
1033 1875 1187 1941 describit
1219 1876 1273 1939 his
1301 1896 1375 1940 ver-
1428 1877 1489 1942 odo
1521 1876 1677 1959 ephesina
1711 1883 1847 1958 apparet
1875 1873 2097 1941 Goelestinum
2124 1873 2196 1959 (qui
2224 1885 2302 1940 tunc
2324 1896 2408 1957 pon·

396 1965 460 2030 bis:
490 1964 695 2047 episcopatus
717 1983 804 2026 unus
832 1969 896 2039 est,
925 1962 1017 2027 cuius
1039 1984 1059 2026 a
1081 1961 1220 2044 singulis
1241 1962 1277 2024 in
1299 1961 1376 2026 soli-
1429 1964 1510 2027 tifex
1537 1971 1608 2026 erat
1629 1960 1815 2045 romanus),
1847 1958 1975 2043 obliquo
1997 1961 2134 2025 artificio
2156 1982 2254 2025 usum
2276 1982 2349 2025 esse
2371 1970 2410 2026 ut

396 2047 476 2113 dum
498 2070 575 2133 pars
593 2055 741 2126 tenetur3
764 2055 798 2112 et
818 2047 955 2112 eeclesia
972 2054 1114 2125 unaest‚
1137 2048 1273 2129 quaein
1290 2046 1376 2110 mul-
1430 2049 1516 2114 sedis
1549 2069 1626 2112 suae
1649 2047 1801 2131 dignitati
1826 2054 1964 2111 caveret
2015 2047 2103 2110 Nam
2130 2067 2232 2127 quum
2259 2047 2410 2111 mitteret

396 2134 538 2199 titudine
560 2133 658 2197 latius
683 2133 886 2197 incremento
914 2132 1144 2199 foecunditatis
1173 2133 1375 2197 extenditur:
1430 2134 1508 2199 illuc
1533 2154 1625 2210 suos,
1659 2132 1786 2217 Oyrillo
1815 2131 2056 2211 Alexandrino,
2085 2133 2141 2214 qui
2164 2132 2284 2213 alioqui
2312 2153 2410 2215 prae-

395 2241 459 2304 quo
486 2218 581 2284 modo
613 2218 710 2282 multi
746 2217 831 2282 radii
860 2224 939 2282 sunt
966 2218 1044 2282 solis
1071 2227 1104 2284 et
1130 2218 1243 2282 lumen
1265 2240 1376 2297 unum,
1430 2221 1560 2284 futurus
1583 2227 1668 2296 erat,
1698 2220 1784 2284 vices
1806 2237 1881 2282 suas
1909 2218 2085 2283 mandarit.
2130 2215 2298 2297 Quorsum
2318 2216 2409 2283 istud

399 2314 433 2370 et
460 2307 546 2370 rami
575 2305 699 2369 arboris
726 2302 836 2381 multi,
865 2302 966 2367 robur
991 2312 1100 2369 autem
1121 2325 1239 2382 unum,
1269 2303 1378 2369 radice
1431 2306 1638 2382 mandatum,
1668 2305 1731 2369 nisi
1758 2312 1796 2367 ut
1822 2304 1937 2384 quovis
1965 2301 2061 2368 modo
2094 2323 2214 2367 nomen
2246 2324 2343 2368 suum
2372 2304 2409 2367 in

400 2393 507 2456 tenaci
539 2389 726 2468 fundatum3
764 2397 798 2453 et
825 2410 889 2471 quo
916 2388 1010 2453 modo
1039 2390 1079 2455 de
1106 2390 1195 2454 fonte
1223 2411 1288 2454 uno
1316 2391 1378 2454 rivi
1431 2393 1538 2474 prima
1559 2388 1635 2455 sede
1652 2388 1824 2454 haereret?
1869 2386 1995 2453 Sedent
2016 2390 2104 2453 euim
2127 2389 2198 2454 eius
2220 2388 2320 2472 legati
2337 2388 2409 2454 loco

399 2476 534 2560 plurimi
557 2475 719 2552 defluunt,
742 2481 776 2538 et
797 2475 1014 2540 numerositas
1035 2475 1111 2539 licet
1133 2473 1251 2540 diffusa
1268 2473 1379 2540 videa-
1431 2478 1599 2553 inferiore,
1629 2475 1826 2540 mutantium
1855 2474 1942 2539 inter
1964 2475 2044 2540 alios
2072 2482 2243 2559 rogantur,
2274 2495 2333 2540 suo
2356 2496 2411 2540 or·

400 2569 455 2625 tur
477 2560 675 2626 exundantis
704 2558 816 2641 copiae
838 2560 1007 2644 largitate,
1036 2562 1147 2625 unitas
1173 2567 1285 2625 tamen
1310 2582 1379 2626 ser·
1432 2561 1507 2627 dine
1535 2561 1758 2627 subscribunt:
1789 2560 1921 2625 interim
1957 2559 2191 2626 alexandrinus
2222 2560 2411 2642 patriarcha

401 2654 500 2712 vatur
525 2647 662 2729 integra
692 2645 728 2708 in
760 2645 899 2728 origine:
933 2647 979 2711 sic
1012 2655 1045 2711 et
1077 2646 1212 2712 ecclesia
1242 2646 1380 2711 Domini
1432 2669 1552 2712 nomen
1580 2648 1650 2712 eius
1677 2666 1736 2711 suo
1759 2645 1925 2711 admiscet.
1971 2644 2060 2725 Quid
2082 2644 2189 2711 dicam
2211 2645 2251 2710 de
2273 2646 2411 2712 concilio

401 2730 474 2814 luce
501 2731 649 2821 perfusQ
662 2751 722 2812 per
742 2738 846 2794 totum
868 2732 979 2798 orbem
1001 2732 1110 2797 radios
1135 2753 1211 2797 suos
1232 2733 1378 2816 porrigit,
1432 2733 1588 2816 ephesino
1608 2731 1761 2808 seeundo,
1784 2732 1841 2797 ubi
1861 2753 1963 2814 quum
1985 2730 2138 2797 adessent
2154 2732 2278 2796 Leonis
2299 2731 2411 2815 legati,
2476 2787 2479 2796 .

402 2838 505 2881 unum
519 2813 661 2902 [lumen]
671 2816 701 2900 ²)
713 2825 823 2880 tamen
845 2824 904 2895 eet,
925 2815 1012 2899 quod
1032 2818 1152 2900 ubique
1174 2816 1379 2895 diffunditur,
1432 2818 1667 2883 alexandrinus
1688 2827 1800 2882 tamen
1827 2818 2016 2901 patriarcha
2036 2818 2215 2882 Dioscorus
2236 2817 2327 2883 velut
2348 2838 2412 2883 suo

402 2923 463 2967 nec
485 2903 595 2967 unitas
617 2903 761 2983 corporis
784 2908 969 2983 separatur;
997 2925 1105 2969 ramos
1127 2925 1203 2968 suos
1224 2925 1285 2986 per
1305 2904 1380 2967 uni-

403 3009 536 3054 versum
564 2988 676 3052 orbem
703 2986 866 3064 extendit,
893 2989 1091 3069 perfluentes
1118 2989 1259 3072 largitur
1280 2990 1379 3067 rivos,

403 3094 509 3138 unum
530 3081 642 3137 tamen
665 3080 762 3155 caput
782 3079 833 3136 est
855 3081 888 3137 et
915 3095 981 3138 una
1003 3076 1107 3159 origo,
1131 3084 1191 3140 eto.
1235 3074 1380 3140 Deinde:

403 3157 582 3223 adulterari
603 3178 672 3221 non
693 3165 802 3239 potest
822 3178 942 3242 sponsa
963 3158 1104 3239 Ohristi;
1126 3182 1226 3224 unam
1249 3159 1381 3225 domum

404 3245 507 3321 novit,
538 3244 638 3307 unius
667 3242 809 3309 cubiculi
836 3246 1045 3311 sanctitatem
1066 3254 1155 3311 casto
1181 3246 1304 3329 pudore
1325 3267 1381 3311 ou-

386 3328 511 3399 ‚stodit
556 3328 658 3394 Vides
679 3336 717 3393 ut
738 3329 867 3395 Christi
887 3331 986 3395 unius
1006 3331 1227 3414 episcopatum
1249 3333 1382 3397 univer·

403 3415 519 3481 salem*
536 3415 651 3492 faciat,
685 3416 741 3498 qui
773 3423 877 3479 totam
909 3415 970 3481 sub
997 3437 1032 3481 se
1060 3417 1231 3483 ecclesiam
1259 3419 1367 3500 capiat
1373 3441 1382 3496 ;

402 3500 491 3566 illius
537 3509 625 3566 artes
657 3502 693 3564 in
726 3500 866 3565 solidum
895 3502 935 3567 ab
964 3503 1114 3568 omnibus
1146 3504 1250 3569 teneri
1284 3501 1381 3580 dicat,

401 3587 456 3668 qui
478 3521 539 3651 aab
566 3586 628 3652 hoc
653 3587 759 3668 capite
775 3587 974 3670 ,episcopatu
994 3588 1184 3672 funguutur.
1226 3587 1293 3654 Ubi
1314 3589 1381 3671 pri-

400 3678 510 3737 matus
531 3671 617 3736 sedis
639 3692 807 3750 romanae,
836 3673 864 3737 si
886 3693 987 3755 penes
1010 3672 1181 3739 Ohristum
1203 3674 1310 3739 solum
1331 3674 1382 3738 in·

398 3764 495 3840 teger
522 3757 644 3822 residet
671 3759 891 3840 episcopatus,
925 3780 946 3822 a
973 3759 1111 3842 singulis
1143 3780 1221 3842 pars
1248 3760 1318 3825 eius
1347 3761 1382 3824 in

403 3841 542 3906 solidum
571 3842 723 3907 tenetur?
767 3844 861 3910 Haec
889 3865 926 3909 oo
954 3846 1122 3928 pertinent
1147 3852 1183 3910 ut
1205 3847 1310 3911 obiter
1331 3846 1382 3910 in·

403 3925 532 4010 telligat
558 3927 676 4007 lector,
706 3930 837 3994 axioma
862 3929 944 3994 illud
966 3932 1054 4014 quod
1075 3932 1302 3998 Romanenses
1323 3952 1382 4015 pro

404 4012 550 4077 confesso
577 4020 610 4076 et
638 4012 773 4079 indubio
795 4022 943 4095 sumunt,
974 4016 1014 4082 de
1035 4018 1162 4083 unitate
1184 4018 1307 4083 terreni
1329 4039 1382 4083 oa-

404 4097 482 4181 pitis
504 4097 540 4163 in
557 4098 752 4177 hierarchia,
771 4100 935 4166 veteribus
953 4103 1053 4168 fuisse
1071 4124 1204 4186 prorsus
1221 4105 1381 4189 ignotum.

747 4422 898 4490 claua
920 4426 1039 4511 vua)

405 4580 473 4662 De
513 4579 684 4664 exordio
722 4594 767 4664 et
803 4582 1072 4669 incrementis
1108 4579 1271 4690 romani
1307 4617 1382 4698 pa-

405 4712 545 4811 patus,
577 4701 709 4785 donec
740 4731 785 4784 se
816 4703 860 4785 in
885 4706 992 4788 hanc
1016 4704 1285 4789 altitudinem
1309 4736 1383 4790 ex-

407 4819 527 4926 tulit,
554 4849 638 4930 qua
669 4832 715 4904 et
744 4823 944 4908 ecclesiae
975 4823 1150 4908 libertas
1182 4856 1384 4938 oppressa

504 4950 549 5021 et
579 4941 712 5022 omnis
743 4944 975 5027 moderatio
1007 4974 1154 5028 eversa
1183 4947 1275 5030 fuit.

497 5124 523 5185 l.
568 5118 741 5201 Quantum
761 5126 803 5192 ad
825 5128 986 5210 primatus
1009 5129 1095 5195 sedis
1116 5149 1271 5194 romanae
1288 5136 1382 5193 vetu-

404 5211 533 5286 statem,
556 5206 640 5272 nihil
658 5208 700 5273 ad
720 5231 793 5276 eam
809 5213 1040 5279 stabiliendam
1059 5213 1198 5280 habetur
1216 5214 1382 5297 antiquius

405 5290 533 5359 decreto
558 5293 617 5358 illo
646 5296 763 5379 synodi
790 5298 959 5378 nicaenae,
990 5320 1053 5382 quo
1084 5308 1118 5366 et
1143 5302 1269 5384 primus
1296 5301 1383 5365 inter

522 5585 562 5638 Da
580 5584 693 5654 simplic.
711 5586 830 5640 Praelat.
870 5587 900 5708 2)
918 5589 1009 5643 lumen
1026 5591 1102 5644 obest
1118 5590 1153 5645 ab
1170 5591 1230 5646 ecc.
1248 5591 1382 5647 autberti·

404 5651 453 5705 aa.
475 5583 517 5718 lg)
538 5653 721 5708 Continuam
735 5653 800 5722 cap.
819 5654 879 5709 VII
898 5658 1044 5744 ⁸praeced
1062 5659 1124 5714 eds.
1144 5660 1166 5726 5.
1186 5657 1342 5729 roo-136.

1432 2906 1504 2969 iure
1526 2902 1753 2986 praesidebat?
1783 2902 1960 2985 Excipient
1981 2925 2046 2968 uon
2068 2903 2168 2967 fuisse
2189 2900 2411 2967 orthodoxum

1433 2990 1607 3057 concilium
1633 3009 1653 3052 a
1685 3010 1748 3071 quo
1779 2996 1910 3053 sanctus
1938 2990 1990 3054 vir
2020 2988 2202 3054 Flavianus
2234 2987 2411 3053 damnatus

1433 3085 1467 3141 et
1484 3075 1656 3160 Eutyches
1677 3075 1844 3140 absolutus
1865 3075 1998 3157 eiusque
2018 3076 2170 3157 impietas
2190 3072 2411 3156 comprobata.

1432 3163 1480 3226 At
1506 3182 1607 3244 quum
1633 3160 1778 3246 synodus
1804 3168 1990 3244 cogeretur,
2018 3181 2120 3244 quum
2142 3160 2300 3225 sessiones
2322 3160 2414 3224 inter

1433 3268 1469 3313 se
1496 3247 1636 3330 episcopi
1663 3245 1909 3324 distribuerent,
1936 3245 2005 3311 illio
2031 3253 2119 3311 certe
2147 3247 2234 3310 inter
2256 3245 2336 3310 ahos
2358 3267 2412 3310 ro·

1433 3352 1549 3397 manae
1571 3332 1726 3398 ecclesiae
1747 3331 1847 3416 legati
1868 3353 1934 3396 non
1956 3331 2052 3396 aliter
2068 3353 2172 3414 „quam
2193 3332 2228 3395 in
2249 3340 2362 3396 sancto
2379 3342 2413 3396 et

1432 3419 1579 3503 legitimo
1607 3417 1743 3484 concilio
1768 3416 1932 3483 sedebant.
1976 3417 2053 3482 Non
2079 3415 2280 3482 contendunt
2301 3425 2413 3481 tamen

1434 3505 1475 3570 de
1495 3504 1602 3588 primo
1623 3504 1708 3581 loco,
1737 3503 1892 3570 sedeam
1920 3504 2015 3568 alteri
2043 3503 2177 3568 cedunt:
2205 3523 2413 3586 nequaquam

1433 3590 1467 3654 id
1494 3590 1612 3655 facturi
1639 3589 1668 3655 ei
1695 3610 1793 3673 suurn
1818 3589 1890 3654 iure
1917 3611 1989 3654 esse
2010 3588 2188 3655 crederent.
2233 3588 2414 3670 Nunquam

1434 3677 1522 3741 enim
1548 3675 1666 3758 puduit
1698 3695 1850 3740 romanos
1879 3676 2046 3757 episcopos
2074 3675 2235 3738 maximas
2268 3694 2413 3756 quasque

1434 3762 1659 3827 contentiones
1687 3761 1839 3844 proauis
1866 3759 2045 3825 honoribus
2067 3761 2244 3842 suscipere,
2272 3768 2305 3824 et
2327 3760 2413 3824 hano

1434 3848 1537 3912 solam
1565 3846 1606 3911 ob
1637 3868 1770 3912 causam
1799 3847 1913 3911 multis
1940 3866 2036 3928 saepe
2065 3853 2098 3910 et
2124 3846 2314 3928 perniciosis
2343 3867 2413 3911 cer·

1435 3931 1614 3998 taminibua
1643 3953 1765 3997 vexare
1793 3939 1826 3997 et
1852 3933 1987 3997 turbare
2014 3932 2191 3997 ecclesiam.
2242 3929 2310 3996 Sed
2336 3931 2414 4013 quia

1434 4018 1647 4084 videbatLeo
1669 4019 1767 4083 nimis
1788 4017 1974 4101 improbum
1995 4018 2064 4082 fore
2081 4017 2292 4100 postulatum,
2316 4018 2344 4081 si
2366 4016 2414 4082 le-

1435 4105 1521 4188 gatis
1542 4105 1610 4170 suis
1632 4104 1772 4189 primam
1794 4101 1906 4169 eedem
1924 4104 2073 4181 ambiret,
2097 4125 2134 4168 eo
2156 4102 2346 4186 supersedit.

1522 4194 1550 4255 2.
1596 4189 1780 4273 sequutum
1807 4196 1857 4256 est
1879 4189 2134 4255 chalcedonense
2160 4189 2348 4264 concilium,
2381 4188 2416 4253 in

1435 4297 1498 4358 quo
1524 4278 1665 4359 primam
1692 4275 1812 4353 sedem,
1834 4276 2040 4359 imperatoris
2071 4274 2285 4347 concessione,
2315 4293 2416 4337 occu-

1436 4370 1558 4444 parunt
1589 4382 1745 4427 romanae
1777 4361 1931 4428 ecclesiae
1960 4361 2068 4444 legati.
2119 4358 2186 4424 Sed
2219 4358 2278 4421 hoc
2311 4357 2418 4425 uisse

1436 4447 1730 4512 extraordinarium
1768 4448 1978 4531 privilegium
2016 4447 2086 4511 Leo
2124 4445 2194 4525 ipse
2226 4441 2413 4510 confitetur.

1436 4533 1523 4598 Nam
1544 4554 1646 4615 quum
1667 4533 1702 4598 id
1722 4534 1805 4615 petit
1826 4553 1846 4596 a
1866 4533 2035 4598 Marciano
2058 4532 2254 4610 imperatore
2275 4538 2308 4592 et
2330 4529 2414 4593 Pul·

1436 4619 1547 4684 cheria
1567 4621 1735 4702 Augusta,
1758 4640 1824 4681 uon
1845 4616 2012 4683 contendit
2032 4613 2093 4680 sibi
2115 4613 2235 4690 deberi,
2259 4613 2317 4678 sed
2339 4626 2414 4680 tan-

1435 4712 1509 4768 tum
1530 4706 1700 4787 praetexit,
1719 4703 1899 4778 orientales,
1918 4703 1974 4784 qui
1991 4700 2145 4783 ephesino
2163 4700 2299 4764 concilio
2317 4721 2414 4782 prae·

1435 4791 1573 4867 fuerant,
1596 4788 1746 4853 turbasse
1766 4797 1845 4852 tunc
1866 4789 1977 4851 omnia
2003 4796 2036 4850 et
2057 4807 2117 4850 sua
2142 4797 2304 4868 potestate
2326 4786 2414 4851 male

1435 4877 1559 4939 abusos.
1589 4873 1701 4954 Quum
1721 4874 1831 4954 itaquo
1854 4872 1948 4955 gravi
1970 4871 2191 4937 moderatione
2213 4892 2295 4956 opus
2316 4882 2413 4950 esset,

1436 4982 1496 5024 nec
1524 4967 1610 5024 esset
1636 4957 1813 5023 verisimile
1840 4979 1909 5037 eos,
1937 4958 1994 5040 qui
2022 4965 2091 5022 tam
2118 4957 2206 5023 leves
2234 4966 2268 5022 et
2289 4957 2413 5022 tumul·

1436 5044 1533 5109 tuarfi
1555 5042 1655 5108 semel
1677 5043 1823 5121 fuissent,
1846 5042 1890 5107 ad
1911 5043 1997 5109 hanc
2019 5064 2090 5108 rem
2110 5045 2179 5109 fore
2196 5042 2337 5123 idoneos,
2360 5063 2413 5108 ro·

1435 5138 1493 5214 gat
1524 5137 1562 5192 ut
1599 5135 1732 5211 propter
1763 5129 1903 5194 aliorum
1935 5129 2054 5195 vitium
2086 5138 2120 5193 et
2150 5127 2412 5211 ineptitudinem,

1458 5213 1637 5280 ubemandi
1659 5215 1747 5281 vices
1768 5215 1810 5280 ad
1832 5236 1867 5281 se
1889 5216 2139 5282 hansferantur.
2184 5213 2281 5295 Quod
2298 5215 2413 5297 singa-

1434 5237 1496 5366 hrt
1528 5300 1699 5385 privilegio
1733 5310 1767 5366 et
1800 5309 1895 5367 extra
1921 5302 2072 5367 ordinem
2097 5302 2234 5384 petitur,
2270 5322 2335 5364 non
2361 5309 2414 5365 est

1434 5392 1522 5454 certe
1542 5407 1584 5451 ex
1605 5387 1769 5452 communi
1798 5387 1881 5472 lege.
1926 5388 1992 5453 Ubi
2014 5389 2076 5453 hoc
2096 5392 2227 5452 tantum
2248 5387 2413 5469 praetexi-

1418 5481 1498 5553 tur,
1520 5494 1602 5556 opus
1624 5493 1694 5539 esso
1716 5495 1801 5538 novo
1824 5473 1887 5537 alio
1904 5472 2063 5555 praeside,
2086 5473 2163 5556 quia
2180 5492 2214 5538 se
2232 5471 2318 5536 male
2338 5492 2413 5555 ges-

1434 5567 1546 5625 serant
1572 5560 1712 5642 priores,
1746 5565 1875 5624 oonstat
1908 5579 2014 5640 neque
2048 5566 2124 5624 ante
2151 5557 2252 5622 brisso
2278 5557 2412 5634 factum,

1435 5667 1540 5730 neque
1565 5651 1761 5729 perpetuum
1789 5664 1859 5709 csse
1882 5642 2013 5723 debere,
2040 5643 2098 5709 sed
2125 5642 2306 5727 praesentis
2326 5640 2413 5707 duu-
