5600 6809
427 751 489 812 cro
1072 734 1786 805 msmuurloann.eflelsn1ssa
2227 701 2229 707 ’
2366 744 2430 808 cao

494 935 590 1012 tiam,
615 939 654 996 nt
673 951 759 1012 pura
784 928 981 1004 conscicntia
1001 926 1066 992 Dei
1088 924 1182 990 donis
1203 945 1284 1007 pure
1306 931 1403 989 utan-
1455 925 1550 1007 culpa
1572 924 1613 989 ab
1635 931 1749 990 autore
1770 928 1818 992 rei
1839 927 1942 1011 ipsius
1963 929 2107 1011 profecta
2127 933 2185 992 est.
2226 926 2430 994 Scandalum

427 1030 489 1086 tur.
533 1019 601 1085 Ubi
628 1016 670 1082 ad
696 1016 783 1081 hanc
811 1015 1022 1080 sobrietatem
1048 1012 1177 1077 animus
1204 1011 1404 1093 compositus
1455 1019 1625 1092 acceptum
1646 1019 1796 1092 vocatur,
1829 1035 1931 1095 quum
1959 1036 2012 1079 res
2040 1013 2161 1096 alioqui
2187 1035 2256 1079 non
2282 1015 2429 1097 improbe

426 1106 535 1182 fuerit,
558 1104 726 1168 habebunt
745 1100 887 1184 legitimi
907 1121 988 1164 usus
1009 1097 1166 1180 regulam.
1211 1095 1308 1161 Desit
1329 1117 1403 1159 rur·
1455 1117 1516 1161 noc
1543 1097 1729 1179 importune
1757 1097 1915 1178 admissa,
1948 1099 2179 1164 malevolentia
2210 1107 2269 1163 aut
2297 1101 2431 1166 sinistra

427 1213 502 1256 sum
519 1191 600 1254 haec
617 1187 805 1264 moderatio,
828 1186 973 1270 plebeiae
995 1202 1246 1264 communesque
1268 1181 1404 1246 delicias
1454 1180 1595 1264 quadam
1617 1182 1720 1246 animi
1743 1183 2000 1268 malignitatem
2018 1184 2207 1250 offensionis
2229 1186 2432 1252 occasionem

428 1277 550 1342 nimiae
572 1281 659 1339 sunt.
704 1274 791 1338 Nam
815 1270 897 1336 illud
919 1292 997 1337 vere
1018 1269 1151 1346 dicitur,
1181 1268 1216 1331 in
1244 1268 1342 1331 burro
1371 1274 1405 1330 et
1455 1269 1592 1350 rapitur.
1629 1267 1705 1332 Non
1727 1269 1814 1333 enim
1838 1270 1891 1336 hic
1913 1270 2029 1335 datum
2050 1277 2122 1336 erat
2142 1270 2348 1351 scandalnm;
2372 1272 2431 1337 sed

427 1361 502 1428 rudi
523 1381 633 1444 panno
656 1380 752 1441 saepe
774 1359 920 1423 animum
941 1375 1145 1438 purpureum
1166 1353 1330 1431 habitare3
1352 1352 1404 1415 in·
1456 1353 1580 1417 sinistri
1600 1352 1650 1416 illi
1671 1353 1866 1437 interpretes
1888 1357 1958 1421 sine
1980 1377 2078 1421 causa
2099 1357 2269 1438 accipiunt
2313 1358 2429 1424 Priore

427 1446 558 1513 tardum
576 1447 637 1512 sub
655 1448 751 1531 bysso
769 1451 802 1508 et
820 1463 969 1524 purpura
986 1440 1166 1523 simplicem
1184 1438 1405 1502 humilitatem
1454 1438 1512 1503 illc
1530 1438 1674 1503 scandali
1696 1461 1815 1521 genere
1832 1442 1965 1506 nonnisi
1981 1443 2105 1507 infirmi
2122 1441 2344 1521 offenduntur;
2366 1444 2430 1509 hoc

427 1534 540 1599 latere.
584 1532 637 1596 Ita
658 1533 693 1595 in
715 1550 774 1595 suo
796 1529 930 1611 quisque
952 1525 1065 1591 ordine
1086 1526 1139 1591 vel
1164 1524 1321 1603 tenuiter,
1350 1524 1405 1589 vel
1455 1532 1566 1589 autem
1586 1524 1729 1590 secundo
1750 1526 1866 1592 acerba
1890 1527 2023 1611 ingenia
2051 1536 2084 1593 et
2110 1528 2293 1610 pharisaica
2315 1550 2431 1613 supcr-

428 1619 569 1696 modioe,
598 1617 653 1698 yel
675 1613 842 1698 splendide
864 1613 968 1677 vivat:
1000 1619 1039 1675 nt
1059 1611 1269 1676 meminerint
1290 1630 1405 1674 omncs
1455 1610 1539 1674 cilia.
1584 1609 1696 1690 Quare
1727 1610 1870 1675 altorum
1902 1613 2090 1679 vocabimus
2119 1613 2310 1679 scandalum
2338 1616 2431 1679 infir-

429 1727 464 1771 se
493 1727 513 1769 a
541 1704 613 1768 Dec
642 1702 685 1764 ali
716 1709 754 1764 ut
784 1699 914 1777 vivant,
949 1718 1015 1762 non
1043 1703 1081 1761 ιιι
1106 1696 1332 1774 luxurientur3
1366 1716 1404 1761 ac
1455 1716 1593 1772 morum,
1617 1695 1756 1760 altemm
1773 1698 2042 1778 Pharisaeorum
2065 1719 2102 1765 ae
2124 1700 2171 1763 sic
2191 1699 2353 1764 libertatis
2369 1722 2430 1765 no-

428 1791 536 1873 legem
568 1789 653 1852 hano
685 1785 883 1850 christianae
914 1783 1076 1848 libertatis
1112 1788 1232 1865 putent
1266 1783 1294 1845 si
1329 1801 1404 1846 cum
1456 1788 1543 1846 strae
1569 1802 1667 1845 nsum
1692 1783 1962 1864 temperabimus,
1989 1792 2028 1849 ut
2055 1785 2197 1849 fratrum
2224 1786 2432 1852 infirmorum

428 1874 535 1941 Paulo
561 1872 663 1957 (Phil.
686 1877 715 1950 4,
738 1870 791 1954 12)
819 1869 1006 1947 didicerint,
1034 1869 1071 1931 in
1098 1867 1215 1950 quibus
1244 1873 1335 1945 sunt,
1363 1866 1405 1930 iis
1454 1865 1659 1950 ignorantiae
1682 1867 1795 1933 cedere
1817 1868 1947 1949 debeat,
1969 1870 2225 1935 Pharisaeorum
2246 1873 2432 1936 austeritati

429 1959 574 2026 contenti
601 1977 687 2036 esse;
716 1957 884 2021 sinerint
911 1961 944 2020 ct
970 1954 1112 2019 humiles
1138 1974 1209 2017 csse
1237 1959 1270 2016 et
1298 1952 1404 2016 excol—
1455 1973 1671 2035 nequaquam.
1717 1952 1806 2034 Quid
1845 1956 1933 2019 enim
1972 1956 2154 2021 infirmitati
2194 1955 2341 2021 dandum
2376 1958 2430 2038 sit,

428 2046 510 2124 lere3
538 2044 567 2109 si
589 2042 674 2108 docti
702 2043 770 2107 sint
790 2041 910 2124 ubique
932 2048 965 2105 ct
986 2041 1021 2104 in
1039 2039 1190 2104 omnibus
1209 2046 1243 2102 et
1264 2038 1406 2103 saturari
1457 2038 1586 2103 abunde
1608 2038 1720 2104 multis
1742 2039 1820 2105 locis
1842 2041 1984 2106 ostendit
2004 2041 2139 2107 Paulus.
2183 2042 2351 2122 Infirmos,
2379 2043 2432 2106 in-

429 2139 463 2196 et
484 2131 607 2195 esurire
629 2136 664 2193 et
685 2127 853 2193 abundare
874 2134 909 2191 et
929 2126 1090 2209 peiuriam
1110 2126 1187 2207 pati.
1457 2125 1529 2207 quit
1546 2124 1657 2208 (Rom
1674 2129 1722 2202 14,
1744 2131 1757 2188 l
1778 2133 1812 2190 et
1832 2126 1895 2211 13),
1918 2127 1954 2190 in
1974 2125 2039 2192 fide
2061 2128 2223 2210 suscipite.
2266 2129 2366 2193 Item:
2389 2151 2432 2195 ne

518 2220 566 2280 10.
609 2215 735 2279 Errant
756 2221 790 2278 et
811 2214 846 2277 in
865 2234 903 2278 eo
924 2212 1081 2296 plerique,
1104 2208 1191 2292 quod
1211 2209 1347 2293 perinde
1368 2230 1406 2274 ac
1457 2209 1594 2293 posthac
1616 2209 1701 2275 alius
1722 2210 1825 2275 alium
1846 2212 2042 2292 iudicemus;
2070 2235 2187 2278 verum
2215 2213 2296 2277 illud
2325 2215 2432 2298 magis

429 2303 457 2369 si
487 2323 547 2367 sua
572 2299 706 2365 libertas
733 2298 908 2364 incolumis
936 2318 973 2362 ac
1001 2297 1093 2363 salva
1119 2317 1186 2360 non
1214 2301 1309 2374 esset,
1342 2295 1406 2360 nisi
1458 2316 1500 2360 ne
1521 2295 1752 2360 offendiculum
1773 2304 1914 2380 ponatur
1933 2298 2044 2375 fratri,
2067 2304 2132 2363 ant
2158 2299 2270 2381 lapsus
2298 2302 2431 2367 occasio.

429 2394 530 2453 testes
552 2386 689 2450 haberet
716 2384 882 2461 homines,
910 2384 1094 2466 promiscue
1122 2390 1155 2446 ct
1180 2381 1407 2464 imprudenter
1457 2382 1504 2446 Et
1530 2381 1635 2446 multa
1660 2381 1697 2444 in
1724 2403 1801 2446 eum
1828 2404 1976 2462 sensum,
2010 2405 2093 2466 quae
2125 2405 2167 2449 ex
2196 2406 2234 2448 eo
2262 2384 2333 2451 loco
2364 2387 2434 2469 peti

429 2493 469 2538 ea
495 2478 645 2536 utuntur.
690 2469 767 2551 Qua
798 2470 988 2552 importuna
1017 2467 1231 2550 usurpatione
1259 2468 1407 2532 infirmos
1459 2468 1561 2532 satius
1589 2475 1640 2532 est
1667 2488 1766 2550 quam
1792 2467 1847 2534 hic
1874 2469 1997 2534 referri.
2043 2468 2182 2534 Summa
2203 2476 2268 2549 est,
2298 2479 2336 2534 ut
2361 2493 2432 2552 nos,

429 2559 548 2623 fratres
568 2577 801 2639 saepenumero
822 2553 1002 2620 offendunt.
1047 2552 1170 2618 Videas
1192 2551 1288 2616 hodie
1311 2573 1407 2635 quos·
1458 2553 1515 2636 qui
1541 2553 1665 2619 robusti
1692 2574 1819 2632 sumus,
1847 2554 2054 2620 infirmitates
2080 2556 2310 2638 impotentium
2334 2558 2433 2622 suffe-

431 2643 516 2723 dam,
538 2643 655 2726 quibus
673 2663 734 2706 sua
750 2641 886 2707 libertas
901 2660 969 2704 non
989 2639 1120 2705 videtur
1136 2638 1323 2717 consistere,
1341 2637 1408 2703 nisi
1459 2660 1585 2718 ramus,
1608 2661 1668 2704 nee
1689 2639 1876 2722 placeamus
1897 2641 1991 2706 nobis
2012 2642 2094 2724 ipsis
2100 2666 2108 2720 ;
2131 2639 2188 2706 sed
2209 2643 2433 2726 unusquisque

432 2750 493 2814 per
511 2750 606 2794 esum
626 2728 775 2793 carnium
797 2726 849 2791 die
869 2726 1000 2792 veneris
1021 2727 1056 2788 in
1079 2726 1149 2789 eius
1170 2724 1408 2807 possessionem
1458 2732 1607 2789 nostrum
1638 2726 1786 2807 proximo
1816 2726 1943 2809 placcat
1972 2726 2008 2790 in
2039 2728 2177 2805 bonum,
2211 2727 2253 2792 ad
2284 2729 2433 2795 aedifica·

432 2815 594 2881 venerint.
638 2812 735 2894 Quod
763 2812 866 2877 edunt
896 2834 963 2876 non
994 2810 1214 2895 reprehendc;
1247 2808 1305 2874 sed
1337 2808 1407 2873 exi-
1458 2811 1590 2875 tionemv
1613 2808 1703 2894 (ibid.
1737 2816 1784 2890 15,
1820 2811 1861 2895 l).
1906 2811 2012 2878 Alibi:
2052 2812 2109 2877 sed
2142 2811 2259 2892 vidote,
2292 2835 2334 2878 ne
2367 2836 2433 2897 quo

432 2899 541 2984 ganda
568 2905 618 2964 est
644 2920 686 2964 cx
714 2898 833 2963 animis
861 2898 944 2962 falsa
972 2897 1097 2962 isthaec
1125 2895 1242 2979 opinio.
1295 2893 1407 2977 Siqui·
1458 2893 1554 2959 modo
1575 2896 1713 2960 facultas
1733 2903 1845 2962 vestre
1865 2897 2060 2964 offendiculo
2089 2898 2133 2963 sit
2159 2899 2200 2964 iis
2227 2899 2283 2982 qui
2309 2900 2433 2964 infirmi

433 2985 507 3050 dem
524 2985 667 3069 cogitare
684 2983 853 3061 debebant,
877 2983 960 3047 nihil
981 3003 1016 3048 se
1034 3004 1093 3048 sua
1109 2982 1260 3046 libertate
1282 3000 1407 3045 novum
1459 2989 1539 3046 sunt
1561 2979 1593 3066 (l
1619 2980 1692 3047 Oor.
1715 2984 1745 3061 8,
1764 2987 1782 3046 9
1802 2989 1836 3047 et
1856 2988 1904 3061 10,
1924 2982 1989 3065 25).
2033 2984 2133 3048 Item:
2162 2985 2270 3048 omnia
2291 3003 2374 3066 quae
2395 2986 2431 3048 in

432 3071 586 3153 consequi
615 3072 651 3135 in
677 3070 848 3134 hominum
869 3075 1058 3151 conspectu,
1087 3066 1145 3132 sed
1172 3065 1259 3149 apud
1280 3066 1407 3146 Deum;
1458 3066 1594 3133 macello
1612 3066 1803 3133 venduntur
1820 3068 1915 3147 edite,
1937 3069 2022 3133 nihil
2039 3070 2278 3154 interrogantes
2299 3077 2432 3152 propter

432 3164 466 3222 et
497 3163 565 3220 tam
597 3157 633 3219 in
666 3152 857 3220 abstinendo
885 3154 1097 3220 constitutam
1126 3173 1212 3229 esse,
1244 3171 1345 3235 quam
1371 3154 1408 3217 in
1459 3153 1705 3233 conscientiam
1727 3175 1824 3236 porro
1846 3156 2076 3220 conscientiam
2097 3163 2241 3220 vestram
2262 3154 2343 3234 dico,
2366 3177 2433 3220 non

432 3242 563 3308 utendo.
610 3239 648 3306 Si
681 3261 792 3306 coram
824 3242 897 3306 Deo
930 3239 1017 3304 nihil
1048 3238 1170 3304 referre
1207 3237 1407 3322 intelligimt,
1460 3238 1614 3304 alterius:
1654 3238 1793 3322 denique
1833 3239 1915 3305 tales
1947 3247 2070 3319 estote,
2109 3248 2148 3305 ut
2177 3240 2307 3305 nullum
2338 3263 2433 3324 prae·

430 3335 650 3393 vescanturne
677 3326 830 3392 carnibus
862 3347 905 3390 an
933 3325 1017 3405 ovis,
1046 3325 1197 3390 rubrisne
1225 3345 1268 3389 an
1302 3325 1409 3408 nigris
1459 3322 1564 3389 beatis
1591 3324 1823 3391 offendiculum
1849 3347 1956 3409 neque
1982 3326 2129 3406 Iudaeis,
2159 3347 2263 3409 neque
2285 3326 2432 3409 Graecis,

433 3413 578 3481 vestibus
599 3411 794 3490 induantur,
819 3413 908 3491 satis,
930 3431 1091 3494 superque
1113 3416 1172 3475 est
1207 3409 1280 3474 Iam
1301 3410 1410 3476 soluta
1460 3431 1566 3493 neque
1583 3410 1737 3476 ecclesiae
1753 3411 1826 3476 Dei
1871 3411 1947 3476 Alio
1964 3411 2066 3476 etiam
2086 3411 2170 3477 loco:
2192 3413 2228 3476 in
2250 3411 2436 3480 libertatem

435 3507 484 3565 est
506 3500 717 3576 conscicntia,
745 3498 799 3563 cni
821 3499 892 3562 eius
912 3496 1073 3562 libertatis
1094 3495 1290 3561 beneficium
1310 3494 1409 3560 debe-
1459 3497 1565 3562 vocati
1588 3497 1680 3574 estis,
1706 3497 1839 3575 fiatres,
1867 3502 1999 3561 tantum
2019 3517 2062 3562 ne
2082 3497 2268 3563 libertatem
2288 3508 2435 3565 vestram

432 3586 537 3651 ιιιιιι.
570 3585 662 3669 Ergo
680 3583 811 3648 etiamsi
830 3583 967 3666 posthac
984 3582 1137 3649 carnibus
1158 3587 1227 3646 tota
1243 3583 1313 3647 vita
1333 3581 1408 3646 abs-
1460 3580 1544 3647 dctis
1565 3583 1601 3646 in
1621 3582 1824 3647 occasionem
1843 3583 1945 3662 carni,
1967 3583 2024 3648 sed
2044 3604 2105 3666 per
2121 3583 2293 3650 caritatem
2314 3587 2434 3652 servite

433 3672 572 3749 tineent,
612 3679 646 3736 et
677 3670 818 3735 colorem
853 3690 957 3733 unum
988 3675 1146 3752 perpetuo
1178 3668 1302 3746 forant,
1340 3688 1407 3731 non
1459 3668 1551 3734 vobis
1572 3668 1714 3734 invicem
1733 3665 1823 3751 (Gal.
1844 3671 1871 3747 5,
1894 3669 1957 3751 13).
2001 3669 2055 3733 Ita
2076 3677 2126 3734 est
2147 3690 2235 3734 sane.
2280 3672 2434 3738 Libertas

434 3758 543 3821 minus
560 3756 655 3822 liberi
673 3761 761 3820 sunt.
796 3755 868 3819 Imo
889 3754 962 3819 ideo
983 3755 1060 3838 quia
1079 3752 1174 3818 liberi
1195 3760 1282 3831 sunt,
1303 3752 1409 3818 libera
1459 3761 1572 3818 nostra
1592 3773 1659 3818 non
1687 3754 1845 3820 adversus
1871 3753 2049 3820 imbecilles
2076 3755 2245 3837 proximos
2271 3755 2349 3821 data
2374 3765 2433 3837 est,

433 3840 814 3907 conscientiaabstinent.
850 3840 1221 3906 Perniciosissimevero
1238 3839 1406 3918 labuntur,
1459 3861 1599 3923 qnorum
1624 3860 1685 3904 nos
1710 3861 1770 3923 per
1797 3840 1906 3904 omnia
1932 3860 2044 3906 servos
2071 3841 2191 3907 caritas
2218 3844 2347 3922 statuit;
2377 3841 2435 3908 sed

433 3926 522 4009 quod
556 3927 696 4008 fratrum
728 3926 953 3991 infirmitatem
988 3926 1111 3990 nullius
1145 3925 1240 4006 pensi
1275 3923 1406 4004 habent,
1458 3926 1580 4010 magis,
1608 3932 1647 3990 ut
1672 3945 1787 4009 pacem
1813 3945 1889 3990 cnm
1917 3927 1988 3990 Deo
2016 3926 2053 3990 in
2080 3927 2198 3992 animis
2227 3929 2347 3993 nostris
2374 3929 2434 3994 ha·

432 4032 533 4095 quam
561 4013 608 4078 sic
634 4012 789 4077 sustineri
810 4033 831 4075 a
852 4012 945 4077 nobis
974 4011 1076 4091 decet,
1104 4032 1146 4074 ne
1173 4008 1253 4093 quid
1284 4018 1407 4075 temere
1458 4013 1583 4091 bentes,
1611 4016 1721 4094 pacate
1748 4012 1846 4076 etiam
1867 4012 1955 4076 inter
1976 4012 2127 4077 homines
2149 4013 2309 4078 vivamus.
2344 4015 2434 4080 Pha-

433 4097 645 4163 admittamus
666 4117 742 4162 cum
770 4118 882 4163 eorum
908 4097 1110 4163 offendiculo.
1154 4096 1282 4161 Verum
1302 4096 1407 4161 inter·
1459 4099 1638 4172 risaeorum
1660 4104 1771 4162 autem
1790 4096 1926 4185 qffensio
1948 4097 2065 4180 quanti
2086 4099 2131 4162 sit
2151 4098 2313 4178 facienda,
2337 4100 2434 4166 disci·

433 4182 514 4248 dum
541 4204 669 4266 quoqne
694 4184 840 4261 interest,
867 4203 977 4248 eoram
1003 4182 1192 4248 hominibus
1219 4183 1322 4248 asseri
1346 4203 1407 4246 no·
1458 4205 1533 4249 mus
1554 4205 1597 4248 ex
1613 4183 1722 4248 verbis
1739 4183 1874 4247 Domini
1891 4182 2025 4267 (Matth.
2048 4187 2096 4261 15,
2118 4183 2182 4267 14),
2205 4185 2323 4266 quibus
2343 4185 2434 4250 iubet

300 4290 305 4303 ¹
432 4276 536 4334 stram
567 4269 761 4334 libertatem.
823 4269 870 4334 Et
901 4269 962 4334 hoc
994 4269 1111 4348 fateor3
1145 4266 1264 4333 modus
1295 4274 1407 4332 emen
1459 4268 1565 4334 omitti
1586 4269 1675 4346 illos,
1701 4269 1778 4352 quia
1798 4269 1885 4334 caeci
1906 4276 1996 4347 sunt,
2020 4268 2118 4335 duces
2139 4291 2318 4335 caecorum.
2362 4271 2432 4335 Ad·
2500 4291 2508 4301 ⁸

432 4375 562 4421 summa
586 4355 737 4420 cautione
764 4353 926 4420 tenendus
950 4361 1014 4433 ost,
1046 4376 1088 4419 ne
1116 4355 1323 4419 infirmorum
1350 4373 1407 4418 cu·
1459 4362 1657 4420 monuerant
1690 4354 1856 4437 discipuli,
1891 4374 1947 4420 eos
1976 4376 2125 4420 sermone
2157 4355 2258 4438 ipsius
2292 4355 2432 4420 offensos

431 4460 519 4519 ram,
547 4461 628 4524 qnos
653 4440 747 4506 nobis
774 4448 944 4523 tantopere
966 4439 1130 4504 Dominus
1157 4439 1406 4518 commendavit,
1458 4441 1566 4506 fnisse.
1611 4440 1801 4525 Respondet
1822 4438 2048 4524 negligendos,
2078 4461 2140 4507 neo
2160 4439 2340 4505 curandam
2360 4462 2432 4507 esse

432 4525 630 4592 abiiciamus.
1459 4547 1573 4592 eorum
1594 4526 1816 4591 offensionem.

522 4616 569 4676 11.
614 4611 733 4676 Dicam
764 4611 818 4675 hic
850 4610 959 4693 itaque
989 4610 1029 4675 de
1057 4610 1218 4676 scandalis
1238 4611 1406 4690 nonnihil,
1535 4616 1596 4676 .12.
1640 4613 1709 4678 Res
1730 4619 1843 4676 tamen
1863 4609 1970 4677 adhuc
1990 4612 2117 4677 incerta
2135 4608 2270 4694 pendet,
2298 4611 2362 4677 nisi
2383 4620 2433 4678 te-

432 4716 497 4781 que
514 4698 550 4775 in
568 4696 756 4763 discrimine
776 4695 928 4762 habenda
949 4696 1024 4776 sint,
1047 4716 1129 4778 quae
1146 4696 1301 4775 cavenda,
1324 4716 1408 4780 qnae
1459 4719 1598 4763 neamus
1635 4699 1690 4781 qui
1723 4696 1817 4762 nobis
1852 4697 1919 4762 sint
1957 4697 2102 4763 habendi
2136 4696 2275 4775 infirmi,
2310 4706 2343 4761 et
2375 4699 2434 4780 qui

432 4783 512 4848 item
537 4782 746 4866 negligenda:
781 4780 868 4846 unde
895 4788 1008 4863 postea
1029 4788 1173 4846 statuere
1194 4781 1304 4861 liceat,
1333 4781 1407 4865 quis
1458 4784 1644 4862 Pharisaei3
1673 4804 1736 4865 quo
1763 4781 1950 4847 discrimine
1977 4773 2117 4863 sublato,
2146 4804 2211 4848 non
2237 4783 2333 4848 video
2360 4785 2433 4866 quis

434 4867 479 4931 sit
509 4868 597 4931 inter
628 4868 777 4934 homines
809 4867 951 4933 libertati
983 4874 1113 4932 nostrae
1144 4867 1244 4933 locus.
1293 4868 1409 4935 Placet
1459 4891 1595 4955 prorsus
1615 4875 1719 4933 restet
1738 4869 1825 4932 inter
1847 4867 2041 4934 offensiones
2069 4869 2231 4935 libertatis
2259 4890 2347 4948 usus,
2376 4870 2432 4952 qui

434 4956 545 5016 autem
571 4952 717 5034 vulgaris
744 4953 802 5018 illa
827 4953 974 5037 partitio,
1002 4973 1085 5036 quae
1106 4952 1296 5018 scandalum
1318 4954 1408 5019 aliud
1459 4975 1627 5038 nunquam
1654 4955 1724 5018 sine
1750 4973 1878 5018 summo
1940 4955 2042 5021 riculo
2063 4956 2156 5020 foret.
2199 4955 2327 5020 Verum
2350 4955 2432 5020 mihi

434 5034 562 5113 datum,
590 5036 679 5101 aliud
701 5046 883 5121 acceptum,
912 5037 1026 5118 tradit;
1052 5039 1181 5122 quando
1203 5045 1236 5103 et
1257 5046 1407 5121 apertum
1459 5041 1637 5107 clarissime
1666 5038 1829 5103 definiisse
1858 5038 1889 5103 vi
1912 5046 1986 5104 etur
2011 5040 2154 5120 Paulus,
2185 5047 2256 5106 tum
2281 5040 2433 5106 doctrina

434 5121 617 5204 scripturae
637 5123 861 5188 testimonium
889 5123 1000 5204 habet,
1027 5144 1088 5189 nec
1113 5125 1225 5208 inepte
1252 5125 1408 5207 exprimit
1458 5134 1531 5191 tum
1552 5125 1710 5208 exemplis
1736 5130 1898 5207 qnatenus
1925 5126 1977 5191 vol
2004 5126 2205 5192 moderanda
2230 5128 2275 5191 sit
2298 5127 2433 5193 libertas

433 5206 520 5292 quod
542 5206 712 5290 significat
746 5206 879 5292 Siquid
898 5212 1086 5294 importuna
1107 5217 1164 5275 aut
1183 5210 1326 5288 levitate,
1350 5217 1408 5275 ant
1459 5219 1582 5288 nostra,
1600 5212 1652 5276 vel
1665 5209 1869 5276 offendiculis
1885 5211 2083 5277 redimenda
2108 5212 2319 5278 Timotheum
2329 5234 2433 5296 quum

433 5292 582 5371 lascivia,
610 5299 670 5357 aut
690 5296 887 5374 temeritate,
916 5318 984 5361 non
1005 5297 1132 5375 ordine,
1160 5318 1221 5362 nec
1248 5315 1309 5361 suo
1336 5295 1407 5362 loco
1458 5299 1494 5362 in
1526 5297 1728 5364 consortium
1758 5317 1856 5361 suum
1887 5305 2081 5377 assumeret,
2115 5298 2319 5365 circumcidit
2343 5298 2431 5383 (Act

433 5379 542 5459 facias,
565 5400 630 5463 quo
650 5379 796 5463 imperiti
815 5379 1055 5465 imbecillesque
1073 5380 1290 5459 offendantur,
1313 5403 1407 5447 soan·
1462 5387 1511 5462 16,
1532 5383 1581 5468 3);
1608 5383 1722 5448 Titum
1750 5389 1788 5447 ut
1813 5383 2060 5450 circumcideret
2086 5381 2204 5449 adduci
2230 5404 2299 5449 non
2326 5385 2435 5467 potuit

319 5511 326 5538 .
435 5462 546 5530 dalum
578 5465 636 5531 abs
663 5472 696 5530 te
729 5464 843 5529 datum
872 5465 1013 5547 dicetur;
1045 5467 1201 5551 quoniam
1227 5474 1285 5532 tua
1312 5467 1409 5553 culpa
1459 5469 1550 5556 (Gal.
1570 5473 1599 5549 2,
1618 5468 1662 5554 3).
1705 5469 1849 5535 Diversa
1865 5469 1965 5549 factm
1987 5469 2079 5534 nulla
2100 5467 2226 5535 consilii
2248 5491 2308 5536 neo
2330 5469 2434 5535 animi

434 5550 558 5614 tactiim
579 5552 686 5630 luerit,
708 5558 747 5616 ut
768 5550 928 5616 eiusmodi
947 5552 1084 5619 offensio
1104 5554 1324 5620 suscitaretur.
1357 5555 1408 5622 Ae
1459 5556 1605 5622 mutatio.
1643 5556 1769 5637 Nempe
1790 5555 1826 5618 in
1846 5554 2106 5620 circumcidendo
2128 5552 2308 5634 Timotheo,
2331 5577 2433 5638 quum

436 5635 569 5700 omnino
589 5635 779 5703 scandalum
798 5635 836 5700 in
852 5657 889 5700 re
908 5637 1016 5720 aliqua
1032 5639 1147 5704 danim
1163 5640 1292 5719 dicitur,
1315 5641 1408 5709 cuius
1458 5641 1541 5709 liber
1558 5649 1646 5708 esset
1662 5639 1704 5706 ab
1719 5639 1881 5719 omnibus,
1903 5638 2055 5706 omnibus
2071 5639 2283 5721 semetipsum
2299 5662 2435 5707 servum
