5600 6809
425 752 490 815 903
1076 740 1343 809 INSTI'PUTIO
1365 742 1471 809 REI..
1494 741 1675 809 cuman
1700 745 1790 807 1559.
2371 746 2438 808 904

427 934 705 1013 1011166,6111661
723 932 930 1016 direptiones,
949 931 1089 996 aliarum
1100 932 1236 1010 excidia,
1257 931 1406 1015 gentium
1457 931 1514 997 nbi
1530 931 1686 1014 profanae
1703 932 1945 997 controversiae
1962 932 2140 1015 agit-antur.
2176 931 2297 996 Merito
2317 933 2353 995 in
2371 933 2438 998 hac

429 1022 546 1099 clades,
565 1019 766 1084 vastationes
783 1040 969 1103 regnorum,
988 1016 1216 1082 tantummodo
1234 1025 1273 1081 ut
1290 1017 1406 1082 alienis
1458 1038 1494 1081 16
1522 1017 1594 1081 eius
1622 1017 1839 1081 constantiam
1866 1016 2004 1081 laudant
2032 1037 2154 1082 omnes.
2199 1019 2378 1082 Et.tamen
2400 1020 2438 1082 in

428 1107 582 1172 dominiis
617 1125 754 1169 manum
787 1105 948 1183 iniiciant,
982 1124 1066 1185 quae
1100 1101 1219 1168 talibus
1246 1103 1406 1187 exemplis
1457 1103 1543 1167 bona
1569 1123 1667 1168 causa
1695 1123 1857 1185 eousque
1885 1103 2103 1187 progreditur,
2131 1113 2170 1167 ut
2197 1102 2288 1168 6161
2308 1104 2381 1168 vim
2404 1115 2439 1170 et

451 1191 603 1257 uniendis
625 1192 776 1256 sufficere
797 1200 937 1274 possunt
959 1188 1193 1254 anathemata?
1234 1188 1333 1254 Certe
1354 1189 1405 1252 ni-
1458 1209 1595 1253 manum
1616 1195 1754 1253 ventum
1775 1189 1882 1266 1116111,
1906 1209 2073 1254 cessurum
2102 1210 2136 1254 60
2159 1189 2254 1254 dicat.
2298 1190 2437 1270 Volens,

455 1278 476 1342 ‘l
499 1299 554 1343 eos
579 1277 690 1342 miuus
712 1298 868 1360 quaerere
896 1296 995 1357 quam
1017 1273 1144 1340 Christi
1170 1273 1319 1357 gloriam,
1343 1275 1405 1338 mi-
1458 1275 1573 1357 inquit,
1588 1273 1613 1356 ¹)
1634 1273 1744 1339 locum
1766 1274 1848 1338 mihi
1870 1274 2078 1339 commissum
2105 1295 2174 1339 non
2196 1274 2356 1356 deseram;
2380 1298 2439 1342 co-

428 1365 518 1429 nime
536 1365 711 1429 obscurum
729 1371 787 1428 est.
823 1362 910 1426 Nam
931 1361 959 1425 si
981 1361 1016 1424 in
1038 1360 1231 1425 universum
1249 1359 1406 1443 quidquid
1459 1369 1551 1425 actus
1572 1381 1757 1443 repugnare
1776 1380 1843 1424 non
1865 1361 1950 1438 novi,
1973 1381 2066 1425 arma
2083 1362 2170 1425 enim
2188 1369 2299 1426 nostra
2318 1384 2439 1444 preces

428 1449 552 1516 habent
579 1449 754 1514 saecularis
784 1446 954 1530 potestatis
981 1454 1095 1528 sponte
1122 1446 1299 1530 resignent,
1331 1446 1406 1510 nul-
1459 1453 1536 1510 sunt
1563 1453 1596 1510 et
1621 1445 1795 1530 lacrymae.
1845 1447 2068 1512 Observemus
2093 1447 2295 1530 singularem
2326 1449 2438 1515 sancti

428 1535 498 1601 lum
549 1535 650 1600 lorias
679 1536 759 1612 Dei,
789 1533 916 1597 nullum
943 1551 1041 1597 sanae
1071 1532 1254 1610 doetrinae,
1276 1532 1407 1596 nullum

429 1621 666 1688 ecclesiasticae
700 1619 817 1687 salutis
848 1619 1030 1702 periculum
1057 1618 1214 1705 vertitur,
1248 1615 1306 1682 sed
1338 1640 1406 1682 una

428 1706 619 1773 dominandi
646 1705 822 1789 cupiditate
850 1705 936 1769 caeci
964 1725 1002 1768 ac
1022 1703 1216 1786 praecipites
1238 1705 1404 1768 feruntur:

428 1795 505 1877 quia
525 1793 610 1861 nihil
631 1791 761 1857 salvum
783 1812 854 1856 esse
875 1797 996 1872 putant
1016 1789 1081 1854 nisi
1105 1809 1181 1853 cum
1203 1789 1405 1866 austeritate,

427 1886 466 1943 ut
492 1877 653 1962 propheta
679 1877 726 1941 ait
751 1878 822 1963 (En.
854 1880 911 1953 34,
935 1874 988 1958 4),
1017 1882 1051 1939 et
1079 1875 1405 1956 061600166116161-

449 1972 551 2030 erent.

426 1985 448 2048 p
516 2053 564 2112 15.
609 2048 831 2141 16116110110111
860 2068 990 2111 annexa
1011 2053 1061 2110 est
1084 2046 1283 2123 immunitas,
1306 2067 1406 2128 quam

428 2134 490 2201 sibi
517 2142 654 2199 sumunt
682 2135 792 2199 clerici
813 2152 1033 2197 romanenses.
1081 2131 1166 2195 Rem
1189 2134 1277 2196 enim
1298 2130 1406 2217 indig-

426 2242 506 2286 nam
524 2241 594 2286 esse
612 2227 731 2303 putant
754 2221 781 2284 si
803 2219 838 2282 in
860 2219 966 2283 causis
983 2216 1210 2301 personalibus
1228 2238 1338 2281 coram
1361 2220 1406 2282 ci-

427 2306 485 2374 vili
512 2305 618 2371 iudice
647 2305 879 2388 respondeant;
910 2310 1006 2386 atque
1034 2305 1069 2367 in
1100 2324 1136 2367 eo
1166 2305 1306 2385 positam
1336 2326 1406 2370 esse

426 2391 629 2458 arbitrantur
646 2391 801 2456 ecelesiae
818 2399 889 2454 tum
906 2389 1091 2454 libertatem
1112 2397 1183 2452 tum
1201 2388 1405 2473 dignitatem,

360 2549 364 2559 ,
426 2479 456 2544 61
486 2478 711 2544 communibus
738 2475 867 2540 iudiciis
894 2496 932 2540 66
953 2475 1080 2558 legibus
1104 2475 1299 2538 eximantur.
1344 2477 1407 2541 At-

426 2565 484 2647 qui
508 2573 634 2630 veteres
656 2562 809 2644 episcopi,
831 2562 886 2644 qui
909 2561 989 2626 alias
1007 2562 1043 2624 in
1061 2560 1235 2625 asserendo
1253 2561 1407 2627 ecclesiae

426 2650 499 2714 1610
522 2648 711 2732 rigidissimi
730 2654 832 2726 erant,
861 2647 943 2711 nihil
972 2645 1058 2710 laedi
1080 2667 1114 2710 se
1138 2667 1175 2710 ao
1197 2667 1295 2709 suum
1320 2647 1407 2712 ordi·

428 2756 505 2799 nem
528 2734 717 2798 iudicarunt
737 2734 765 2798 si
787 2733 1032 2797 subiicerentur.
1077 2731 1131 2796 Pii
1156 2753 1282 2814 quoque
1303 2734 1407 2816 impe-

429 2829 564 2898 ratores,
587 2819 679 2884 nullo
699 2819 905 2896 reclamante,
929 2816 970 2881 ad
991 2838 1051 2882 sua
1071 2817 1258 2895 tribunalia,
1281 2820 1407 2900 quoties

433 2927 514 2990 opus
543 2913 629 2981 erat,
657 2905 790 2970 clericos
819 2925 947 2985 semper
975 2910 1142 2969 vocarunt.
1194 2902 1250 2968 Sic
1264 2903 1289 2988 ¹)
1318 2905 1406 2968 enim

431 2991 576 3074 loquitur
599 2990 835 3055 Constantinus
857 2991 892 3053 in
915 2988 1053 3071 epistola
1073 2989 1114 3052 61
1137 2987 1405 3056 Nicomedenses:

430 3077 459 3142 si
481 3079 553 3159 quis
574 3077 798 3159 episcoporum
820 3074 1001 3139 inconsulte
1023 3075 1244 3139 tumultuatus
1270 3077 1322 3155 sit,
1345 3077 1407 3140 mi-

428 3163 525 3228 nistri
546 3164 619 3239 Dei,
642 3162 704 3227 hoc
726 3172 784 3239 est,
807 3182 881 3226 mea
902 3161 1145 3243 exsequutione,
1164 3160 1253 3226 illius
1271 3161 1408 3227 audacia

426 3248 637 3314 coercebitur.
672 3249 718 3312 Et
738 3247 1007 3312 Valentinianus:
1030 3246 1109 3311 boni
1131 3248 1272 3330 episcopi
1291 3255 1406 3330 poten-

426 3335 490 3402 tiae
522 3333 730 3417 imperatoris
762 3354 827 3397 6011
860 3332 1080 3414 obloquuntur
1087 3357 1095 3411 ;
1129 3332 1187 3397 sed
1219 3334 1345 3399 sincere
1373 3341 1407 3399 et

425 3420 492 3486 Dei
518 3421 631 3503 magni
660 3420 746 3502 regis
776 3418 930 3482 mandata
952 3416 1141 3482 custodiunt
1163 3425 1196 3482 et
1218 3421 1339 3484 nostris
1359 3421 1406 3485 16-

426 3505 521 3590 gibus
543 3517 668 3588 parent.
715 3505 787 3570 Hoc
810 3505 879 3570 sine
901 3503 970 3568 6116
990 3505 1213 3568 controversia
1233 3513 1313 3570 tunc
1335 3513 1407 3570 erat

427 3592 578 3657 omnibus
604 3613 805 3674 persuasum.
855 3589 1103 3655 Ecclesiastioae
1132 3589 1262 3672 quidem
1289 3611 1406 3656 causae

428 3678 469 3747 ad
489 3677 669 3761 episcopale
686 3676 843 3743 iudicium
855 3674 1089 3741 reserebantur.
1120 3674 1406 3755 Quemadmodum

425 3765 548 3846 siquis
570 3762 706 3828 clericus
729 3762 814 3826 nihil
835 3763 870 3826 in
891 3762 980 3845 leges
1003 3761 1202 3845 deliquisset,
1226 3762 1406 3827 canonibus

425 3857 556 3913 tantum
583 3870 658 3913 reus
688 3850 862 3932 agebatur,
891 3870 958 3912 non
981 3847 1145 3913 citabatur
1168 3846 1209 3911 ad
1232 3870 1406 3914 commune

425 3934 580 4012 tribunal,
609 3933 666 3999 sed
691 3935 877 4017 episcopum
905 3932 1047 3998 habebat
1074 3935 1110 3998 in
1139 3955 1178 3998 66
1200 3956 1300 3999 66666
1321 3934 1406 3999 1611-

426 4041 504 4087 cem.
543 4017 712 4098 Similiter,
732 4021 759 4085 61
771 4019 846 4084 fidei
865 4020 1011 4102 quaestio
1030 4020 1226 4102 agitabatur,
1246 4028 1304 4085 aut
1321 4043 1406 4103 quae

426 4107 467 4172 ad
486 4105 654 4172 ecclesiam
672 4107 803 4190 proprie
823 4106 1011 4189 pertineret,
1031 4105 1174 4190 cognitio
1197 4105 1406 4173 deferebatur

426 4192 589 4260 ecclesiae.
635 4190 692 4258 Sic
720 4190 971 4275 intelligendum
1000 4190 1159 4274 estquod
1188 4193 1301 4258 scribit
1323 4193 1406 4257 Am-

424 4276 551 4346 brosius
566 4279 595 4363 ²)
630 4278 671 4343 ad
704 4277 993 4343 Valentinianum:
1034 4286 1195 4362 augustae
1228 4280 1406 4343 memoriae

423 4372 518 4450 pater
539 4372 616 4429 tuus
635 4386 701 4429 non
719 4363 815 4428 modo
833 4384 983 4430 sermono
1003 4362 1183 4446 respondit,
1203 4364 1260 4429 sod
1277 4363 1405 4448 legibus

424 4472 550 4535 quoque
579 4452 700 4528 sanxit,
731 4451 888 4515 incensa
915 4447 992 4514 fidei
1021 4469 1098 4513 eum
1120 4449 1264 4515 iudicare
1287 4449 1405 4516 dobere

445 4538 479 4602 ui
519 4558 578 4602 neo
617 4557 755 4600 munere
789 4536 833 4599 sit
863 4535 988 4616 impar,
1027 4557 1088 4600 nee
1120 4535 1192 4599 iure
1227 4534 1403 4600 dissimilis.

423 4557 523 4688 item:
556 4623 584 4688 61
613 4623 793 4705 scripturas
821 4629 879 4685 aut
907 4626 1018 4685 vetera
1047 4620 1198 4702 exempla
1224 4621 1403 4700 intuemur,

423 4711 495 4794 quis
524 4715 573 4773 est
601 4708 659 4790 qui
681 4707 820 4786 abnuat,
849 4707 884 4770 in
911 4726 1010 4770 causa
1040 4705 1134 4784 fidei,
1165 4706 1200 4770 in
1229 4728 1327 4772 causa
1353 4708 1404 4772 in·

423 4815 523 4878 quam
544 4793 629 4871 fidei,
653 4793 819 4876 episcopos
846 4792 950 4857 solere
978 4790 1018 4855 de
1042 4792 1294 4875 imperatoribus
1316 4793 1404 4859 ohri-

424 4880 548 4957 stianis,
567 4880 857 4962 nonimperatoros
876 4878 916 4943 de
928 4877 1089 4961 episcopis
1102 4877 1269 4944 iudicare?
1301 4879 1400 4943 Item:

423 4965 597 5042 venissem,
626 4965 813 5049 imperator,
843 4963 885 5028 ad
912 4964 1142 5029 consistorium
1171 4972 1275 5042 tuum,
1300 4965 1328 5028 si
1349 4986 1403 5029 me

422 5049 478 5117 vel
504 5050 655 5134 episcopi,
683 5050 736 5115 vel
758 5050 898 5134 populus
919 5051 968 5114 ire
989 5072 1105 5132 passus
1127 5050 1218 5129 foret,
1247 5048 1401 5127 dicentes,

423 5155 558 5204 oausam
579 5135 654 5201 fidei
676 5137 712 5201 in
735 5136 871 5202 ecclesia
900 5156 1010 5201 coram
1032 5136 1154 5220 populo
1177 5134 1294 5200 debere
1316 5141 1402 5200 trac-

423 5224 495 5289 tari.
542 5220 719 5287 Contendit
749 5220 881 5305 quidem
914 5221 1119 5304 spiritualem
1152 5241 1305 5301 causam,
1339 5221 1402 5286 hoo

423 5316 480 5390 061,
504 5308 680 5393 religionis,
704 5306 746 5372 ad
768 5307 863 5373 civile
881 5307 990 5372 forum
1011 5329 1079 5373 non
1102 5328 1173 5374 0666
1196 5306 1400 5385 trahendam,

492 5596 521 5658 1)
540 5599 668 5650 Refertur
690 5599 751 5651 libr.
776 5597 799 5650 l.
818 5596 974 5650 Theodorit.
993 5614 1050 5666 cap.
1070 5597 1116 5660 ‘20;
1142 5599 1203 5650 libr.
1221 5597 1247 5651 4.
1267 5598 1399 5652 Theodor.

422 5678 480 5734 060.
499 5664 523 5719 8.
594 5666 624 5734 2)
643 5667 730 5735 Epist.
749 5665 791 5719 32.

1459 1531 1601 1596 hominis
1631 1530 1889 1596 moderationem
1922 1552 1959 1597 66
1987 1531 2196 1614 prudentiam
2225 1555 2298 1597 cum
2332 1536 2439 1599 animi

1457 1617 1685 1701 magnitudine
1712 1617 1899 1700 fiduciaque
1921 1619 2136 1683 coniunctam.
2182 1619 2311 1684 Iustina
2330 1621 2439 1703 impe·

1458 1704 1577 1768 ratoris
1598 1709 1712 1781 mater,
1736 1705 1813 1785 quia
1834 1704 1868 1768 in
1891 1711 2001 1787 partes
2022 1704 2220 1769 Asianorum
2243 1706 2439 1786 pertrahere

1458 1810 1535 1854 eum
1553 1810 1619 1853 non
1636 1797 1773 1870 poterat,
1792 1789 1957 1872 expellere
1975 1791 2015 1854 ab
2034 1789 2188 1855 ecclesiae
2198 1790 2438 1874 gubernatione

1458 1875 1661 1939 moliebatur.
1706 1877 1815 1957 Atque
1836 1875 1868 1939 id
1892 1876 2040 1941 16161661
2063 1884 2142 1954 0161,
2166 1876 2195 1942 61
2216 1878 2252 1940 16
2272 1877 2438 1961 palatium

1459 1959 1500 2025 ad
1519 1981 1652 2025 causam
1669 1959 1840 2026 dicendam
1859 1970 1994 2026 vocatus
2016 1963 2167 2026 venisset.
2203 1963 2313 2046 Neget
2334 1965 2438 2048 igitur

1458 2047 1689 2128 imperatorem
1716 2045 1868 2111 idoneum
1897 2068 1968 2112 esse
1996 2048 2195 2130 cognitorem
2224 2056 2336 2113 tantae
2357 2070 2438 2115 6011-

1458 2133 1644 2197 troversiae.
1694 2131 1743 2212 Id
1767 2132 1855 2215 quod
1888 2140 1921 2197 et
1951 2133 2042 2197 illius
2074 2134 2230 2217 temporis
2256 2136 2438 2201 necessitas

1458 2218 1651 2300 postulabat,
1672 2227 1705 2282 et
1726 2219 1798 2301 ipsa
1820 2219 1920 2283 etiam
1941 2226 2098 2302 perpetua
2119 2222 2167 2284 rei
2188 2227 2315 2285 natura.
2360 2223 2436 2287 Mo-

1458 2303 1612 2368 riendum
1638 2306 1727 2368 enim
1755 2303 1816 2368 sibi
1844 2306 1952 2387 001166
1974 2304 2154 2382 iudicabat,
2182 2327 2280 2388 quam
2304 2315 2344 2371 ut
2368 2309 2437 2372 1616

1459 2390 1646 2472 exemplum
1669 2389 1710 2454 ad
1732 2396 1888 2472 posteros,
1911 2413 1946 2455 60
1968 2391 2200 2470 consentiente,
2230 2394 2436 2459 transmitte·

1458 2484 1562 2554 retur;
1584 2483 1747 2539 ettamen
1775 2476 1802 2538 61
1829 2477 1880 2540 vis
1909 2477 2080 2554 afferatur,
2104 2475 2144 2540 de
2165 2478 2345 2543 resistendo
2367 2502 2436 2544 non
2530 2534 2535 2549 .

1459 2562 1589 2644 cogitat.
1641 2562 1750 2645 Negat
1779 2563 1866 2625 enim
1893 2562 1928 2626 id
1951 2562 2134 2645 episcopale
2161 2584 2245 2640 0666,
2275 2563 2374 2628 fidem
2402 2575 2437 2629 et

1459 2647 1612 2712 ecclesiae
1634 2648 1686 2710 ius
1708 2647 1809 2711 armis
1838 2649 1934 2712 tueri.
1979 2647 2155 2713 Caeterum
2174 2649 2211 2712 in
2233 2650 2306 2714 aliis
2329 2653 2437 2718 666616

1459 2731 1588 2815 quidvis
1621 2755 1655 2798 se
1687 2734 1794 2798 facere
1826 2740 1980 2814 paratum
2011 2733 2156 2798 ostendit
2186 2735 2272 2817 quod
2302 2738 2438 2801 iusserit

1458 2819 1645 2900 imperator.
1685 2816 1723 2883 si
1746 2819 1907 2883 tributum
1925 2820 2016 2901 petit,
2035 2842 2101 2883 non
2122 2841 2290 2903 negamus,
2313 2824 2435 2904 inquit:

1460 2904 1531 2987 agri
1564 2904 1718 2969 ecclesiae
1750 2905 1910 2970 tributum
1945 2906 2084 2970 solvunt.
2141 2903 2180 2970 Si
2212 2928 2307 2989 agrm
2340 2910 2435 2989 petit,

1459 2996 1653 3071 potestatem
1683 2989 1783 3055 habet
1804 2989 2010 3055 vendicandi:
2034 3012 2132 3055 nemo
2156 3000 2303 3056 nostrum
2330 2994 2436 3057 inter-

1459 3075 1558 3141 venit.
1595 3076 1637 3138 In
1655 3097 1731 3140 eum
1747 3076 1881 3140 modum
1899 3076 2045 3159 loquitur
2062 3086 2095 3141 ct
2114 3078 2301 3160 Gregorius.
2312 3079 2341 3161 ²)
2370 3077 2436 3143 Se-

1458 3164 1771 3243 renrss1m1,mquit‚
1794 3160 1917 3226 domini
1940 3164 2087 3227 animum
2114 3185 2181 3228 non
2202 3165 2324 3247 ignoro,
2347 3166 2437 3247 quod

1459 3269 1494 3312 se
1518 3247 1554 3310 in
1581 3249 1689 3313 666616
1718 3247 1971 3333 sacerdotalibus
2000 3249 2136 3314 miscere
2163 3272 2229 3314 non
2252 3250 2368 3314 soleat:
2392 3272 2438 3314 ne

1459 3334 1580 3398 nostris
1612 3335 1647 3397 in
1674 3334 1781 3417 aliquo
1807 3335 1949 3417 peccatis
1976 3344 2141 3417 gravetur.
2192 3336 2270 3400 Non
2298 3357 2437 3419 genera-

1458 3419 1534 3483 liter
1552 3440 1571 3483 6
1589 3419 1809 3485 sacerdotibus
1826 3418 2009 3486 iudicandis
2027 3419 2172 3485 excludit
2188 3422 2437 3505 imperatorem}
2498 3479 2501 3490 .

1459 3505 1517 3574 601
1538 3513 1645 3570 certas
1667 3526 1781 3571 causas
1804 3527 1874 3571 esse
1895 3505 1981 3583 dicit,
2005 3529 2085 3589 quas
2107 3507 2324 3573 ecclesiastico
2346 3507 2436 3572 indi-

1459 3592 1508 3656 cio
1529 3591 1714 3673 relinquere
1736 3589 1860 3657 debeat.

1549 3681 1595 3741 16.
1636 3678 1745 3759 Atque
1763 3677 1843 3743 adeo
1859 3678 1923 3743 hac
1939 3678 2011 3761 ipsa
2028 3679 2218 3761 exceptione
2236 3680 2321 3743 nihil
2344 3678 2438 3743 aliud

1458 3762 1670 3846 quaesierunt
1703 3764 1808 3829 sancti
1835 3764 1912 3842 viri,
1947 3785 2045 3845 quam
2066 3785 2108 3827 ne
2136 3765 2299 3847 principes
2325 3766 2437 3831 minus

1458 3847 1604 3931 religiosi
1625 3850 1798 3932 tyrannica
1820 3849 1977 3915 violentia
1998 3857 2031 3912 et
2051 3849 2186 3915 libidine
2209 3851 2381 3916 ecclesiam
2399 3851 2437 3914 in

1458 3955 1517 3998 suo
1551 3955 1688 3998 munere
1720 3935 1906 4020 peragendo
1944 3934 2150 4018 impedirent.
2201 3937 2316 4019 Neque
2346 3938 2437 4001 enim

1457 4019 1686 4102 improbabant
1713 4021 1742 4085 si
1769 4021 1899 4104 quando
1927 4042 2020 4087 suam
2052 4023 2262 4088 autoritatem
2289 4024 2437 4106 interpo-

1458 4112 1576 4171 nerent
1601 4106 1766 4189 principes
1788 4109 1824 4171 in
1852 4109 1949 4173 rebus
1976 4108 2216 4187 ecclesiasticis,
2239 4108 2337 4172 modo
2359 4131 2437 4174 con-

1456 4191 1620 4256 servando
1642 4192 1796 4258 ecelesiae
1814 4194 1931 4272 ordini,
1954 4215 2020 4258 non
2038 4195 2209 4275 turbando,
2228 4194 2438 4276 disciplinae-

1458 4298 1520 4360 que
1543 4276 1763 4357 stabiliendae,
1787 4300 1854 4344 non
1875 4279 2110 4359 dissolvendae,
2134 4280 2195 4346 hoo
2216 4283 2317 4345 fieret.
2345 4281 2439 4344 Nam

1457 4383 1560 4446 quum
1582 4364 1720 4429 ecclesia
1741 4366 1879 4449 cogendi
1900 4387 1967 4430 non
1993 4365 2112 4431 habeat
2133 4375 2340 4448 potestatem,
2374 4387 2436 4430 ne-

1457 4470 1520 4533 que
1550 4458 1704 4532 expetere
1727 4450 1845 4516 debeat
1874 4451 1930 4538 (de
1956 4451 2046 4516 civili
2068 4453 2262 4517 coercitione
2292 4451 2435 4534 loquor),

1456 4535 1587 4618 piorum
1613 4556 1731 4620 regum
1764 4559 1801 4603 ac
1829 4539 2013 4621 principum
2034 4547 2144 4620 partes
2172 4545 2265 4613 sunt,
2294 4536 2435 4620 legibus,

1456 4621 1587 4701 edictis,
1619 4622 1748 4688 indiciis
1769 4623 1963 4707 religionem
1985 4623 2155 4687 sustinere.
2200 4621 2273 4686 Hac
2296 4623 2434 4701 ratione,

1456 4728 1556 4789 quum
1600 4707 1778 4773 Mauritius
1821 4710 2000 4792 imperator
2041 4707 2199 4789 episcopis
2237 4708 2436 4790 quibusdam

1456 4792 1645 4858 mandasset
1673 4801 1711 4858 ut
1739 4794 1861 4859 vicinos
1891 4794 2031 4876 collegas
2064 4814 2083 4856 6
2112 4792 2258 4858 barbaris
2279 4794 2436 4875 expulsos

1457 4878 1674 4961 susciperent,
1706 4899 1779 4943 eam
1806 4880 1985 4944 iussionem
2009 4881 2181 4944 confirmat
2203 4879 2393 4964 Gregorius,
2403 4881 2435 4962 ⁸)

1457 4963 1671 5045 hortaturque
1692 4964 1781 5047 ipsos
1803 4972 1842 5028 ut
1863 4971 2008 5047 pareant.
2054 4965 2131 5048 Ipse
2153 4986 2231 5031 vero
2255 4967 2295 5030 ab
2318 4965 2435 5030 eodem

1456 5048 1642 5123 admonitus
1663 5055 1702 5113 61
1730 5072 1805 5116 6661
1832 5052 1957 5116 Ioanne
1985 5051 2134 5136 601600οο
2167 5051 2434 5133 0016166116000-

1454 5134 1557 5198 111660
1575 5132 1699 5200 rediret
1716 5137 1752 5200 in
1770 5138 1921 5222 gratiam,
1944 5139 2105 5203 rationem
2123 5136 2254 5221 quidem
2275 5137 2392 5214 reddit,
2401 5137 2433 5220 ⁴)

1455 5240 1514 5285 cur
1540 5240 1607 5285 non
1635 5219 1752 5288 debeat
1774 5223 1901 5309 culpari
1908 5247 1916 5304 ;
1945 5246 2012 5289 non
2039 5231 2151 5290 tamon
2173 5225 2234 5289 fori
2255 5223 2433 5288 saecularis

1523 5528 1552 5594 1)
1572 5530 1672 5584 Homil.
1692 5532 1726 5584 ds
1749 5531 1851 5585 basilio.
1871 5531 2019 5584 tradendis.
2088 5530 2119 5598 2)
2142 5531 2216 5583 Libr.
2240 5530 2264 5582 3.
2289 5531 2367 5600 epist.
2386 5527 2430 5583 20.

1452 5596 1620 5736 ἓὲίεἷὲὼέὀῙ
1641 5601 1720 5669 epist.
1739 5598 1782 5652 43.
1854 5600 1885 5667 4)
1903 5600 1978 5653 Libr.
2001 5598 2025 5652 1
2044 5601 2123 5669 00161.
2146 5597 2291 5660 320134ς
2310 5600 2385 5652 Libr.
2405 5598 2431 5653 7.
