5600 6809
362 802 424 863 849
693 791 784 861 LIB.
808 795 869 862 IV.
914 797 978 862 Da
999 795 1234 864 exeamus
1256 795 1424 864 MEDIIS
1446 799 1511 864 AD
1534 797 1765 866 SALUTEM.
1810 799 1911 867 OAP.
1933 802 2030 866 VIII.
2306 811 2371 871 aab

363 995 445 1065 sent,
468 986 531 1050 nisi
555 986 688 1052 docente
714 1006 752 1051 eo
774 987 827 1050 cui
850 986 909 1050 soli
935 994 1050 1068 patent
1071 1006 1191 1051 arcana
1213 984 1337 1069 patris?
1389 986 1458 1051 illis
1488 992 1723 1052 matema.
1779 989 1883 1070 Atque
1921 989 1994 1054 baec
2027 992 2108 1055 ratio
2140 997 2184 1056 est
2215 1012 2272 1059 car
2303 1001 2370 1058 tam

361 1073 472 1136 Deum
493 1072 596 1154 igitur
616 1094 682 1137 non
704 1072 800 1136 aliter
820 1081 1042 1154 cognoverunt
1063 1071 1140 1136 olim
1158 1073 1262 1138 saneti
1281 1074 1339 1137 ho·
1390 1072 1556 1155 mapaifice
1576 1073 1735 1153 praedicet
1763 1073 1874 1139 David
1901 1075 1979 1158 lepis
2011 1077 2235 1156 exaraveram,
2269 1085 2374 1160 totquc

362 1157 476 1236 mines,
501 1179 600 1239 quam
621 1158 731 1240 ipsum
752 1158 789 1221 in
811 1157 879 1221 filio
902 1157 993 1222 velut
1013 1159 1049 1220 in
1067 1156 1197 1239 speculo
1217 1158 1337 1223 intuiti
1391 1159 1460 1222 eius
1486 1160 1624 1224 maeonia
1651 1164 1818 1224 recenseat:
1849 1182 1886 1224 ae
1911 1160 2026 1226 scilibet
2054 1160 2168 1227 Iudaei
2196 1165 2369 1245 quidquam

227 1251 231 1260 '
361 1243 435 1308 Hoc
458 1264 565 1325 quum.
581 1241 661 1320 dico,
679 1242 827 1326 intelligo
843 1244 954 1307 Deum
972 1263 1041 1306 uon
1059 1242 1124 1306 aba
1141 1265 1176 1308 se
1193 1264 1339 1327 unquam
1391 1248 1565 1323 appeterent
1586 1249 1776 1324 eatraaeam,
1800 1266 1898 1326 qaam
1919 1251 1980 1311 tota
1996 1247 2144 1327 perfectio
2162 1249 2228 1314 illic
2244 1250 2368 1315 inclusa

361 1328 487 1393 ratione
504 1329 730 1394 manifestasse
748 1329 935 1394 hominibus
953 1349 1051 1411 quam
1067 1350 1127 1410 per
1144 1329 1258 1409 filium,
1277 1330 1339 1396 hoc
1390 1335 1474 1394 esset.

342 1423 413 1479 ¹est
445 1415 576 1480 unicam
602 1436 695 1480 suam
724 1416 935 1497 sapientiam,
963 1414 1070 1480 lucem
1097 1435 1140 1478 ac
1156 1415 1336 1481 veritatem.
1479 1420 1505 1478 7.
1551 1415 1678 1479 Verum
1696 1416 1753 1481 ubi
1770 1414 1903 1480 demum
1921 1418 1954 1481 in
1975 1438 2073 1482 carne
2091 1420 2298 1485 manifestata
2319 1428 2371 1487 est

362 1501 416 1565 Ex
428 1500 590 1566 hocfonte
601 1501 782 1565 hauserunt
800 1500 918 1578 Adam,
936 1501 1017 1578 Noe,
1035 1500 1216 1578 Abraham,
1234 1502 1336 1580 Isaac,
1390 1501 1454 1565 Dei
1486 1501 1660 1583 sapientia,
1694 1501 1854 1584 quidquid
1887 1502 2034 1567 humana
2065 1504 2241 1569 mentedo
2274 1515 2369 1589 patre

362 1585 460 1651 Iacob
482 1596 514 1651 et
536 1586 591 1650 alii
614 1585 770 1669 quidquid
788 1587 975 1651 habuerunt
995 1585 1141 1651 coelestis
1159 1586 1336 1653 doetrinae.
1390 1586 1521 1651 coelesti
1543 1586 1775 1669 comprehendi
1797 1596 1905 1670 potest
1927 1595 1960 1652 et
1982 1590 2119 1671 cogitari
2141 1589 2248 1669 debet,
2272 1592 2370 1675 pleno

361 1672 416 1737 Ex
439 1672 552 1736 eodem
573 1672 751 1755 prophetae
772 1693 885 1737 omnes
911 1672 1094 1737 hauserunt
1115 1678 1149 1736 et
1174 1673 1237 1754 ipsi
1259 1695 1338 1756 quo·
1391 1692 1447 1735 ore
1474 1672 1568 1736 nobis
1595 1671 1775 1737 edisseruit.
1825 1673 1935 1759 Nune
1955 1675 2078 1755 itaque,
2106 1696 2233 1757 exque
2260 1677 2371 1742 illuxit

361 1779 424 1841 que
436 1757 593 1840 quidquid
605 1758 792 1823 coelestium
803 1759 1010 1823 oraculorum
1022 1756 1204 1821 ediderunt.
1222 1759 1338 1823 Enim-
1391 1758 1441 1821 sol
1467 1757 1610 1821 iustitiae
1636 1757 1803 1836 Christus,
1837 1760 2018 1842 perfeetum
2050 1759 2210 1825 habemus
2238 1760 2369 1828 divinae

361 1865 440 1909 vero
470 1844 550 1908 haee
578 1845 737 1927 sapientia
765 1864 832 1908 non
856 1865 921 1908 uno
948 1843 1046 1907 modo
1075 1864 1204 1927 semper
1225 1866 1260 1909 se
1282 1866 1338 1909 ex·
1391 1843 1541 1908 veritatis
1570 1844 1747 1927 fulgorem,
1783 1845 1888 1927 qualis
1915 1846 1951 1910 in
1977 1845 2113 1910 meridie
2139 1845 2272 1911 claritas
2299 1870 2370 1913 esse

362 1931 473 1994 seruit.
517 1928 617 2012 Apud
639 1930 843 2012 patriarchas
865 1930 993 1994 arcanis
1015 1929 1268 1994 revelationibus
1289 1938 1340 1995 est
1390 1929 1483 2006 solet,
1506 1950 1607 2010 quum
1629 1936 1706 1994 ante
1735 1929 1932 1996 subobscura
1953 1931 2013 1994 lux
2034 1931 2141 1995 fuerit
2185 1932 2261 1996 Non
2282 1935 2369 1997 enim

362 2037 441 2080 usus
448 2039 456 2094 ;
479 2013 536 2080 sed
558 2015 655 2079 simul
677 2015 791 2079 adeas
809 2014 1047 2080 confirmandas
1066 2016 1224 2080 eiusmodi
1244 2017 1339 2100 signa
1390 2015 1535 2097 profecto
1557 2015 1694 2098 vulgare
1717 2015 1839 2097 aliquid
1869 2015 2057 2098 praedicare
2078 2017 2182 2081 voluit
2205 2019 2370 2100 apostolus

361 2100 521 2177 adhibuit,
543 2108 581 2164 ut
601 2102 736 2165 minime
759 2100 895 2165 dubium
916 2100 982 2164 illis
1002 2122 1072 2165 esse
1089 2109 1206 2182 posset,
1230 2102 1356 2166 Deum·
1391 2100 1508 2185 (Hebr.
1531 2104 1558 2178 l,
1581 2102 1628 2183 1),
1651 2122 1753 2183 quum
1771 2102 2039 2185 scripsitsDeum
2056 2102 2134 2167 olim
2157 2102 2370 2168 multifariam

362 2207 433 2251 esse
460 2188 516 2268 qui
537 2186 745 2268 ,loquebatur
790 2187 1005 2251 Patriarchae
1029 2186 1115 2268 quod
1137 2194 1337 2271 acceperant,
1392 2186 1566 2268 multisque
1599 2185 1704 2251 modis
1736 2187 1886 2269 patribus
1918 2188 2090 2269 loquutum
2117 2210 2188 2253 esse
2208 2210 2269 2270 per
2297 2212 2372 2273 pro-

362 2272 403 2336 ad
425 2278 572 2354 posteros
592 2292 652 2354 per
672 2293 791 2336 manus
813 2273 1081 2351 transmieenmt3
1104 2293 1142 2336 ea
1160 2274 1248 2338 enim
1266 2274 1339 2356 lege
1391 2272 1523 2354 phetas,
1555 2280 1591 2336 at
1616 2273 1774 2337 extremis
1800 2273 1851 2338 his
1874 2272 1989 2338 diebus
2010 2275 2105 2339 uobis
2131 2296 2190 2356 per
2217 2274 2372 2340 dilectum

364 2356 450 2439 apud
477 2359 565 2439 ipsos
594 2357 788 2441 deposuerat
815 2359 924 2437 Deus,
959 2366 997 2422 ut
1028 2359 1075 2422 ita
1106 2366 1335 2441 propagarent.
1391 2357 1498 2422 filium
1525 2356 1615 2439 loqui
1642 2360 1794 2440 coepisse.
1846 2356 2020 2442 Significat
2042 2360 2146 2436 enim,
2169 2362 2236 2424 imo
2259 2370 2371 2444 aperte

362 2442 441 2506 Filii
468 2463 546 2508 vero
569 2463 607 2507 ac
627 2451 775 2526 nepotes,
799 2442 871 2508 Deo
892 2445 982 2507 intus
1005 2444 1161 2522 dictante,
1194 2443 1339 2509 sciebant
1392 2443 1552 2520 declarat,
1586 2443 1696 2507 Deum
1723 2465 1790 2508 non
1822 2446 1975 2527 posthae,
1999 2454 2171 2522 mantea,
2206 2467 2264 2528 per
2290 2447 2371 2512 alios
2486 2448 2489 2451 ’

363 2528 493 2593 οοοοΙο
516 2550 595 2605 esse,
616 2550 683 2593 non
706 2551 747 2594 ex
768 2537 866 2608 terra,
888 2529 974 2612 quod
996 2529 1182 2594 audiebant.
1392 2527 1529 2599 subinde
1552 2535 1649 2610 atque
1671 2529 1753 2594 alios
1775 2528 1995 2612 loquuturum,
2018 2552 2079 2595 nec
2100 2532 2289 2615 prophetias
2311 2532 2369 2596 ad·

449 2618 477 2677 6.
522 2614 588 2680 Ubi
615 2623 725 2679 autem
747 2614 819 2679 Deo
847 2617 955 2679 visum
976 2625 1026 2679 est
1053 2615 1263 2680 illustriorem
1286 2637 1338 2681 ee-
1392 2614 1539 2678 diturum
1560 2614 1756 2696 prophetiis,
1780 2624 1839 2679 aut
1860 2616 2076 2681 revelationes
2097 2617 2368 2695 revelationibus;

362 2700 478 2764 elesiae
516 2701 655 2764 formam
686 2701 843 2778 excitare,
883 2701 1022 2767 verbum
1060 2723 1157 2766 suum
1189 2701 1339 2766 mandari
1392 2699 1449 2765 sed
1477 2699 1524 2764 sio
1551 2720 1665 2763 omnes
1693 2700 1829 2765 docendi
1857 2709 1967 2783 partes
1994 2703 2030 2765 in
2056 2703 2122 2767 filio
2145 2703 2369 2785 complevisse,

363 2787 483 2868 scripto
506 2806 543 2851 ac
566 2787 753 2869 consignari
773 2785 886 2863 voluit,
909 2794 947 2850 ut
968 2781 1044 2850 iu'de
1065 2795 1338 2868 peterentsaeer·
1391 2792 1429 2849 ut
1462 2785 1521 2849 hoe
1550 2784 1704 2848 ultimum
1733 2792 1966 2869 aeternumque
1995 2787 2036 2850 ab
2058 2809 2096 2851 eo
2119 2787 2306 2853 habendum
2328 2791 2371 2853 sit

363 2871 454 2937 dotes
475 2871 562 2953 quod
588 2872 708 2954 populo
736 2871 918 2949 traderent,
947 2878 1048 2953 utque
1076 2873 1118 2937 ad
1140 2893 1212 2937 eam
1240 2894 1338 2958 regu-
1378 2871 1624 2936 testimouium.
1675 2869 1752 2951 Qua
1782 2872 1910 2936 ratione
1943 2881 2047 2936 totum
2075 2873 2138 2938 hoc
2165 2875 2241 2939 novi
2270 2882 2368 2939 testa

362 2956 429 3020 lam
451 2959 557 3020 omnis
578 2978 661 3039 quae
678 2957 863 3022 traderetur
880 2957 1026 3023 doctrina
1043 2959 1238 3042 exigeretur.
1270 2959 1339 3023 Ita-
1390 2958 1494 3021 menti
1517 2965 1654 3039 tempus,
1683 2978 1809 3039 exque
1836 2979 1911 3023 cum
1933 2958 2097 3040 evangelii
2124 2960 2177 3021 sui
2202 2960 2370 3040 praediea·

363 3063 425 3124 que
443 3051 518 3124 post
534 3043 616 3126 legis
633 3043 930 3126 promulgationem
948 3064 1049 3125 quum
1066 3044 1340 3114 iubentursacer-
1390 3044 1480 3107 tione
1500 3042 1594 3108 nobis
1616 3044 1767 3126 apparuit
1788 3041 1942 3108 Christus
1960 3043 2002 3121 ad
2024 3042 2112 3106 diem
2129 3065 2231 3126 usque
2248 3044 2368 3123 iudicii,

362 3127 453 3193 dotes
481 3128 595 3193 docere
628 3150 670 3192 ex
697 3150 752 3193 ore
780 3128 928 3207 Domini,
956 3150 1071 3193 sensus
1098 3138 1162 3209 est,
1190 3153 1231 3195 ne
1260 3131 1352 3214 quid*
1391 3150 1450 3211 per
1472 3129 1588 3193 horam
1609 3129 1830 3207 novissimam,
1854 3128 2034 3194 novissima
2054 3137 2210 3211 tempora,
2231 3130 2369 3203 novissi,-

362 3222 556 3278 extraneum
579 3221 636 3278 aut
657 3214 802 3278 alienum
824 3216 863 3280 ab
885 3237 923 3279 eo
946 3215 1111 3279 doetrinae
1141 3236 1261 3298 genere
1283 3216 1339 3281 do·
1391 3236 1462 3279 mos
1484 3214 1554 3279 dies
1576 3213 1782 3297 designatur:
1815 3235 1878 3297 qno
1908 3215 2031 3280 scilicet
2055 3214 2222 3279 doctrinae
2243 3213 2369 3279 Christi

361 3309 467 3376 ceant,
491 3298 576 3381 quod
598 3300 691 3364 Deus
722 3300 757 3362 in
783 3300 856 3383 lege
883 3300 1189 3383 comprehenderat3
1220 3301 1339 3367 addere
1391 3301 1588 3382 perfectione
1614 3301 1760 3366 contenti
1787 3299 1950 3367 &mamus
1977 3300 2103 3365 nullam
2128 3299 2217 3364 ultra
2249 3321 2370 3364 novam
2423 3331 2430 3343 ·

362 3405 440 3449 vero
463 3405 500 3450 ac
528 3385 674 3449 minuere
697 3386 788 3450 nefas
815 3386 881 3450 illis
909 3387 977 3451 fuit.
1023 3385 1163 3468 Sequuti
1184 3396 1262 3451 sunt
1283 3388 1339 3453 de·
1391 3393 1449 3450 aut
1469 3385 1563 3451 nobis
1584 3387 1723 3469 fingere,
1753 3396 1810 3451 aut
1833 3386 1874 3452 ab
1896 3386 1970 3452 aliis
1991 3387 2164 3452 confictam
2188 3384 2368 3450 admittere.

361 3469 438 3534 inde
461 3469 639 3552 prophetae
655 3491 715 3553 per
733 3492 813 3553 quos
833 3493 918 3536 nova
935 3471 1065 3554 quidem
1083 3473 1214 3537 oracula
1231 3472 1339 3555 publi-¹
1390 3472 1507 3554 Itaque
1528 3493 1595 3537 non
1618 3479 1740 3537 temere
1758 3471 1863 3537 filium
1881 3473 2042 3556 singulari
2059 3471 2289 3556 praerogativa
2310 3490 2370 3535 no-

361 3558 448 3621 cavit
469 3557 561 3620 Deus
582 3576 665 3638 quae
686 3555 728 3621 ad
756 3557 863 3640 legem
885 3557 1099 3623 adderentur:
1131 3580 1197 3623 non
1219 3559 1266 3624 sic
1288 3567 1338 3624 ta
1391 3557 1442 3622 bis
1463 3557 1628 3623 doctorem
1650 3565 1744 3641 pater
1765 3558 1941 3623 ordinatit:
1969 3560 2088 3641 ipsum,
2111 3580 2176 3622 non
2199 3556 2369 3621 hominum

361 3663 439 3705 men
461 3643 648 3723 novaquin
673 3642 808 3726 exlege
831 3651 1018 3722 manarent,
1047 3650 1081 3709 et
1101 3645 1137 3708 in
1158 3645 1265 3727 ipsam
1287 3667 1338 3710 re-
1391 3644 1586 3726 quempiam,
1609 3644 1814 3727 praecipiens
1843 3643 1957 3708 audiri.
2002 3645 2121 3709 Paucis
2143 3643 2276 3726 quidem
2295 3663 2370 3709 ver·

361 3729 530 3809 spicerent.
575 3726 746 3808 Quantum
767 3730 854 3793 enim
876 3730 917 3794 ad
940 3730 1129 3809 doctrinam,
1151 3730 1234 3814 legis
1256 3729 1339 3796 dun·
1391 3730 1442 3794 bis
1464 3732 1533 3795 eius
1555 3728 1648 3794 nobis
1669 3729 1897 3813 magisterium
1918 3730 2174 3808 commendavit,
2197 3749 2298 3810 quum
2321 3727 2369 3791 di-

360 3822 455 3877 taxat
475 3815 669 3911 interpretes
691 3815 839 3894 fuerunt;
860 3837 921 3881 neo
943 3816 1067 3899 aliquid
1089 3816 1130 3881 ad
1152 3838 1225 3881 eam
1247 3816 1338 3882 addi-
1391 3817 1448 3881 cit:
1478 3816 1587 3898 ipsum
1615 3813 1740 3893 audite;
1774 3815 1832 3880 sed
1858 3814 1976 3897 quibus
2001 3817 2088 3880 inest
2114 3815 2188 3897 plus
2215 3811 2370 3895 quiddam

360 3898 481 3964 derunt
502 3900 567 3964 nisi
589 3900 745 3965 vaticinia
766 3900 806 3965 de
828 3901 927 3966 rebus
945 3903 1072 3967 fertura.
1100 3903 1164 3966 His
1184 3904 1337 3986 exeeptis,
1391 3900 1546 3985 ponderis
1567 3923 1605 3966 ac
1627 3901 1778 3983 energiae
1799 3919 1898 3982 quam
1920 3901 2020 3984 vulgo
2042 3901 2255 3965 existimetur.
2288 3898 2371 3963 Per-

360 3986 443 4049 nihil
470 3985 557 4049 aliud
583 3985 796 4067 prodiderunt
822 4008 921 4068 qnam
950 4009 1066 4070 puram
1093 3988 1176 4072 legis
1198 3988 1338 4070 explica
1390 3985 1467 4051 iude
1489 3988 1577 4051 enim
1599 3997 1649 4051 est
1671 4005 1709 4050 ae
1730 3986 1759 4049 si
1783 3985 1824 4050 ab
1845 3985 1997 4051 omnibus
2021 3986 2192 4050 hominnm
2213 3983 2371 4049 dochinis
2441 4061 2452 4072 ‚

361 4071 493 4135 tionem.
538 4071 664 4135 Verum
686 4073 762 4152 quia
783 4070 927 4136 Domino
956 4074 1106 4155 placebat
1126 4073 1339 4139 illustriorem
1391 4071 1563 4150 abductos,
1586 4072 1663 4136 huic
1684 4072 1744 4135 uni
1764 4093 1825 4136 nos
1846 4072 1991 4149 sisteret,
2014 4071 2055 4136 ab
2077 4092 2142 4135 uno
2163 4091 2295 4134 omnem
2317 4090 2370 4135 sa·

238 4200 242 4206 .
362 4167 492 4221 exstare
521 4155 702 4220 doctrinam
724 4167 758 4221 et
785 4158 991 4240 ampliorem,
1022 4181 1084 4241 quo
1107 4158 1225 4223 melius
1246 4160 1338 4223 infir·
1391 4158 1471 4223 lutis
1493 4157 1676 4222 doctrinam
1698 4165 1810 4241 petere
1831 4156 1973 4236 iuberet,
2002 4157 2044 4221 ab
2064 4178 2132 4220 uno
2154 4154 2309 4239 pendere,
2333 4156 2370 4217 in

361 4242 424 4308 mis
447 4241 652 4307 conscientiis
675 4243 857 4320 satisfieret,
880 4243 1068 4326 prophetias
1089 4265 1215 4327 quoque
1237 4247 1338 4327 scrip-
1391 4266 1457 4308 uno
1489 4244 1640 4321 haerere,
1674 4242 1814 4326 denique
1846 4242 1948 4328 (quod
1980 4243 2080 4308 verba
2104 4238 2237 4322 sonant)
2270 4240 2369 4304 unius

362 4329 403 4392 tis
426 4327 574 4392 mandari
602 4329 780 4410 praecepit,
810 4340 844 4392 et
870 4329 985 4393 haberi
1008 4329 1099 4394 verbi
1128 4331 1179 4394 sui
1200 4339 1336 4411 partem.
1390 4330 1464 4395 voci
1486 4329 1678 4395 auscultare.
1723 4329 1770 4394 Et
1798 4348 1877 4393 sane
1898 4328 1977 4411 quid
2004 4329 2069 4392 iam
2093 4327 2133 4391 ab
2155 4324 2287 4420 homine
2311 4331 2369 4388 aut

362 4413 426 4478 His
448 4414 545 4495 simul
571 4422 777 4479 accesserunt
799 4415 968 4489 historiae,
992 4435 1074 4497 quae
1096 4423 1130 4480 et
1150 4415 1240 4498 ipsae
1264 4437 1338 4498 pro-
1392 4416 1575 4498 exspectari
1608 4422 1666 4480 aut
1695 4415 1805 4498 expeti
1834 4413 1963 4491 debeat,
1998 4412 2054 4476 ubi
2087 4409 2224 4475 verbum
2257 4429 2368 4490 1psum

363 4498 537 4579 phetarum
565 4507 644 4564 sunt
676 4499 932 4578 lucubrationes,
963 4501 1020 4565 sed
1048 4500 1190 4566 dictante
1220 4503 1338 4584 spiritu
1390 4503 1479 4568 vitae
1517 4501 1723 4567 familiariter
1760 4522 1796 4565 se
1835 4499 1928 4565 nobis
1960 4519 1997 4563 ac
2028 4517 2137 4562 coram
2168 4492 2366 4575 explicavit?

363 4592 474 4646 saneto
503 4587 707 4668 compositae.
756 4586 907 4651 Psalmos
933 4587 1116 4670 prophetiis
1150 4585 1337 4666 adnumero,
1392 4585 1482 4667 Quin
1511 4588 1657 4652 omnium
1686 4587 1859 4651 hominum
1886 4605 1944 4649 ora
1975 4583 2087 4648 clausa
2113 4601 2182 4645 esse
2205 4578 2366 4675 convenit,

363 4667 493 4750 quando
517 4669 568 4734 his
590 4693 761 4736 commune
783 4681 833 4737 est
855 4671 940 4754 quod
961 4672 1027 4736 illis
1049 4674 1234 4738 tribuimus.
1275 4674 1339 4738 Το-
1391 4679 1563 4756 postquam
1590 4673 1691 4738 semel
1718 4673 1875 4755 loquutus
1902 4677 1951 4734 est
1984 4667 2040 4731 ille
2066 4668 2101 4730 in
2127 4686 2190 4747 quo
2218 4663 2368 4730 coelestis

364 4763 436 4816 tum
464 4774 542 4837 ergo
564 4755 646 4821 illud
668 4777 786 4842 corpus
809 4780 850 4823 ex
872 4757 959 4843 lege,
984 4759 1180 4842 prophetiis,
1204 4759 1339 4842 psalmis
1391 4765 1485 4841 pater
1506 4779 1620 4823 omnes
1640 4758 1795 4824 scientiae
1821 4764 1854 4820 et
1874 4754 2052 4836 sapientiae
2074 4752 2244 4815 thesauros
2264 4747 2369 4814 voluit

364 4850 396 4903 et
419 4838 563 4902 historiis
590 4856 792 4924 compactum
820 4843 956 4909 verbum
981 4844 1118 4921 Domini
1145 4847 1207 4911 fuit
1234 4846 1338 4911 veteri
1391 4865 1462 4909 esse
1490 4844 1708 4921 absconditos,
1737 4851 1771 4908 et
1797 4837 1995 4921 sicquidem
2021 4837 2176 4919 loquutus
2199 4842 2250 4900 est
2276 4840 2369 4900 utet

363 4924 491 5007 POPUIQ
514 4923 555 4988 ed
578 4927 669 4989 euius
691 4929 839 5011 regulam
860 4932 1043 4997 sacerdotes
1065 4940 1098 4997 et
1114 4931 1262 4998 doctores
1284 4954 1338 4997 us·
1391 4931 1454 4996 Dei
1478 4931 1671 5014 sapientiam
1700 4931 1799 5012 (quae
1820 4925 1913 4991 nulla
1933 4925 1968 4987 in
1998 4930 2090 5005 parte
2116 4921 2226 4986 hiulca
2247 4920 2312 5004 est)
2335 4928 2369 4984 et

364 5032 427 5092 que
449 5008 491 5072 ad
512 5008 637 5074 Christi
659 5011 852 5093 adventum,
881 5038 975 5082 suam
1004 5018 1187 5083 doctrinam
1208 5018 1338 5102 exigere
1391 5017 1549 5082 Messiam
1577 5016 1611 5099 (a
1632 5036 1694 5098 quo
1717 5014 1862 5078 omnium
1891 5008 2048 5074 revelatio
2070 5007 2277 5091 sperabatur)
2311 5005 2368 5071 de-

364 5096 561 5173 debuerunt;
588 5116 648 5160 nec
674 5097 724 5159 fas
752 5097 817 5161 illis
843 5102 906 5164 fuit
932 5102 985 5168 vel
1007 5103 1049 5167 ad
1072 5104 1256 5182 dexteram,
1285 5102 1339 5168 vel
1391 5100 1500 5181 eebat,
1528 5103 1590 5167 hoc
1612 5108 1676 5178 est,
1706 5107 1745 5162 ut
1766 5104 1839 5180 post
1860 5117 1895 5160 se
1916 5095 2001 5159 nihil
2023 5094 2096 5159 aliis
2118 5092 2293 5158 dicendum
2315 5113 2368 5156 re-

363 5181 407 5247 ad
429 5182 596 5246 sinistram
618 5181 788 5246 deflectere
795 5205 803 5258 ;
827 5186 903 5264 quia
925 5195 1030 5249 totum
1051 5189 1197 5270 ipsorum
1217 5211 1338 5254 munus
1390 5188 1532 5271 liquerit.
2313 5262 2319 5273 ι
2436 5202 2439 5205 ·

364 5269 416 5332 his
437 5266 556 5332 finibus
576 5266 740 5332 inclusum
762 5275 842 5345 erat,
864 5278 903 5331 ut
924 5289 966 5333 ex
988 5291 1043 5334 ore
1061 5272 1126 5336 Dei
1146 5274 1265 5356 populo
1288 5297 1338 5339 re-
1478 5279 1506 5338 8.
1550 5273 1633 5337 Esto
1660 5270 1761 5351 igitur
1782 5269 1844 5333 hoo
1864 5268 1998 5332 firmum
2019 5267 2165 5342 axioma,
2189 5285 2255 5328 non
2277 5260 2368 5359 ahud

364 5353 568 5437 sponderent
616 5353 715 5442 aaa„
729 5371 769 5417 ex
794 5353 914 5435 insipat
941 5355 1003 5419 leco
1031 5354 1210 5423 Malachiae
1238 5360 1283 5441 (4,
1302 5359 1338 5441 4)
1391 5359 1580 5425 habendum
1608 5376 1678 5420 esse
1710 5354 1775 5419 Dei
1801 5352 1939 5419 verbum
1967 5352 2019 5416 cui
2047 5351 2143 5416 detur
2169 5351 2204 5412 in
2233 5346 2368 5444 ecclesa

364 5440 533 5522 wiladus,
563 5438 619 5502 abi
650 5437 733 5503 iubet
758 5457 906 5503 maneres
938 5459 1003 5504 esse
1035 5441 1111 5524 lepis
1140 5448 1167 5506 et
1194 5443 1238 5506 ad
1269 5464 1339 5507 cam
1390 5446 1489 5522 loeus,
1512 5462 1611 5525 quam
1633 5438 1719 5523 quod
1738 5440 1811 5524 lege
1830 5441 1980 5522 primum,
1995 5445 2029 5502 et
2049 5435 2226 5519 prophetis,
2250 5430 2394 5531 demde*

364 5526 517 5591 attendere
539 5544 635 5606 raptae
656 5525 699 5591 ad
715 5523 868 5608 caaapelii
879 5525 1152 5605 praedicationem.
1189 5527 1276 5592 Nam
1292 5528 1339 5592 ita
1391 5530 1520 5612 seriptis
1548 5525 1733 5609 apostolicis
1760 5527 1963 5602 continetur,
1991 5544 2052 5587 nec
2081 5522 2183 5585 alium
2205 5539 2276 5617 esse
2305 5524 2367 5583 nte

362 5630 413 5676 eos
433 5615 516 5675 arcet
542 5611 580 5676 ab
604 5609 746 5677 omnibus
767 5612 949 5677 adaertitiis
973 5611 1136 5693 dodriais,
1158 5633 1212 5678 aec
1238 5633 1338 5678 eonoe·
1391 5613 1527 5679 docendi
1549 5614 1585 5677 in
1606 5612 1741 5678 eeclesia
1761 5611 1896 5677 modum
1916 5610 1981 5674 nisi
2004 5630 2046 5673 ex
2068 5609 2137 5672 eius
2160 5604 2252 5670 verbi
2272 5624 2368 5686 prae-

362 5696 410 5760 dii
431 5697 479 5761 ”el
499 5697 655 5762 millum
676 5719 698 5763 θ
717 5699 771 5762 *Μ
792 5697 944 5776 ‘leswe
964 5718 1058 5781 qaam
1079 5697 1186 5766 Moses
1205 5698 1338 5781 fidelita
1390 5700 1510 5781 scripto
1532 5707 1565 5763 et
1585 5719 1709 5763 norma
1743 5696 1833 5764 Hinc
1853 5697 1954 5763 etiam
1971 5693 2171 5777 colligimus:
2190 5711 2261 5755 -non
2277 5688 2370 5755 aliud

470 5797 580 5855 Galata
593 5816 687 5870 opera.
723 5800 780 5857 Vei
799 5798 843 5856 11.
1617 5807 1619 5812 ’
2132 5791 2195 5845 54-
