5600 6809
391 749 454 810 135
660 745 673 756 “
1040 736 1305 806 INSTITUTIO
1327 739 1432 804 ΗΕΒ.
1455 737 1636 804 OHRIST.
1663 743 1754 803 1559.
2338 735 2400 798 136

395 933 483 1015 Quod
510 937 613 997 antem
639 931 730 996 Deus
751 952 808 995 555
835 936 997 996 testaceum
1024 949 1085 992 non
1112 929 1200 992 modo
1227 929 1372 991 animare
1424 929 1549 992 lectores
1580 930 1661 998 satis
1693 927 1807 992 5515111
1836 928 1970 1008 5155155
2003 926 2181 990 admonitio.
2230 923 2303 988 1555
2335 922 2404 988 5151

391 1021 540 1103 dipnatus
561 1023 617 1096 551,
640 1017 694 1082 551
716 1019 809 1081 51155
830 1017 1022 1081 domicilium
1044 1009 1110 1078 ess'e
1130 1014 1228 1077 551511
1248 1014 1372 1076 immor-
1424 1015 1534 1078 55155
1556 1015 1719 1078 essentiale
1741 1012 1892 1094 quiddam
1918 1017 1996 1076 esset
2023 1034 2044 1075 a
2064 1032 2189 1092 corpore
2210 1014 2402 1090 5555551555,

391 1107 472 1169 15115
498 1105 640 1185 55151155,
675 1104 745 1167 1555
776 1103 812 1165 15
844 1107 931 1165 15515
962 1100 1082 1181 pictoris
1109 1099 1161 1162 sui
1188 1097 1372 1162 liberalitate
1424 1118 1486 1162 non
1512 1099 1630 1163 doceret
1656 1100 1816 1179 scripturo
1842 1118 1898 1161 nos
1926 1097 2069 1161 15111555
2098 1099 2204 1161 15555
2231 1097 2346 1172 151555,
2374 1098 2405 1158 51

391 1191 525 1273 51551551
540 1190 644 1270 potnit
665 1189 783 1252 Adam.
1424 1189 1521 1249 morte
1537 1186 1677 1266 5155555
1699 1205 1738 1248 en
1755 1184 1952 1247 tabernaculo
1969 1184 2091 1262 cornis3
2112 1203 2223 1247 cauere
2240 1181 2321 1261 5551
2338 1201 2405 1245 oor·

481 1279 509 1338 2.
558 1274 658 1338 Porro
691 1274 842 1337 1551555
875 1276 1012 1336 constare
1045 1269 1154 1333 animo
1184 1273 1212 1332 et
1238 1287 1374 1347 corpore,
1425 1271 1651 1351 555111115551,
1680 1269 1988 1334 51155155511155
2010 1268 2060 1332 115
2081 1274 2272 1348 reportemus
2291 1285 2405 1330 55555

393 1366 483 1426 entra
505 1362 742 1424 controversiam
763 1379 828 1422 esse
849 1357 938 1422 15151.
983 1356 1086 1435 Atque
1106 1355 1230 1418 animae
1251 1354 1373 1417 555155
1425 1355 1507 1433 dem,
1532 1360 1688 1436 5555155
1715 1355 2061 1437 5515555555551115
2082 1375 2215 1435 corpore.
2261 1352 2353 1417 Nam.
2368 1351 2406 1416 11

394 1447 560 1512 essentiam
587 1445 804 1523 immortalem,
831 1447 965 1528 5555155
991 1446 1093 1504 tamen
1113 1441 1264 1522 intelligia,
1294 1458 1373 1519 5555
1425 1446 1503 1505 certe
1525 1442 1592 1518 loci,
1615 1446 1642 1503 51
1663 1441 1785 1504 5151155
1806 1442 2004 1520 551555515
2024 1445 2196 1516 5555555551,
2218 1460 2280 1503 non
2301 1439 2406 1503 solcum

291 1551 294 1556 ·
394 1531 528 1597 nobilior
560 1532 627 1595 eins
655 1551 737 1611 pars
769 1535 820 1593 est.
876 1527 1039 1592 Interdum
1071 1527 1206 1607 spiritns
1237 1529 1372 1588 5555155.
1424 1526 1589 1607 manifeste
1609 1527 1807 1608 distinpuuut
1827 1527 1967 1589 animam
1990 1548 2011 1590 5
2032 1546 2169 1607 corpore,
2191 1527 2246 1590 551
2266 1524 2407 1588 luminis

395 1617 470 1681 Etsi
491 1617 581 1694 5515,
604 1617 681 1679 dnm
701 1616 797 1679 51551
819 1615 995 1696 15555515
1016 1612 1090 1676 1555
1112 1612 1254 1687 nomino,
1276 1610 1374 1692 sipni-
1424 1631 1535 1676 nomen
1555 1611 1599 1676 ad
1619 1632 1689 1676 555
1710 1611 1939 1692 tran-sternuto,
1963 1613 2173 1692 5555515555
2194 1632 2259 1675 esse
2275 1615 2407 1690 partem

393 1702 538 1783 15511555
558 1703 638 1765 15155
657 1721 690 1765 55
711 1700 872 1781 differunt,
893 1700 947 1763 uli
968 1704 1070 1762 15555
1088 1716 1228 1761 sensnm
1240 1697 1374 1776 ponitur
1425 1697 1574 1761 indicant.
1620 1696 1694 1761 Iam
1715 1716 1811 1776 quum
1832 1696 1974 1760 15515155
1994 1698 2101 1778 fideles
2125 1697 2251 1761 Paulus
2272 1697 2305 1779 (l
2326 1693 2412 1760 (lor.

395 1789 542 1869 spiritns,
571 1786 751 1850 tantundem
771 1786 963 1864 volitatque
985 1784 1102 1847 animo.
1149 1781 1250 1845 Strati
1278 1800 1373 1860 5555
1428 1787 1455 1860 7,
1478 1781 1526 1867 l),
1546 1788 1581 1846 ut
1602 1802 1636 1847 se
1656 1782 1806 1846 mnrulent
1826 1782 1865 1845 51
1886 1783 1971 1846 5551
1992 1784 2227 1863 inquinamento
2247 1782 2357 1846 555515
2377 1784 2408 1845 et

398 1872 518 1938 Solomo
539 1873 576 1936 de
594 1873 840 1952 555151555555,
864 1871 940 1935 11511
960 1867 1374 1948 1555551511555111555
1425 1870 1568 1948 spiritns,
1590 1869 1673 1932 dnos
1688 1872 1802 1947 portes
1822 1869 1859 1931 in
1879 1868 1991 1947 551155
2008 1868 2266 1933 55511551555155
2281 1866 2408 1947 5555511

395 1959 498 2024 551155
519 1958 573 2038 551
594 1958 678 2021 dedit
698 1956 914 2040 illumOEcol.
937 1959 984 2032 12,
1005 1954 1049 2037 7).
1080 1953 1124 2016 Et
1146 1951 1290 2017 01515155
1311 1951 1374 2032 551-
1426 1956 1590 2018 5555111511.
1637 1952 1752 2017 Petrus
1779 1973 1897 2034 555555
1928 1952 2089 2018 (11515155
2115 1975 2228 2029 uocans
2254 1954 2286 2037 (1
2311 1953 2406 2018 Patr.

396 2046 494 2108 ritum
514 2063 607 2107 suum
624 2044 716 2124 patri
737 2043 952 2107 commendans
970 2040 1065 2125 (Luc.
1086 2043 1137 2115 23,
1156 2038 1222 2121 46),
1247 2037 1375 2118 sceptu
1427 2044 1461 2117 2,
1482 2038 1538 2124 25)
1569 2041 1750 2104 55155555
1776 2044 1938 2118 pastorem
1965 2041 2210 2120 5155155555,
2232 2057 2408 2120 perperam

396 2129 571 2193 55551155
595 2127 716 2193 Christo
738 2129 826 2213 (Act.
851 2132 878 2203 7,
899 2126 972 2209 59),
995 2124 1372 2205 5555115115151115551,
1426 2125 1665 2204 155555555551,
1688 2125 1872 2188 5151555551
1888 2126 2015 2190 animae
2032 2147 2107 2208 erpa
2123 2147 2204 2206 5555
2221 2127 2409 2207 funperetur

396 2234 492 2296 5555
512 2213 687 2277 5115515515
709 2219 753 2278 551
774 2235 795 2277 5
817 2213 923 2277 earnis
944 2211 1097 2294 erpostulo
1120 2210 1242 2287 55155,
1269 2209 1374 2272 Deum
1426 2210 1610 2292 1555515515.
1656 2209 1763 2290 Neque
1788 2215 1888 2274 staret
1915 2211 1996 2290 quod
2023 2211 2099 2276 dicit
2126 2212 2164 2275 de
2185 2217 2313 2275 aeterna
2334 2209 2410 2275 551-

396 2305 662 2380 esseperpetunm
684 2298 929 2363 515555515155.
966 2298 1027 2378 Qui
1049 2297 1278 2360 5555551555
1296 2295 1375 2357 imo-
1426 2295 1924 2375 555555151551555115151
1940 2297 2066 2360 animos
2076 2296 2262 2378 55511555,
2284 2301 2313 2359 51
2326 2315 2409 2375 pra·

394 2386 548 2469 5155555
576 2385 643 2448 1155
671 2385 820 2463 55151155
846 2384 909 2448 1151
936 2384 1013 2463 5515
1038 2383 1134 2461 stolus
1155 2382 1209 2459 sit,
1244 2385 1298 2444 aut
1326 2380 1375 2442 ois
1426 2403 1484 2446 555
1511 2383 1699 2461 cupiditates
1731 2381 1872 2445 militare
1903 2382 2055 2446 aduersus
2082 2385 2225 2448 551555
2255 2381 2287 2455 (1
2315 2382 2408 2445 Patr.

396 2471 549 2534 diuinitus
569 2470 679 2550 infusa
700 2469 879 2551 corporibus
900 2489 980 2550 5555
1001 2474 1103 2532 tamen
1119 2468 1252 2531 assertio
1264 2469 1374 2541 555551,
1430 2473 1456 2546 l,
1477 2473 1511 2546 93
1540 2467 1615 2531 ibid.
1636 2471 1665 2544 2,
1687 2472 1741 2551 11)
1748 2490 1759 2544 ,·
1786 2467 1867 2547 5551
1894 2469 1967 2531 item
1994 2473 2088 2532 autor
2108 2470 2257 2551 epistolae
2278 2467 2321 2531 51
2343 2466 2412 2531 He·

396 2576 446 2620 cos
465 2556 563 2619 515515
584 2575 687 2619 orasse
708 2557 854 2635 desipere,
875 2555 1062 2633 515551555
1084 2558 1196 2617 511515
1217 2553 1376 2633 scripturo
1426 2555 1535 2618 155555
1553 2553 1618 2637 (13,
1641 2551 1695 2637 17)
1711 2556 1859 2632 55515555
1880 2553 1957 2617 11511
1973 2553 2120 2618 anmoins
2138 2574 2237 2636 55555,
2259 2553 2411 2619 5155115-

397 2641 534 2705 ostendit.
587 2639 702 2705 Verum
728 2641 851 2721 quidem
880 2645 937 2717 est,
964 2641 1042 2705 dnm
1068 2645 1169 2702 155555
1188 2639 1266 2718 5155
1292 2637 1374 2700 15515
1426 2660 1496 2702 nem
1526 2640 1659 2703 reddant
1685 2660 1748 2718 555
1780 2638 1948 2702 55155155
1979 2641 2112 2717 5551515,
2144 2641 2210 2702 5151
2236 2639 2411 2720 propriam

398 2726 494 2807 511151
521 2729 593 2789 sunt
614 2726 765 2804 15551555,
793 2725 942 2803 15151551,
970 2728 1047 2802 imo,
1077 2725 1154 2804 5515
1175 2745 1196 2787 5
1212 2729 1306 2804 55155
1327 2723 1375 2786 15
1425 2726 1591 2789 essentiam
1612 2726 1739 2788 551555
1759 2723 1911 2787 moerent.
1944 2724 2064 2788 Eodem
2083 2730 2198 2805 spedot
2218 2725 2300 2805 5551
2318 2722 2409 2789 Ρ55-

397 2814 518 2875 51555
539 2813 671 2876 alienati
691 2818 779 2889 5551,
801 2811 933 2876 latebris
953 2831 1018 2875 esse
1038 2809 1223 2887 5155555155,
1245 2814 1279 2873 51
1300 2828 1333 2872 55
1353 2828 1375 2871 5
1427 2809 1627 2894 155(2(155.
1651 2814 1683 2888 l,
1705 2811 1761 2893 23)
1791 2815 1897 2873 155155
1921 2812 2044 2874 1555551
2065 2810 2171 2874 Deum
2198 2812 2234 2874 15
2261 2811 2407 2874 animam

398 2901 493 2960 morte
521 2896 588 2976 (555
621 2899 803 2978 superstites
834 2918 895 2961 non
926 2897 1063 2979 55511551.
1108 2894 1241 2959 Interim
1272 2900 1374 2958 tamen
1426 2917 1534 2974 555,·
1550 2896 1643 2976 ’5515
1674 2916 1731 2960 rea
1761 2916 1866 2960 55555
1893 2895 1962 2960 Deo
1993 2917 2056 2959 non
2079 2898 2167 2976 fieret
2194 2897 2407 2975 5151555555

397 3003 459 3047 non
480 2983 581 3046 11515
600 2983 730 3047 15551515
750 2983 900 3048 castineto
922 2983 980 3046 lun
1002 2987 1060 3059 est,
1091 2983 1168 3062 quin
1189 2979 1374 3045 immortali-
1426 2987 1505 3045 55551
1525 2982 1666 3045 5155515.
1709 2982 1797 3062 aueo
1816 2983 1912 3044 eliam
1931 2982 2053 3046 5155155
2074 2983 2265 3061 exprimitur
2283 2979 2409 3046 Christi

398 3069 472 3132 15115
499 3088 576 3132 5555
603 3089 697 3132 sensu
724 3074 900 3150 15555555.
947 3066 1034 3132 Certe
1062 3067 1261 3144 conscientia,
1294 3084 1375 3147 5555
1426 3066 1542 3146 555115,
1567 3068 1643 3132 155
1671 3067 1779 3131 timere
1808 3087 1878 3132 eum
1900 3068 2242 3147 1515155155515555
2261 3067 2410 3132 occulerit

310 3197 311 3200 κ
397 3155 477 3218 inter
497 3153 610 3217 15555
631 3159 658 3217 51
679 3156 799 3219 55155
816 3154 1005 3230 discernam,
1029 3152 1093 3217 Dei
1114 3154 1231 3216 iudicio
1252 3171 1375 3232 respom
1426 3173 1547 3234 corpus,
1560 3153 2407 3237 5515555515515111555155515555515515(Μ51115

397 3240 461 3317 det,
489 3239 655 3303 indubium
682 3246 727 3303 est
752 3240 939 3305 immortalis
960 3239 1092 3319 spiritus
1117 3240 1249 3321 515555.
1297 3238 1375 3318 Quo
1430 3243 1484 3316 10,
1510 3242 1567 3317 283
1591 3240 1670 3304 Luc.
1698 3242 1750 3316 12,
1777 3239 1820 3324 5).
1865 3237 1940 3302 155
1966 3239 2042 3301 dum
2070 3245 2161 3303 autor
2186 3240 2335 3322 epistolae
2362 3239 2409 3304 ad

397 3325 485 3390 modo
517 3325 601 3389 5515
633 3325 675 3388 51
701 3325 765 3388 Dei
797 3324 936 3388 1515551
964 3330 1143 3404 5555155551
1174 3327 1275 3387 motus
1307 3324 1375 3388 5155
1426 3324 1585 3389 Hebraeos
1606 3323 1673 3408 (12,
1693 3323 1729 3406 9)
1747 3329 1859 3404 patres
1879 3326 1988 3388 cornis
2013 3330 2138 3389 nostrae
2159 3348 2181 3391 5
2203 3325 2410 3390 1155115115-

397 3410 539 3487 essentia,
567 3413 596 3473 51
622 3415 767 3475 terrorem
794 3409 856 3474 5111
884 3431 922 3474 en
942 3415 1032 3474 reatu
1053 3410 1222 3474 incuteret?
1266 3408 1375 3490 Neque
1424 3412 1501 3494 5511,
1524 3411 1683 3492 5515555
1705 3415 1749 3473 est
1763 3415 1860 3489 55155
1879 3411 2057 3491 55511555,
2082 3431 2144 3474 nou
2158 3413 2263 3491 potuit
2283 3411 2410 3476 clarius

397 3496 480 3561 enim
499 3495 680 3576 spiritualis
695 3517 815 3576 ponne
839 3501 921 3559 motu
948 3495 1089 3577 officitur
1110 3515 1235 3577 corpus,
1264 3495 1375 3560 sedin
1426 3498 1609 3561 55155555
1630 3496 1797 3560 essentiam
1819 3517 1967 3561 asserere.
2011 3497 2066 3562 Ad
2085 3496 2168 3575 1555,
2191 3498 2256 3561 5151
2278 3499 2410 3564 animae

397 3583 497 3647 solam
521 3582 664 3645 551555
691 3583 790 3660 codil‚·
816 3582 1074 3662 5515555515,
1097 3582 1230 3646 55555115
1245 3580 1375 3662 555511-
1426 3602 1589 3663 corporum
1614 3581 1784 3663 erpastulis
1809 3583 1927 3647 solutae
1948 3588 2108 3646 55555551
2127 3585 2322 3663 superstites,
2353 3585 2410 3648 51-

317 3711 319 3714 -
397 3672 471 3731 155
484 3687 557 3730 esse.
601 3666 675 3731 Iam
696 3668 770 3747 ipso
790 3667 855 3732 Dei
874 3669 1005 3750 capnitio
1026 3668 1107 3731 55115
1125 3667 1277 3750 55555511,
1305 3666 1375 3731 ani-
1426 3669 1520 3733 55515
1532 3668 1690 3732 induceret
1705 3665 1851 3732 0151515
1862 3668 1958 3752 (Luc.
1981 3672 2029 3746 16,
2049 3668 2105 3750 22)
2118 3667 2242 3733 Lazari
2262 3670 2409 3733 animam

397 3771 467 3815 555
488 3772 568 3831 onae
582 3754 736 3817 mnndum
752 3753 997 3831 transscendunt,
1009 3773 1075 3818 esse
1088 3752 1286 3830 1555515155,
1297 3753 1375 3833 5515
1424 3755 1542 3838 555115
1564 3752 1718 3833 inuestem
1742 3753 1779 3816 15
1805 3755 1881 3818 5155
1901 3753 2069 3832 Abrahae,
2095 3759 2123 3818 51
2145 3775 2274 3819 rursum
2294 3755 2409 3819 1151115

398 3838 441 3901 51
462 3837 543 3900 51155
563 3837 677 3917 fontem
698 3859 760 3903 non
775 3840 949 3920 pereminet
969 3841 1056 3923 oipor
1075 3840 1235 3904 55551155.
1276 3838 1374 3902 Deni-
1426 3842 1569 3905 animam
1584 3837 1749 3903 1155555115
1765 3841 1925 3903 temnentis
1944 3840 2109 3905 addictam.
2139 3840 2207 3904 Hoc
2224 3841 2306 3906 1155
2319 3839 2410 3905 Pau-

398 3942 457 4003 555
484 3941 580 4001 5555
606 3927 649 3986 151
670 3925 854 4004 praeclarae
884 3925 968 3989 15155
993 3926 1107 4006 ouibus
1127 3926 1268 3990 1555555
1288 3945 1374 3989 mens
1427 3927 1478 3990 lus
1498 3924 1663 4004 55515551
1683 3923 1718 4008 (2
1737 3923 1815 3989 Gor.
1833 3931 1861 4003 5,
1881 3929 1909 3990 6.
1920 3924 2059 4076 Quos
2080 3948 2101 3990 a
2115 3925 2185 3990 Deo
2200 3927 2411 4008 pereprinari

392 4007 501 4089 551151,
534 4009 677 4072 diuinum
706 4011 830 4090 aliquid
856 4011 1044 4091 1555515155
1072 4013 1102 4075 51
1123 4031 1189 4076 esse
1210 4011 1372 4087 clamitent,
1425 4010 1763 4089 155555555511515
1783 4030 1878 4075 55555
1899 4011 1919 4074 le
1967 4012 1973 4024 '
2006 4032 2093 4090 555,·
2121 4013 2190 4075 eius
2216 4032 2287 4075 coro
2310 4033 2411 4091 5555-

398 4093 522 4157 totidem
542 4100 616 4157 5551
635 4096 821 4161 1555515115
837 4097 984 4164 essentiae
999 4098 1181 4162 1551155515.
1213 4096 1374 4178 Numqui
1425 4097 1526 4161 555115
1543 4100 1633 4159 extro
1649 4115 1776 4160 555555
1790 4097 1868 4178 frui.
1904 4096 1954 4160 Ne
1971 4097 2092 4180 1515155
2108 4099 2171 4161 sim
2187 4099 2222 4161 in
2238 4117 2273 4160 55
2285 4117 2410 4177 porum

398 4179 500 4243 155115
520 4180 711 4245 animalibus
731 4182 810 4246 inest
830 4202 949 4261 sensus,
966 4187 1057 4247 55155
1077 4203 1189 4264 eorpus
1210 4203 1271 4247 non
1292 4202 1374 4266 5555
1426 4180 1832 4256 51555515515515555
1851 4183 1940 4247 1555
1953 4182 2041 4264 (Act.
2057 4187 2108 4258 23,
2120 4183 2155 4266 8)
2176 4183 2302 4259 addam,
2323 4185 2410 4248 15155

397 4265 492 4343 ditur,
515 4266 562 4329 551
582 4267 692 4331 saltem
713 4288 775 4332 non
795 4269 917 4351 lampius
937 4289 971 4334 se
992 4269 1128 4333 55155111
1148 4290 1244 4349 quam
1264 4270 1375 4334 adres
1429 4267 1683 4332 Sadducaeorum
1703 4288 1826 4334 errores
1843 4270 1958 4351 referri
1980 4270 2061 4349 5551
2081 4271 2410 4352 5551551555155

397 4350 459 4416 sibi
481 4350 618 4416 51155155.
658 4352 778 4418 Mentis
797 4375 868 4419 5555
889 4353 1043 4418 11555555
1063 4355 1193 4438 55111155
1212 4356 1326 4419 eoelum
1347 4359 1376 4419 et
1425 4374 1490 4418 esse
1511 4373 1573 4416 non
1594 4354 1757 4418 5551555511.

398 4441 523 4516 155555,
546 4441 737 4520 naturaeque
758 4460 877 4505 arcano
893 4441 1104 4522 perlustrans,
1127 4440 1374 4506 1511555515
1513 4441 1541 4501 3.
1587 4438 1697 4504 Henns
1724 4441 1819 4504 etiam
1846 4441 2057 4520 55155515115
2079 4440 2266 4521 1511511555
2287 4441 2410 4524 5511151

398 4524 504 4586 omnio
523 4523 676 4588 intellectu
698 4529 726 4588 51
745 4527 895 4589 memoria
916 4525 1074 4608 55551555
1094 4532 1152 4603 551,
1179 4527 1305 4610 5155515
1326 4526 1374 4590 di
1427 4531 1487 4604 tur,
1505 4525 1964 4606 5511515515555555155
1981 4527 2024 4590 ad
2041 4527 2211 4609 15551555
2227 4524 2291 4588 Dei
2303 4525 2407 4609 (Gen.

398 4627 509 4689 555555
537 4629 597 4673 suo
624 4611 718 4687 serie,
750 4610 919 4691 futuraque
946 4632 984 4676 eoo
1010 4614 1194 4691 praeteritis
1220 4613 1373 4694 collipens,
1431 4617 1461 4689 l,
1486 4611 1552 4692 27).
1601 4612 1753 4690 Quamvis
1778 4612 1862 4675 enim
1889 4613 1925 4675 in
1952 4611 2074 4675 155155
2102 4617 2225 4676 caterno
2251 4611 2409 4695 refulpeat

398 4692 481 4758 clare
512 4694 700 4759 demmcstrat
727 4694 822 4760 151555
849 4697 884 4759 15
910 4695 1030 4761 lemme
1058 4698 1182 4779 aliquid
1210 4721 1230 4762 5
1251 4717 1374 4778 corpore
1426 4696 1808 4777 1151515515,55555155
1828 4698 2222 4780 1555515555151555155
2242 4697 2278 4760 15
2295 4700 2408 4764 anima

398 4785 587 4857 separatum.
630 4780 737 4844 Deum
761 4782 951 4846 invisibilem
978 4788 1006 4847 et
1029 4784 1152 4866 ampelos
1172 4783 1374 4865 intellipentio
1425 4803 1492 4847 esse
1513 4781 1642 4845 dubium
1663 4802 1725 4845 555
1745 4788 1796 4846 551.
1843 4783 1916 4846 Non
1937 4784 2056 4863 1511155
2077 4785 2217 4863 551155,
2245 4788 2408 4850 externam

399 4864 601 4943 concipimus,
630 4867 711 4945 5551
738 4868 865 4932 515155
886 4869 1054 4948 15555555
1076 4872 1221 4951 competit.
1266 4869 1372 4948 Recta,
1425 4870 1570 4948 555555,
1600 4870 2063 4951 5551555555511511555115
2084 4871 2184 4933 155115
2204 4868 2406 4948 5515511155,

398 4949 484 5013 15515
505 4950 692 5030 5115555515,
720 4973 799 5032 quae
819 4973 931 5018 555555
950 4973 1106 5034 corporeos
1127 4956 1235 5032 151551,
1265 4976 1374 5036 oppro-
1426 4974 1463 5018 55
1485 4958 1624 5033 separat,
1648 4952 1745 5018 51551
1766 4953 1835 5017 Deo
1853 4955 1989 5032 5555155
2010 4956 2188 5037 5115555555.
2234 4955 2300 5018 Nec
2322 4954 2408 5020 5515·

398 5032 572 5099 laedimus.
616 5035 702 5118 11555
729 5038 825 5103 luins
851 5040 1070 5122 intellipentiae
1097 5043 1198 5106 sedem
1224 5041 1374 5122 spiritum
1424 5041 1559 5104 5551155
1579 5039 1774 5116 contendam
1803 5041 1834 5102 51
1862 5041 1935 5120 5515
1955 5042 2073 5105 5555551
2094 5040 2168 5104 colit
2188 5041 2246 5104 551
2267 5041 2407 5124 1555155

398 5139 463 5184 esse
484 5126 606 5202 oportet.
651 5121 719 5186 155
740 5145 868 5189 555555
889 5127 969 5208 1555,
992 5126 1217 5206 5511551555
1238 5126 1374 5208 5151555-
1426 5125 1505 5204 1151,
1527 5125 1725 5206 55515555
1740 5145 1849 5205 55555
1870 5130 2002 5205 55551551
2023 5127 2181 5190 animalia
2201 5132 2323 5190 5551555
2345 5131 2405 5189 155-

395 5205 516 5286 fucinis
542 5207 607 5270 5115
635 5209 728 5271 51155
756 5230 866 5275 enuere
892 5213 1030 5290 5115155,
1065 5234 1126 5278 non
1152 5213 1302 5277 obscurus
1329 5218 1374 5277 551
1425 5232 1512 5289 555,
1541 5232 1575 5276 55
1596 5209 1717 5291 leonini
1735 5210 1868 5276 sublime
1890 5212 1999 5276 dotum
2021 5217 2078 5289 est,
2105 5211 2278 5290 55155555
2299 5211 2405 5275 videre

397 5292 645 5357 immortalitatis
665 5296 766 5359 testis:
790 5299 915 5377 555515
936 5317 997 5361 555
1018 5299 1107 5363 5515
1128 5318 1236 5362 earnm
1257 5318 1371 5375 rerum,
1425 5298 1540 5375 iussus,
1562 5301 1592 5359 51
1612 5300 1727 5360 erectos
1743 5297 1785 5360 ad
1801 5298 1909 5362 sidero
1925 5298 2157 5362 1515555115.
2186 5297 2282 5361 Modo
2301 5295 2405 5376 15555

396 5396 475 5457 5555
496 5398 657 5458 5555555
681 5380 783 5460 tactae
802 5386 889 5459 5551,
917 5384 1114 5466 5551511555
1140 5384 1291 5465 supponit,
1317 5383 1373 5448 sed
1424 5384 1506 5448 illud
1537 5387 1678 5458 maneat,
1712 5383 1882 5466 15551555
1909 5384 1987 5461 Dei,
2020 5382 2405 5463 55551511555155515

396 5463 551 5527 5115515
578 5465 724 5546 futurum
750 5472 871 5547 tempus
897 5471 1077 5551 55555515.
1121 5468 1267 5533 Breviter
1297 5469 1373 5533 1555
1423 5469 1506 5533 notis
1525 5469 1914 5548 5555515551551551,
1932 5470 2131 5550 spiritualem
2147 5488 2220 5533 5555.
2248 5468 2406 5534 05155155

396 5549 511 5631 5111555
543 5568 623 5630 quae
650 5552 784 5632 profani
816 5573 937 5633 555555
967 5555 1132 5635 scriptores
1163 5555 1372 5637 splendidiore
1423 5555 1507 5618 5515
1528 5554 1633 5638 (quem
1648 5557 1768 5636 5551515
1785 5558 1854 5621 eins
1870 5560 2024 5621 testantur
2040 5557 2076 5618 in
2090 5555 2236 5636 futilibus
2257 5574 2405 5619 commen-

395 5632 555 5698 oerborum
581 5642 695 5701 ornatu
722 5638 885 5719 55551155
910 5639 1077 5720 5151511555
1103 5641 1158 5706 551
1183 5641 1270 5722 apud
1297 5641 1371 5721 pios
1423 5641 1466 5705 tis
1485 5660 1634 5721 perverse
1663 5641 1766 5722 fuisse
1798 5640 2006 5725 inpeniosmn)
2040 5641 2209 5728 15551555
2236 5639 2301 5705 Dei
2327 5659 2404 5722 pro-
