5600 6809
440 732 501 791 115
1084 722 1350 791 INSTITUTIO
1372 724 1477 790 REL.
1498 722 1679 789 offlelsn.
1706 728 1797 788 1559.
2386 727 2447 788 116
2544 814 2548 822 ι

429 911 610 998 3333111133
636 916 692 996 331
718 934 787 978 vere
814 934 877 978 non
903 913 1057 978 3111333.
1106 911 1199 976 Adde
1231 913 1312 992 quod
1340 911 1418 976 31111
1469 912 1563 975 nibus
1594 917 1623 976 et
1649 913 1803 994 personis.
1848 912 1912 976 His
1944 911 2078 976 arbitror
2109 911 2189 975 satis
2223 911 2325 993 3313111
2351 932 2447 992 posse

437 1000 507 1084 (lib.
538 1005 565 1064 3.
595 1022 621 1065 3.
649 1000 684 1085 9)
718 1000 904 1065 3331333113
935 1004 1000 1063 tarn
1029 998 1135 1077 tilium
1169 1016 1264 1076 quem
1291 1002 1419 1077 patrem
1469 1017 1574 1061 eorum
1611 998 1839 1078 impudentiam
1879 998 1935 1077 331
1969 1018 2007 1062 cx
2049 997 2241 1062 Tertulliani
2281 998 2447 1063 autoritate

432 1087 650 1170 praedicatum
671 1086 885 1168 1313331333
906 1082 1275 1162 3331331113333313113
1297 1088 1323 1147 et
1346 1103 1419 1163 apo·
1467 1083 1575 1164 smum
1596 1088 1713 1147 1331331
1732 1084 1836 1163 fecem
1855 1084 2059 1164 simplicibus,

435 1174 530 1239 313113.
572 1171 683 1238 Postea
710 1171 792 1255 (cup.
822 1174 876 1253 12)
911 1191 980 1234 3313
1012 1169 1121 1249 definit
1152 1167 1300 1248 quomodo
1330 1166 1419 1232 0131-
1556 1173 1606 1231 29.
1650 1168 1695 1232 111
1721 1174 1797 1232 certe
1823 1170 1967 1250 quisquis
1988 1168 2151 1252 1111333133
2171 1175 2307 1233 veteram
2328 1170 2448 1248 scripta

436 1263 513 1336 stus,
536 1258 591 1338 331
603 1258 747 1322 1331333
759 1262 804 1321 331
816 1257 953 1321 auretium
974 1260 1002 1318 31
1022 1274 1087 1330 rex,
1110 1258 1139 1318 et
1159 1254 1244 1331 deus,
1268 1255 1417 1345 elindeo,
1469 1254 1551 1317 inter
1577 1274 1610 1319 33
1636 1254 1778 1335 33313331,
1806 1276 1866 1319 non
1894 1255 1985 1320 alind
2010 1256 2141 1337 reperiet
2168 1257 2255 1336 apud
2278 1254 2449 1319 13333333

438 1345 475 1410 31
493 1365 526 1408 eo
544 1344 915 1427 3313311133333133
933 1339 1083 1422 acceperit
1095 1345 1290 1419 potestatem:
1312 1360 1420 1420 nempe
1471 1361 1566 1420 quam
1586 1341 1668 1420 3331
1684 1341 1723 1404 31
1740 1341 1826 1418 31113,
1844 1343 1901 1421 331
1917 1341 2027 1404 131313
2043 1343 2165 1420 3333311
2184 1347 2265 1416 3331,
2282 1341 2449 1421 33311133

436 1430 636 1495 subiectionis
662 1433 813 1509 respectu,
847 1429 923 1508 3313
952 1426 1140 1491 1331113133
1173 1433 1219 1490 331
1246 1447 1344 1507 33333
1375 1426 1419 1491 31
1469 1428 1541 1506 fuit.
1582 1425 1729 1490 Iustinus
1749 1447 1832 1489 unus
1853 1432 1897 1490 331
1917 1447 1956 1490 ex
1977 1428 2214 1505 vetustissimis;
2235 1427 2322 1491 33113
2344 1431 2449 1494 uuum

437 1520 566 1580 3333133
593 1517 702 1579 crucis.
754 1513 882 1577 Interea
906 1513 1004 1593 33313
1031 1518 1105 1592 pest
1136 1515 1219 1597 (cap.
1247 1512 1301 1595 16)
1329 1511 1420 1593 31313-
1466 1533 1527 1593 per
1553 1513 1659 1576 omnia
1680 1512 1883 1595 suffrapatur.
1932 1511 2098 1592 Obiectent,
2126 1518 2192 1577 tam
2213 1512 2330 1581 abillo
2352 1532 2450 1593 quam

438 1606 516 1678 met,
548 1601 653 1681 [ilium
680 1620 745 1666 esse
771 1599 909 1678 opificem
935 1598 1010 1662 coeli
1036 1603 1065 1661 et
1092 1604 1208 1675 133333,
1242 1598 1420 1680 33113333
1472 1619 1493 1662 3
1514 1598 1646 1677 reliquis
1660 1603 1787 1678 patrem
1812 1595 1931 1673 Obristi
1958 1599 2184 1662 3333313333
2203 1598 2316 1662 Deum.
2358 1598 2450 1662 Idem

438 1688 509 1753 tulit
525 1707 586 1768 per
608 1686 710 1750 Mosis
730 1705 859 1748 mennon
879 1683 1070 1763 etpatribus
1091 1685 1249 1764 apparuit.
1294 1684 1367 1748 Iem
1389 1684 1420 1748 31
1472 1683 1625 1748 Hilarius
1651 1704 1769 1764 quoque
1795 1684 1893 1761 docet,
1920 1684 1983 1747 imo
2005 1686 2151 1764 asperius
2172 1685 2324 1764 13331133,
2352 1688 2450 1748 aeter·

439 1774 512 1855 quis
533 1772 665 1850 blateret,
689 1770 821 1835 Irenaeo
838 1770 939 1835 solnm
954 1774 1081 1849 patrem
1099 1791 1164 1834 3333
1182 1769 1288 1833 Deum
1306 1769 1418 1848 Israel,
1470 1771 1599 1833 nitatem
1621 1789 1687 1834 esse
1706 1770 1742 1832 in
1758 1775 1858 1851 patre.
1895 1771 1952 1834 An
1975 1776 2010 1833 ut
2029 1769 2097 1850 tilio
2118 1771 2244 1852 auferat
2264 1769 2328 1834 Dei
2349 1789 2450 1833 essen-

438 1878 578 1942 reqeram
604 1857 685 1939 quod
705 1856 788 1921 idem
809 1857 944 1936 scriptor
964 1859 1070 1936 aperte
1089 1858 1194 1934 133111,
1210 1861 1234 1939 ¹)
1260 1852 1420 1919 Cleristum
1470 1856 1573 1918 tiam?
1613 1855 1714 1934 Atqui
1735 1857 1771 1918 in
1793 1857 1860 1920 eius
1878 1855 1955 1936 (idei
1976 1876 2071 1936 3333
2091 1857 2252 1936 sequimur
2272 1855 2450 1937 defensione

439 1965 538 2008 unum
560 1949 588 2008 31
607 1944 737 2007 eundem
757 1943 923 2016 exsistere·
945 1941 1039 2004 sicuti
1060 1944 1154 2006 etiem
1177 1945 1220 2007 31
1236 1961 1306 2004 eum
1323 1941 1420 2021 refert
1471 1945 1552 2004 totus
1579 1946 1631 2006 est.
1669 1940 1735 2005 Nee
1760 1947 1862 2004 13331
1888 1962 1939 2007 eos
1965 1941 2064 2022 pudet
2094 1942 2206 2007 mutila
2236 1942 2338 2006 nescio
2370 1961 2451 2020 3333

440 2030 625 2095 3311313133
647 2028 810 2092 Habeant:
836 2027 928 2092 Deus
955 2025 1125 2094 31333133
1152 2031 1258 2094 333131.
1301 2026 1420 2090 Eodem
1471 2027 1555 2090 dieta
1576 2047 1747 2108 excerpere,
1774 2048 1813 2090 33
1835 2028 1946 2108 quobus
1962 2029 2176 2109 persuadeant
2196 2027 2364 2092 Hilarium
2385 2046 2452 2091 3333

434 2116 570 2199 pertinet
591 2115 672 2197 qued
694 2114 805 2196 1331133
826 2133 892 2193 cap.
917 2117 944 2176 9.
969 2112 1020 2176 lib.
1045 2118 1091 2178 4.:
1119 2118 1187 2196 ipse
1207 2113 1306 2196 iqitur
1331 2112 1420 2176 Obri-
1472 2114 1591 2176 erroris
1616 2115 1668 2176 sui
1692 2118 1872 2194 patronum.
1915 2112 2079 2196 Iquatium
2105 2114 2186 2194 3331
2211 2113 2388 2191 3113311331,
2418 2112 2451 2177 31

440 2208 507 2268 3133
533 2221 604 2264 333
626 2205 721 2280 33133
747 2200 887 2262 uiuorum
915 2202 961 2262 est
987 2199 1072 2264 dous.
1116 2202 1160 2265 Et
1188 2200 1325 2265 eiusdem
1346 2197 1421 2261 libri
1472 2199 1567 2263 331131
1586 2199 1758 2279 quidquam
1779 2199 1890 2263 babere
1909 2198 2213 2279 3333311,3331331
2234 2200 2387 2280 apostolos
2408 2199 2451 2263 le

439 2288 612 2370 333121)
630 2288 853 2365 interpretatur
870 2283 1037 2355 Abrabam
1057 2288 1226 2352 credidisse
1242 2285 1319 2360 Dee,
1342 2284 1421 2366 3313
1470 2305 1539 2367 pem
1564 2285 1672 2348 tulisse
1699 2285 1737 2348 13
1757 2284 2001 2368 quadrupesima
2027 2289 2055 2348 31
2075 2284 2234 2349 similibus
2254 2284 2450 2365 corruptelis.

439 2374 540 2456 faetor
561 2373 635 2437 coeli
657 2377 686 2436 31
707 2378 817 2448 terrae,
840 2374 867 2432 et
888 2369 974 2433 33133
995 2372 1133 2437 deussit
1156 2373 1309 2438 Christus.
1475 2369 1569 2435 Nibil
1596 2370 1721 2434 naeniis
1748 2371 1830 2449 illis,
1864 2391 1957 2455 qnae
1971 2371 2028 2435 snb
2050 2370 2173 2454 1333111
2200 2372 2324 2434 333133
2349 2371 2452 2444 editae

528 2462 578 2521 28.
625 2452 1421 2540 1311133331)31113333133331333333111
1472 2461 1554 2533 3331,
1571 2456 1725 2536 putidius.
1771 2457 1836 2537 Quia
1863 2457 2168 2521 3133313133311113
2194 2460 2239 2520 331
2265 2456 2452 2521 333313-

444 2546 615 2621 33313333
637 2545 722 2623 quie,
745 2543 802 2605 3131
823 2561 916 2622 asper
936 2542 1093 2607 interdum
1113 2550 1140 2609 et
1158 2546 1305 2626 33133333
1322 2547 1366 2606 331
1386 2545 1421 2606 13
1470 2542 1630 2623 33133113,
1650 2542 1705 2621 331
1725 2542 1843 2607 talibus
1864 2543 1965 2607 133313
1982 2543 2025 2607 31
2040 2542 2214 2623 1311331133
2230 2563 2263 2607 33
2279 2543 2451 2606 1333133331.

440 2651 497 2695 suo
519 2630 663 2709 loquendi
681 2648 805 2711 333333,
827 2647 984 2690 333333
1000 2634 1103 2694 tamen
1123 2632 1295 2708 doctrinae,
1326 2649 1421 2708 quem
1476 2626 1577 2691 Porro
1598 2627 1671 2691 bine
1692 2633 1826 2691 oetermn
1845 2648 2010 2693 cousensus
2036 2629 2120 2692 clere
2136 2628 2341 2709 perspicitur,
2368 2627 2452 2708 quod

441 2722 581 2793 tuemur,
608 2736 670 2780 nen
698 2714 838 2796 ambipue
866 2713 979 2777 tradit:
1010 2736 1117 2797 nempe
1142 2736 1239 2797 quum
1265 2735 1349 2778 unus
1380 2716 1423 2784 sit
1473 2728 1570 2793 neque
1590 2714 1626 2776 13
1645 2713 1771 2777 3331113
1792 2715 1919 2779 nicaeno
1936 2712 2040 2779 Arius
2060 2735 2098 2778 ex
2119 2714 2307 2795 cuiusquam
2322 2713 2453 2795 probati
2533 2716 2536 2722 ’

442 2802 549 2880 Deus,
582 2801 809 2882 dispensatione
840 2803 941 2862 temen
972 2801 1021 2867 331
1052 2804 1224 2867 33333313
1255 2821 1320 2866 esse
1354 2802 1423 2864 eius
1474 2799 1636 2879 3331313313
1665 2800 1831 2864 3313311313
1850 2800 1960 2881 sucum
1979 2801 2081 2881 facere
2103 2819 2202 2865 ausus
2222 2806 2280 2878 331,
2308 2805 2337 2862 31
2363 2819 2453 2864 nemo

441 2907 627 2965 sermonem;
653 2887 781 2949 331333
810 2905 874 2949 esse
895 2883 1002 2950 Deum
1022 2887 1212 2953 anemonae
1233 2889 1366 2964 unitate,
1396 2890 1424 2950 et
1474 2905 1511 2948 ex
1536 2885 1668 2949 Graecis
1689 2887 1737 2950 331
1759 2886 1888 2950 1311313
1909 2891 2037 2950 3333331
2056 2909 2077 2951 3
2094 2886 2259 2968 prioribus
2278 2907 2312 2950 sc
2332 2886 2455 2949 disson

441 2973 647 3037 nibilmniuus
675 2973 826 3035 unitatem
852 2969 1097 3050 dispensationis
1123 2975 1269 3056 33313313
1301 2974 1336 3034 13
1368 2973 1423 3036 131-
1474 2971 1540 3034 1133.
1584 2970 1792 3052 Aupustinus,
1814 2973 1866 3037 cui
1887 2973 2050 3037 nebulones
2071 2974 2127 3036 isti
2147 2973 2347 3054 infestissimi
2368 2975 2453 3048 suut,

441 3060 570 3123 nitatem
590 3059 716 3140 disponi
722 3081 732 3135 ;
760 3062 822 3120 tres
843 3075 922 3132 3333,
946 3078 1007 3122 333
1027 3065 1128 3139 31313,
1151 3062 1206 3125 331
1224 3059 1344 3142 33313·
1369 3079 1424 3122 nec
1474 3076 1569 3137 quam
1595 3056 1699 3122 331313
1726 3060 1894 3123 3333333311
1914 3060 2052 3123 333133
2079 3059 2213 3139 scripta,
2240 3063 2268 3123 31
2289 3077 2384 3139 quam
2405 3077 2456 3121 re-

441 3144 629 3222 substantie,
653 3142 847 3224 sed‘formet5
867 3162 921 3205 nee
937 3149 1105 3226 potestate,
1127 3148 1182 3212 sed
1202 3147 1290 3211 33313.
1333 3144 1424 3210 Dicit
1474 3147 1610 3207 verenter
1631 3143 1796 3222 amplexus
1821 3145 1877 3223 sit,
1905 3139 2006 3208 dicere
2031 3144 2113 3208 nibil
2142 3146 2259 3210 3111331.
2303 3142 2389 3208 Certe
2418 3143 2456 3207 iu
2537 3141 2540 3146 ’

441 3231 567 3314 quidem
587 3250 619 3294 se
635 3230 798 3311 defendere
816 3227 985 3292 secundum
1005 3232 1340 3314 3331-1311133331
1361 3250 1424 3294 non
1475 3229 1617 3294 minimis
1648 3229 1818 3311 quibusque
1849 3231 2009 3311 scrupulis
2041 3231 2198 3296 ostmdere
2226 3229 2300 3296 solet
2324 3249 2383 3294 eur
2413 3229 2456 3296 ab

441 3316 722 3398 311331313111311
752 3315 817 3378 3131
849 3314 1052 3381 distinetione.
1115 3318 1277 3383 Visibilem
1308 3316 1424 3381 alieubi
1475 3315 1544 3379 illis
1571 3315 1727 3382 discedere
1751 3320 1886 3398 3333133.
1931 3316 1974 3380 13
2004 3316 2174 3381 13331133
2199 3322 2395 3399 3333313313,
2423 3317 2457 3381 si

438 3402 657 3485 1113311311,-
685 3402 740 3465 sed
759 3402 983 3482 3331333313
1003 3407 1309 3486 utramquepartem
1329 3403 1424 3466 retio-
1476 3401 1554 3481 3311
1579 3402 1759 3485 33113333
1783 3403 1831 3466 331
1851 3402 2011 3467 obscenum
2032 3403 2140 3487 1333311
2158 3404 2245 3485 3331
2264 3403 2361 3481 31133,
2390 3422 2457 3467 neu

440 3486 1238 3571 3133133331,13131113313111133333333313333
1255 3495 1423 3554 33133333.
1476 3487 1667 3552 1133133131.
1713 3488 1815 3568 Quam
1846 3493 1949 3552 tamen
1980 3489 2036 3553 isti
2067 3495 2247 3572 oppupnant
2277 3489 2458 3554 1331313333

440 3574 587 3655 Denique
608 3579 734 3656 patrem
760 3593 821 3636 sue
841 3592 980 3653 persam
1012 3577 1215 3641 determinari
1247 3576 1423 3656 affirmans,
1470 3593 1534 3654 pre
1555 3573 1692 3654 mnsesso
1712 3574 1823 3653 sumit,
1851 3575 1890 3639 ab
1911 3575 2025 3639 ultime
2045 3576 2228 3656 3113311313
2249 3576 2317 3640 sine
2338 3581 2459 3640 333133-

441 3662 674 3726 311331331333
699 3681 732 3724 33
753 3659 867 3740 333131
894 3659 933 3723 31
959 3680 993 3723 eo
1018 3669 1181 3728 compunta
1209 3661 1290 3743 qnod
1311 3661 1425 3742 refelli·
1475 3662 1580 3726 333313
1609 3659 1711 3740 fuisse
1741 3665 1910 3740 receptam;
1942 3682 2036 3742 33333
2066 3666 2170 3725 temen
2196 3661 2273 3743 3311
2300 3666 2372 3726 ente
2399 3662 2459 3727 de-

441 3766 521 3810 mus.
566 3746 611 3808 Et
632 3765 812 3825 quenquam
839 3765 900 3808 333
920 3746 1022 3812 31133
1042 3749 1149 3814 Deum
1171 3748 1309 3831 33333311
1330 3767 1425 3827 3333
1476 3747 1613 3810 cuissent
1634 3745 1701 3824 alii,
1723 3746 1829 3826 ipsrun
1850 3748 1989 3836 latuisse,
2011 3748 2060 3812 vel
2080 3769 2119 3812 cx
2139 3768 2203 3812 uno
2220 3748 2309 3813 uerbo
2326 3751 2456 3828 3333131,

403 3901 405 3904 ,
436 3836 575 3914 331333,
604 3852 636 3895 33
663 3833 768 3912 ipsum
797 3837 900 3895 temen
921 3836 1070 3913 proximo
1095 3840 1235 3902 33313313
1257 3833 1423 3914 explicans,
1476 3832 1531 3895 311
1558 3832 1634 3895 dicit
1660 3832 1696 3895 in
1723 3836 1818 3912 patre
1845 3853 1910 3898 esse
1936 3835 2099 3912 33113133,
2135 3834 2215 3899 11133
2247 3836 2285 3899 13
2310 3835 2459 3902 doctrina

442 3938 475 3983 33
496 3936 558 3978 non
580 3918 733 3982 exclusive
755 3918 838 3997 13331
860 3919 991 3982 ostendit
1010 3921 1076 4002 ,ilii
1097 3927 1249 4004 respectu,
1274 3919 1351 3999 3313
1374 3941 1425 3983 ue
1476 3917 1651 3982 3131311333
1673 3920 1790 3997 prime
1832 3918 1888 3983 An
1914 3920 2058 4001 33331331
2080 3921 2133 3985 sui
2153 3926 2225 3984 tunc
2251 3921 2352 4002 fuisse
2379 3920 2460 3987 obli-

440 4007 496 4086 331
523 4001 625 4066 31133
652 4023 717 4066 esse
746 4023 767 4064 a
787 4008 883 4082 patre
909 4004 1029 4086 Deum,
1065 4010 1193 4089 ideoque
1221 4026 1284 4071 uon
1311 4005 1425 4069 3131331
1476 4005 1566 4067 tum?
1609 4004 1711 4084 Atqui
1738 4003 1816 4068 alibi
1845 4006 1883 4069 ab
1910 4005 1969 4070 bac
1989 4007 2151 4070 calumnie
2177 4027 2210 4070 se
2230 4012 2366 4089 333331,
2398 4009 2459 4073 311

443 4088 658 4153 monarchiam
673 4108 826 4169 personae
846 4090 1050 4159 distinctione.
1098 4094 1200 4174 Atque
1219 4113 1257 4157 ex
1273 4097 1424 4173 perpetuo
1470 4095 1596 4170 patrem
1615 4094 1702 4153 necat
1716 4092 1917 4172 principium
1936 4093 2032 4156 totius
2051 4093 2190 4171 deitatis,
2218 4093 2296 4172 quie
2324 4114 2344 4156 a
2366 4094 2459 4158 33113

443 4176 513 4238 eires
532 4175 658 4238 33331113
679 4175 841 4237 uerborum
862 4195 989 4241 sensum
1012 4183 1154 4264 colliqere
1168 4183 1350 4261 proruptum
1371 4183 1423 4243 cst.
1476 4181 1537 4255 est;
1559 4175 1733 4256 prudenter
1753 4179 1869 4242 scilieet
1888 4179 2062 4260 expendens
2087 4178 2264 4258 specialiter
2281 4178 2374 4258 petri
2395 4180 2459 4247 ae-

445 4259 605 4326 Contendit
633 4261 715 4324 enim
743 4260 893 4324 31333333
921 4260 1099 4345 Praxeem,
1128 4266 1272 4346 quamvis
1300 4265 1334 4327 in
1362 4269 1425 4329 tres
1475 4263 1571 4326 scribi
1597 4261 1662 4325 Dei
1693 4284 1815 4342 33333,
1849 4265 1930 4345 qued
1961 4264 2027 4328 nisi
2057 4265 2095 4329 ab
2127 4265 2195 4346 ipso
2225 4265 2285 4346 piat
2315 4265 2458 4345 initium,

437 4366 592 4429 33333333
618 4347 783 4410 1131133133
808 4346 849 4408 311
871 4346 974 4426 Deus,
1004 4371 1068 4417 nen
1098 4358 1203 4416 tamen
1223 4351 1425 4431 1331313333
1475 4349 1595 4430 3333131
1621 4354 1751 4430 3333331
1776 4351 1909 4430 simplae
1939 4349 2003 4415 Dei
2030 4352 2146 4415 331133.
2190 4350 2255 4414 His
2281 4351 2376 4414 etiem
2403 4352 2460 4417 13-

442 4434 526 4510 deos,
559 4453 655 4514 neque
687 4433 822 4513 discerpi
854 4436 1011 4499 33113133.
1070 4439 1114 4503 Et
1148 4439 1225 4518 quie
1255 4438 1424 4500 secundum
1475 4454 1574 4512 mum,
1602 4439 1636 4497 ut
1656 4456 1759 4515 spero,
1783 4437 2131 4518 333333313133133133
2152 4457 2255 4502 33333
2275 4437 2459 4502 3313333133

445 4518 591 4583 Praxeae
622 4525 824 4584 commentum
848 4517 992 4586 Obristus
1021 4545 1084 4588 non
1104 4527 1227 4604 peterat
1247 4521 1338 4586 Deus
1359 4542 1424 4586 esse
1475 4521 1650 4599 11333333,
1688 4523 1800 4602 quibus
1837 4527 1930 4586 satan
1966 4522 2111 4586 13313333
2146 4543 2264 4604 queram
2293 4522 2460 4587 doctrinae

444 4605 521 4684 quin
547 4606 630 4670 idem
656 4611 733 4670 esset
746 4610 853 4686 pater,
883 4608 950 4671 ideo
983 4614 1140 4691 tantopere
1166 4608 1203 4671 de
1230 4608 1424 4672 distinetione
1474 4607 1569 4686 [1133
1585 4613 1761 4688 pervertere
1786 4608 1834 4671 331
1855 4607 2047 4672 obtenebrare
2066 4609 2193 4673 niolitus
2212 4613 2265 4673 est.
2307 4606 2460 4689 Denique

443 4689 569 4754 1313331.
616 4693 703 4773 Quod
729 4713 799 4757 3333
825 4713 995 4759 sennonem
1021 4702 1048 4758 et
1075 4696 1225 4777 spiritum
1246 4699 1331 4757 33331
1350 4715 1424 4775 por-
1476 4696 1569 4756 13133
1595 4693 1691 4755 13133
1717 4693 1875 4756 doetrinae
1901 4714 2056 4757 summam
2080 4694 2213 4774 fideliter
2232 4715 2297 4759 csse
2318 4695 2460 4775 expliea-
2566 4707 2568 4711 ’

443 4776 554 4839 tionem
574 4779 675 4856 totius,
697 4780 755 4842 etsi
775 4780 861 4845 dure
882 4787 926 4844 331
947 4782 1093 4863 13333113,
1117 4779 1303 4845 excusabilis
1320 4785 1424 4844 tamen
1476 4783 1541 4842 tem
1568 4778 1699 4857 333113,
1733 4779 1887 4859 31331133
1919 4780 2045 4844 modum
2077 4781 2255 4846 curiositati
2290 4780 2458 4862 13333331

444 4866 501 4938 331,
533 4864 657 4943 quando
684 4866 726 4928 ed
752 4867 960 4931 substantiam
987 4889 1047 4932 non
1070 4870 1217 4949 refertur,
1245 4867 1298 4930 sed
1320 4866 1424 4947 dispo-
1477 4864 1613 4941 lectores,
1640 4883 1693 4928 nec
1713 4865 1857 4929 molestas
1884 4866 2098 4946 etperplexas
2119 4868 2347 4947 disputationes
2368 4867 2457 4948 cupi·

444 4948 587 5012 31113333
614 4953 735 5014 133133
761 4957 789 5015 et
813 4955 1018 5018 3333333133
1046 4959 1132 5018 33131
1159 4973 1238 5033 quae
1260 4954 1337 5017 solis
1352 4973 1424 5034 per-
1476 4949 1550 5013 dius
1571 4971 1666 5030 qnam
1683 4971 1750 5030 per
1772 4952 1815 5014 sit
1835 4951 1897 5015 sibi
1917 4957 2083 5016 accersant.
2124 4953 2212 5017 Nem
2231 4973 2307 5033 3333
2327 4953 2456 5020 abludat

443 5034 530 5099 33313
562 5036 711 5114 convenit,
755 5037 950 5104 Tertulliano
982 5042 1051 5121 ipso
1085 5045 1164 5104 teste.
1219 5037 1299 5102 1313
1331 5039 1424 5102 etiam
1476 5036 1660 5115 speculandi
1690 5037 1901 5116 intemperies,
1937 5039 2066 5103 minime
2099 5039 2274 5121 placandos
2304 5041 2453 5120 3333313.
2555 5047 2557 5050 ’

439 5120 552 5202 pendet
572 5121 670 5186 illud:
691 5126 926 5205 quotpersouae
948 5125 1425 5207 111131133133,33333331331333
1478 5122 1564 5186 113313
1589 5122 1672 5185 nibil
1697 5127 1797 5186 astute
1817 5125 1971 5205 praeterii
1996 5125 2077 5206 qnod
2097 5125 2177 5190 mibi
2197 5125 2365 5190 adrasum
2386 5145 2454 5190 esse

446 5204 585 5283 Praxee,
607 5207 674 5271 nisi
695 5213 765 5288 quot
786 5217 860 5273 sunt
881 5213 989 5276 emes?
1032 5212 1086 5277 Sic
1107 5213 1202 5275 etiem
1217 5212 1319 5290 paule
1335 5215 1424 5290 post.-
1471 5214 1633 5290 putarem·
1653 5209 1707 5272 331
1727 5209 1803 5272 dum
1820 5209 1962 5275 eeclesiae
1982 5212 2193 5292 aedificationi
2213 5212 2328 5288 studeo,
2350 5212 2453 5276 33113

444 5298 479 5355 31
505 5293 632 5359 3331331
652 5299 777 5375 patrem
804 5294 960 5374 3111133
988 5300 1024 5363 in
1052 5299 1122 5363 suis
1149 5317 1296 5379 quemque
1327 5296 1425 5359 nomi·
1476 5315 1538 5358 non
1569 5295 1718 5376 31133333
1748 5296 1917 5361 33331133
1949 5298 2052 5361 31333
2083 5304 2141 5375 est,
2175 5318 2254 5377 quae
2282 5303 2454 5377 etparum

1472 5381 1667 5462 prodessent,
1692 5385 1720 5443 et
1746 5381 2058 5464 13133333333331
2084 5403 2281 5466 superuacua
2300 5384 2451 5450 33133113.

1479 5466 1563 5546 Quid
1583 5467 1667 5531 enim
1686 5466 1847 5549 1133331333
1867 5470 1976 5533 3111331
1996 5491 2039 5533 33
2059 5489 2179 5549 semper
2193 5475 2316 5551 poneret
2331 5472 2451 5551 pater?

517 5586 626 5652 11133.
652 5586 685 5638 18
709 5595 736 5639 31
759 5586 794 5638 23
817 5588 936 5639 eiusdem
961 5590 1029 5653 libr,
1054 5591 1132 5643 nobis
1149 5606 1175 5643 c.
1195 5589 1236 5657 16,
1260 5590 1320 5642 ‘eo
1337 5587 1378 5652 20,
1397 5588 1423 5640 4.
1475 5553 1600 5650 quam
1626 5553 1717 5617 'Stulte
1741 5555 1873 5637 finditur
1897 5556 2059 5653 mimus
2091 5560 2179 5619 “dus
2203 5556 2393 5655 yemmf’,
2413 5577 2453 5623 θ’)

446 5652 477 5719 2)
496 5651 657 5717 31113334,
676 5655 693 5707 3
711 5663 735 5707 31
752 5654 776 5715 5,
788 5655 812 5708 3.
866 5654 896 5721 3)
916 5657 999 5709 Libro
1018 5659 1146 5710 31333333
1164 5658 1298 5711 Praxeem
1309 5659 1424 5724 passim.
1475 5637 1649 5721 4140111111
1668 5640 1706 5703 ab
1727 5646 1851 5706 1111111Ἥο
1871 5646 1933 5705 iret?
1953 5639 2078 5722 1111180
2093 5660 2249 5719 Imm
2268 5642 2453 5709 9113111898·
