5600 6809
426 760 487 820 607
1071 749 1336 817 mammo
1356 749 1462 815 RDL.
1484 746 1665 815 CHRIST.
1692 751 1783 812 1559.
2366 748 2430 809 608

424 941 536 1019 bibus,
569 939 789 1018 contumeliis,
822 949 881 1005 etc.
938 937 1160 1020 Quamobrem
1192 938 1276 1001 nihil
1309 939 1401 1003 obest
1452 936 1551 1000 fidem
1574 956 1615 999 ex
1637 957 1702 1017 qua
1729 936 1811 999 vivit
1838 945 1872 999 et
1893 934 2073 1000 seeundum
2102 955 2201 1017 quam
2221 934 2257 997 in
2279 933 2429 999 omnibus

424 1026 599 1110 quominus
626 1026 729 1089 vitam
757 1031 923 1090 aeternam
952 1024 1265 1101 remunerationem,
1299 1025 1400 1104 scrip·
1453 1020 1579 1085 delictis
1607 1023 1675 1086 suis
1697 1042 1732 1085 se
1752 1029 1896 1096 accusat,
1922 1022 1957 1084 in
1987 1020 2140 1084 omnibus
2161 1019 2254 1084 bonis
2277 1021 2428 1101 operibus

423 1121 517 1176 turae
537 1110 702 1194 exemplo,
725 1131 892 1189 recemum
915 1109 1000 1191 quod
1021 1111 1058 1173 in
1079 1131 1118 1174 ea
1139 1110 1302 1174 Dominus
1324 1129 1400 1172 suos
1453 1105 1563 1170 Deum
1580 1106 1702 1184 laudat,
1725 1104 1786 1171 sibi
1804 1106 1950 1170 tribuens
1968 1105 2190 1188 ignominiam,
2213 1105 2262 1168 illi
2279 1105 2426 1188 gloriam,

365 1239 367 1245 -
424 1218 466 1261 ex
486 1195 652 1262 laboribus
674 1196 709 1260 in
731 1196 882 1279 quietem,
906 1217 947 1260 ex
966 1195 1140 1260 afflictione
1162 1195 1197 1258 in
1212 1214 1401 1276 prosperam
1453 1200 1550 1275 atque
1578 1193 1618 1256 ab
1646 1192 1716 1273 ipso
1744 1213 1876 1257 sumens
1904 1199 1938 1256 et
1959 1191 2197 1273 indulgentiam
2219 1201 2429 1273 peccatorum

424 1288 453 1347 ot
484 1282 647 1364 optabilem
673 1287 802 1360 statum,
834 1303 875 1345 ex
904 1281 1067 1345 moestitia
1095 1282 1131 1343 in
1159 1279 1330 1363 gaudium,
1359 1302 1401 1344 ex
1454 1285 1487 1341 et
1509 1276 1715 1342 dilectionem
1738 1286 1826 1341 recte
1848 1277 2022 1353 factorum,
2051 1276 2091 1341 de
2114 1277 2177 1341 hac
2199 1277 2266 1341 vita
2285 1276 2428 1341 liberan-

424 1377 618 1452 pauportate
639 1368 675 1430 in
698 1366 915 1444 affluentiam,
944 1388 987 1430 ex
1008 1366 1186 1449 ignominia
1207 1367 1242 1429 in
1263 1366 1401 1448 gloriam
1453 1364 1514 1429 dus
1535 1363 1573 1426 in
1589 1364 1788 1428 consortium
1800 1363 1923 1428 Christi
1941 1364 2070 1446 migrat.
2105 1361 2226 1442 Quare,
2249 1364 2313 1427 nisi
2330 1384 2429 1444 prop-

424 1453 575 1536 recipiat,
609 1453 720 1517 omnia
748 1452 886 1534 denique
914 1473 997 1532 quac
1025 1452 1172 1534 perpessi
1201 1463 1278 1515 sunt
1304 1451 1400 1527 mala,
1453 1456 1504 1513 ter
1525 1447 1644 1512 fidem?
1667 1470 1750 1530 quae
1771 1449 1848 1513 licet
1869 1451 1939 1513 sine
1962 1447 2112 1531 operibus
2134 1449 2300 1512 neminem
2321 1449 2430 1513 salvat

425 1538 518 1604 bonis
540 1539 716 1603 maioribus
737 1545 910 1620 permutet.
957 1535 1013 1602 Sic
1036 1544 1070 1601 et
1091 1537 1174 1601 nihil
1193 1537 1256 1600 erit
1276 1537 1401 1602 incom·
1453 1534 1540 1618 (ipsa
1561 1536 1649 1598 enim
1672 1543 1722 1599 est
1742 1556 1808 1599 nen
1829 1534 1967 1617 reproba
1986 1535 2076 1611 fides,
2099 1555 2182 1614 quae
2203 1556 2263 1617 per
2285 1533 2430 1598 dilectio-

425 1623 514 1688 modi
547 1624 576 1688 si
602 1625 689 1688 vitae
717 1623 924 1687 sanctitatem
948 1623 1173 1688 existimemus
1201 1643 1271 1687 esse
1301 1623 1399 1701 viam,
1453 1641 1529 1684 nem
1552 1619 1728 1703 operatur),
1751 1630 1862 1685 tamen
1883 1621 2067 1703 peripsam
2089 1620 2189 1682 etiam
2210 1629 2344 1701 peccata
2365 1620 2429 1685 sol-

426 1731 492 1774 non
526 1707 656 1791 quidem
683 1730 764 1789 quae
793 1707 916 1772 aditum
947 1709 1072 1791 aperiat
1097 1709 1134 1771 in
1160 1707 1298 1791 gloriam
1330 1727 1401 1772 coe-
1453 1714 1593 1782 vuntur,
1627 1707 1704 1787 quia
1730 1707 1835 1770 iustus
1861 1728 1903 1770 ex
1929 1704 1993 1769 fide
2021 1705 2117 1782 vivit;
2151 1704 2222 1769 sine
2247 1706 2319 1787 ipsa
2352 1727 2429 1770 vero

426 1796 516 1860 lestis
538 1795 647 1878 regni,
675 1792 732 1858 scd
755 1813 819 1875 qua
841 1793 936 1858 electi
964 1793 1077 1858 aDeo
1099 1814 1157 1858 suo
1184 1794 1219 1856 in
1239 1794 1310 1858 eius
1332 1815 1401 1857 ma
1452 1812 1536 1872 quae
1564 1791 1718 1855 videntur
1750 1792 1834 1855 bona
1866 1812 1978 1873 opera,
2012 1791 2048 1854 in
2080 1798 2212 1872 peccata
2243 1799 2428 1856 vertuntur.

426 1881 667 1945 nifastationem
690 1877 864 1944 ducantur:
890 1878 1020 1961 quando
1043 1879 1123 1944 haec
1145 1879 1229 1943 bona
1251 1879 1322 1943 eius
1344 1900 1403 1943 vo·
1452 1877 1518 1942 Hic
1540 1886 1627 1942 certe
1650 1899 1715 1940 non
1737 1876 1872 1941 obscure
1894 1878 2029 1953 fatetur,
2052 1875 2137 1958 quod
2159 1885 2328 1958 tantopere
2351 1898 2429 1941 con-

424 1965 536 2030 luntas
565 1971 628 2044 est,
663 1964 845 2047 glorificare
873 1986 954 2047 quos
982 1965 1205 2030 sanctificavit
1258 1966 1403 2029 Tantum
1453 1961 1633 2037 tendimus,
1663 1963 1740 2026 inde
1761 1961 1903 2045 pendere
1926 1961 2085 2026 bonorum
2111 1983 2246 2044 operum
2267 1963 2428 2028 iustitiam

425 2073 468 2115 ne
500 2050 746 2116 correlationem
778 2051 886 2114 meriti
916 2072 954 2116 ac
981 2049 1139 2115 mercedis
1173 2051 1400 2133 imaginemur,
1454 2047 1540 2130 quod
1561 2070 1619 2129 per
1641 2050 1772 2113 veniam
1794 2048 1865 2113 Deo
1887 2046 2120 2131 approbantur.
2256 2053 2263 2056 ’

426 2137 462 2200 in
495 2158 558 2220 qua
590 2135 777 2218 importuno
810 2136 950 2200 haerent
981 2137 1160 2220 sophistae,
1194 2136 1270 2217 quia
1301 2136 1401 2199 istum
1542 2139 1569 2196 t.
1605 2132 1835 2215 Superioribus
1853 2135 1931 2200 locis
1951 2135 2138 2216 proximum
2156 2154 2288 2198 sensum
2306 2132 2429 2198 habant

426 2242 523 2306 quem
555 2223 747 2303 exponimus
786 2221 886 2285 finem
920 2242 988 2285 non
1019 2221 1234 2287 considerant.
1291 2219 1403 2301 Quam
1454 2219 1522 2282 isti:
1546 2219 1643 2284 facite
1663 2221 1754 2285 vobis
1773 2221 1893 2284 amicos
1914 2218 1955 2283 de
1968 2240 2163 2283 mammona
2180 2219 2368 2302 iniquitatis,
2391 2227 2429 2283 ut
2503 2283 2508 2289 ,

427 2313 537 2372 autem
559 2313 805 2389 praeposterum
827 2314 892 2385 est,
921 2307 977 2372 ubi
1004 2306 1039 2371 in
1061 2329 1164 2371 unum
1186 2308 1286 2371 finem
1309 2316 1404 2371 vocat
1455 2326 1556 2386 quum
1577 2305 1773 2383 defeceritis,
1801 2306 1961 2388 recipiant
1981 2326 2038 2369 vos
2059 2305 2097 2368 in
2118 2313 2254 2368 aeterna
2275 2303 2429 2369 taberna-

425 2414 486 2458 nos
508 2392 698 2467 Dominus,
731 2392 887 2457 aliorsum
920 2392 1102 2475 respicere?
1157 2392 1251 2456 Nihil
1284 2391 1403 2456 clarius
1456 2391 1530 2455 cula
1550 2391 1646 2476 (Luc.
1675 2397 1727 2469 16,
1747 2390 1791 2475 9).
1847 2390 2015 2455 Divitibus
2034 2391 2142 2455 *huius
2181 2390 2301 2476 saeculi
2334 2411 2428 2472 prae-

427 2486 496 2555 est,
538 2500 636 2561 quam
669 2476 710 2541 ad
744 2478 979 2544 sublevandam
1012 2479 1119 2560 aliquo
1149 2477 1264 2542 solatio
1296 2479 1404 2542 carnis
1457 2477 1529 2558 cipe
1551 2497 1618 2540 non
1640 2477 1778 2559 superbe
1801 2496 1930 2559 sapere,
1960 2496 2064 2557 noque
2087 2497 2218 2558 sperare
2240 2476 2276 2539 in
2296 2476 2429 2541 incertis

426 2573 559 2629 nostrae
581 2561 795 2641 debilitatam,
825 2586 892 2628 non
919 2572 1029 2629 autem
1050 2563 1092 2627 ad
1114 2563 1277 2627 inflandos
1299 2563 1405 2645 gloria
1456 2561 1594 2643 diuina,
1623 2563 1737 2627 sedin
1759 2562 1832 2627 Deo
1854 2563 1942 2640 vivo;
1970 2561 2053 2626 bene
2076 2582 2188 2644 agere,
2217 2561 2336 2626 divites
2358 2562 2429 2625 fieri

428 2651 569 2726 animos,
603 2648 786 2714 mercedem
812 2651 907 2715 bonis
940 2649 1091 2732 operibus
1123 2649 1278 2731 promitti.
1335 2647 1403 2729 Qui
1455 2648 1490 2711 in
1523 2646 1616 2712 bonis
1642 2647 1808 2729 operibus,
1842 2648 2062 2712 thesaurizare
2091 2647 2153 2711 sibi
2179 2647 2429 2711 fundamentum

429 2756 507 2817 ergo
529 2735 684 2799 meritum
711 2756 843 2817 operum
866 2735 943 2799 inde
965 2735 1104 2817 colligit,
1132 2736 1179 2799 vel
1199 2735 1348 2816 appendit
1369 2736 1405 2798 ta
1456 2732 1580 2797 bonum
1605 2734 1640 2796 in
1666 2734 1827 2811 futurum,
1855 2742 1893 2797 ut
1919 2733 2168 2816 apprehendant
2193 2734 2297 2798 vitam
2324 2742 2430 2797 aeter·

429 2822 550 2885 meina
572 2840 650 2900 opas
670 2840 741 2885 cum
761 2822 909 2899 macedo,
938 2832 1067 2884 areoto
1089 2821 1154 2883 Dei
1175 2841 1271 2902 scopo
1292 2820 1405 2903 loapts·
1456 2818 1682 2902 nam(le
1703 2819 1809 2903 6,17).
1844 2817 1970 2901 Opibus
1992 2818 2081 2882 enim
2098 2828 2326 2901 comparantur
2342 2819 2430 2883 bona

429 2907 507 2972 ame
529 2906 667 2971 aberrat.
1456 2923 1568 2985 opera,
1597 2907 1714 2987 quibus
1747 2906 1783 2969 in
1809 2905 2011 2970 beatitudine
2043 2905 2131 2969 vitae
2160 2911 2312 2969 aeternae
2338 2905 2428 2968 frua·

517 2996 544 3054 5.
585 2991 730 3055 Proinde
773 3012 860 3066 uum¹
875 2991 1037 3073 scriptura
1059 2991 1138 3056 dicit
1159 2992 1193 3075 (2
1213 2992 1295 3055 Tim.
1316 2997 1344 3066 4,
1358 2990 1403 3070 8),
1456 3011 1541 3053 mur.
1585 2991 1793 3073 Respondeo,
1823 3012 1883 3056 nos
1906 2991 1948 3055 ad
1970 3012 2083 3056 veram
2107 3011 2219 3055 eorum
2243 2989 2428 3071 intelligen-

429 3077 539 3141 Deum
565 3075 687 3139 iustum
715 3077 750 3139 iu
775 3076 856 3141 'com
881 3075 1086 3141 redditurum
1115 3076 1194 3140 olim
1216 3078 1283 3142 suis
1310 3077 1405 3140 iusti-
1455 3076 1536 3138 tiam
1566 3097 1735 3159 nunquam
1761 3098 1963 3156 accessuros,
1997 3077 2061 3141 nisi
2094 3077 2202 3142 oculos
2234 3077 2269 3138 in
2295 3096 2429 3157 scopmn

428 3161 493 3225 tiae
521 3181 689 3239 coronam,
711 3182 785 3233 ¹non
812 3168 941 3226 tantum
968 3183 1042 3227 cum
1061 3163 1249 3245 Augustino
1263 3163 1287 3246 ¹)
1315 3164 1404 3227 exci-
1456 3169 1698 3240 convertamus,
1733 3184 1795 3245 quo
1828 3183 1888 3228 sua
1915 3161 2015 3228 verba
2047 3163 2183 3245 spiritus
2214 3161 2334 3244 dirigit.
2391 3159 2429 3225 Si

427 3248 493 3329 pio:
517 3247 570 3312 cui
600 3245 751 3311 redderet
775 3247 881 3311 iustus
903 3247 1002 3312 iudex
1024 3269 1185 3328 coronam,
1209 3249 1238 3313 si
1259 3271 1326 3313 non
1348 3248 1405 3313 ‹lo-
1456 3268 1573 3312 verum
1594 3255 1645 3312 ost
1665 3249 1751 3330 quod
1774 3249 1822 3313 ait
1839 3249 2006 3326 Christus,
2034 3247 2080 3312 ibi
2110 3249 2255 3312 animum
2281 3254 2432 3311 nostrum

427 3340 540 3398 nasset
563 3333 704 3416 gratiam
723 3332 908 3398 misericors
933 3332 1048 3417 pater?
1079 3342 1113 3396 et
1136 3334 1297 3416 quomodo
1319 3340 1406 3399 esset
1457 3332 1599 3398 residere
1631 3333 1687 3399 ubi
1720 3342 1771 3400 est
1799 3335 1972 3399 thesamus
2000 3342 2124 3411 noster,
2159 3331 2432 3416 quemadmodum

427 3418 553 3483 iustitia
574 3419 639 3482 nisi
660 3419 889 3501 praecessisset
910 3420 1032 3503 gratia,
1056 3440 1141 3502 quae
1166 3421 1322 3485 iustificat
1342 3420 1405 3483 im-
1456 3418 1517 3483 filii
1543 3420 1666 3485 saeculi
1692 3421 1812 3485 intenti
1840 3442 1911 3485 esse
1938 3420 2043 3484 solent
2065 3420 2107 3484 ad
2137 3439 2177 3483 ea
2203 3418 2431 3501 comparanda,

427 3504 539 3587 pium?
569 3504 729 3587 quomodo
750 3504 814 3569 ista
836 3504 946 3570 debita
966 3504 1197 3583 redderentur,
1225 3506 1290 3571 nisi
1311 3506 1405 3588 prius
1457 3526 1540 3590 quae
1562 3507 1603 3570 ad
1625 3508 1807 3589 praesentis
1830 3508 1916 3571 vitae
1937 3505 2069 3570 delicias
2091 3506 2229 3582 faciunt,
2258 3505 2307 3568 ita
2327 3503 2432 3568 fidoli·

426 3590 486 3654 illa
507 3589 652 3655 indebita
674 3589 852 3654 darentur?
881 3590 938 3655 sed
966 3590 1055 3655 aliud
1079 3593 1177 3655 etiam
1199 3591 1295 3655 addo:
1325 3611 1404 3673 quo·
1457 3593 1518 3657 bus
1539 3591 1716 3657 videndum
1739 3601 1797 3672 est,
1819 3612 1879 3674 pos
1917 3613 1991 3655 uam
2005 3591 2090 3656 hano
2103 3591 2207 3655 vitam
2224 3592 2329 3655 instar
2346 3610 2432 3654 som-

427 3674 523 3740 modo
544 3676 703 3740 iustitiam
721 3677 899 3758 imputaret
918 3678 1039 3741 nostris
1057 3677 1217 3758 operibus,
1239 3678 1303 3740 nisi
1316 3675 1405 3758 quod
1458 3680 1506 3742 nii
1528 3691 1604 3741 mox
1627 3678 1834 3742 evanituram
1856 3676 1890 3741 di
1915 3678 2055 3755 'cerunt,
2083 3684 2121 3741 ut
2139 3697 2188 3754 ea,
2216 3675 2333 3757 quibus
2356 3696 2433 3740 vere

425 3761 606 3825 iniustitiae
633 3762 670 3824 in
697 3761 762 3826 illis
780 3770 832 3827 cst-
860 3760 1073 3827 absconderet
1095 3784 1154 3827 sua
1176 3761 1403 3846 indulgentia?
1457 3764 1521 3828 frui
1542 3763 1666 3842 volunt,
1690 3785 1727 3827 oo
1750 3763 1978 3829 transmittant
1999 3762 2054 3826 ubi
2076 3762 2213 3828 solidam
2231 3763 2334 3827 vitam
2355 3769 2435 3825 sunt

427 3845 586 3929 quomodo
608 3855 756 3911 censeret
777 3847 877 3931 digna
899 3848 1061 3926 mercede,
1085 3848 1149 3913 nisi
1174 3846 1260 3930 quod
1280 3849 1317 3913 in
1338 3848 1404 3911 illis
1457 3848 1609 3913 habituri.
1655 3847 1753 3929 Quod
1774 3871 1851 3933 orgo
1872 3849 2012 3927 faciunt,
2046 3849 2103 3932 qui
2131 3847 2314 3930 demigrare
2339 3848 2434 3911 insti-

427 3951 534 4080 goena
565 3930 702 4014 dignum
733 3941 784 3997 ost
820 3933 983 3999 immensa
1009 3934 1210 4018 benignitate
1239 3933 1403 3999 aboleret?
1458 3941 1557 3998 tuunt
1578 3935 1614 3997 in
1638 3934 1906 4017 locumaliquem,
1930 3932 1986 3999 ubi
2007 3942 2202 4017 perpetuam
2215 3935 2303 3998 vitae
2321 3932 2433 3997 sedem

456 4016 522 4080 olet
542 4017 630 4080 enim
651 4016 707 4081 ille
728 4019 782 4082 vir
805 4019 946 4102 gratiam
973 4021 1144 4084 nominare
1168 4021 1270 4084 vitam
1298 4025 1403 4084 aeter·
1458 4020 1642 4103 elegerunt,
1679 4021 1773 4084 nobis
1798 4020 1997 4084 imitandum
2023 4027 2081 4084 est.
2131 4019 2354 4084 Praemittunt
2385 4017 2434 4081 illi

428 4123 520 4179 nam,
550 4102 627 4184 quia
648 4105 800 4186 gratuitis
822 4103 887 4168 Dei
909 4104 1002 4170 donis
1025 4105 1199 4185 reddatur,
1228 4106 1307 4170 dum
1329 4127 1406 4188 ope·
1457 4126 1534 4170 suas
1556 4106 1737 4183 fatultates,
1762 4128 1864 4189 neque
1886 4105 1952 4170 illis
1975 4105 2016 4169 ad
2039 4115 2169 4188 tempus
2191 4127 2288 4188 aegre
2305 4113 2433 4180 carent;

418 4187 518 4253 ribus
547 4188 744 4270 rependitur.
789 4191 836 4253 At
862 4191 1024 4272 scriptura
1049 4212 1110 4256 nos
1138 4192 1226 4256 ultra
1252 4191 1406 4256 humiliat
1457 4191 1536 4274 quia
1557 4214 1592 4256 se
1615 4193 1774 4258 beatiores
1796 4214 1834 4257 eo
1855 4200 1983 4275 putant,
2005 4212 2071 4274 quo
2092 4191 2166 4273 plus
2188 4189 2311 4254 habent
2333 4189 2434 4251 bono-

427 4274 573 4339 asima
594 4275 694 4358 crepa
731 4275 818 4338 Nam
839 4285 1067 4358 praeterquam
1088 4277 1174 4360 quod
1195 4277 1231 4340 in
1253 4276 1406 4359 operibus
1457 4299 1533 4341 rum
1556 4276 1611 4341 ubi
1634 4276 1690 4342 diu
1710 4286 1788 4342 sunt
1809 4278 1921 4342 futmi.
1966 4278 2069 4343 Nobis
2095 4278 2124 4342 si
2146 4276 2270 4340 coelum
2291 4275 2434 4356 patriam

428 4359 562 4442 gloriari
584 4368 690 4437 vetat,
719 4361 795 4442 quia
822 4368 903 4425 sunt
924 4362 1068 4444 gratuita
1089 4363 1154 4426 Dei
1177 4362 1278 4439 dona,
1308 4361 1405 4426 simul
1457 4383 1529 4428 esse
1550 4361 1721 4441 credimus,
1741 4363 1820 4427 illue
1836 4364 1945 4446 potius
1962 4364 2185 4427 transmittere
2207 4380 2283 4441 opes
2305 4367 2434 4421 nostras

428 4443 571 4510 faecibus
593 4445 788 4528 quibusdam
810 4466 939 4529 semper
960 4447 1132 4530 inquinata
1154 4470 1224 4513 esse
1242 4448 1344 4525 docet,
1367 4455 1406 4512 ut
1459 4449 1625 4526 convenit,
1649 4467 1748 4529 quam
1769 4450 1824 4514 hio
1852 4451 2005 4526 rotinere,
2030 4449 2087 4513 ubi
2109 4446 2217 4512 subita
2238 4444 2434 4526 migratione
2488 4445 2497 4453 “

428 4528 500 4594 Deo
522 4532 708 4597 satisfacere
730 4533 944 4614 nonpossint
969 4532 997 4597 si
1019 4532 1061 4597 ad
1082 4532 1193 4598 iudicii
1215 4535 1286 4598 eius
1308 4553 1405 4616 regu-
1458 4534 1605 4616 peritura
1626 4532 1719 4598 nobis
1741 4535 1816 4599 sint.
1846 4533 2016 4615 Quomodo
2029 4542 2138 4597 autem
2151 4528 2432 4595 transmittemus?

428 4614 496 4680 lam
523 4617 766 4696 examinentur,
795 4618 862 4696 scd,
896 4639 934 4682 aa
966 4620 1107 4684 scateat
1132 4620 1220 4684 notis
1245 4620 1405 4697 camus,
1458 4640 1576 4701 nempe
1601 4620 1629 4684 si
1658 4640 1840 4703 pauperum
1868 4619 2113 4685 necessitatibus
2142 4617 2433 4683 communicamus:

428 4721 516 4767 maa
537 4704 627 4768 venio
643 4705 777 4785 placere.
821 4704 897 4769 Etsi
924 4711 1033 4768 autem
1056 4704 1154 4786 paulo
1178 4705 1272 4769 aliter
1295 4705 1406 4785 Aapu-
1457 4704 1574 4787 quibus
1595 4705 1752 4788 quidquid
1774 4714 1943 4790 erogatur,
1965 4704 2027 4769 sibi
2050 4702 2165 4767 datum
2185 4701 2350 4766 Dominus
2372 4702 2435 4764 im·

427 4789 531 4852 assus
552 4810 651 4871 quam
672 4811 732 4855 nos
752 4789 912 4872 loquitur,
935 4790 971 4854 in
992 4811 1028 4853 re
1050 4799 1161 4854 tamon
1183 4812 1249 4854 non
1271 4793 1317 4854 ita
1339 4788 1406 4855 dis·
1456 4799 1558 4872 putat
1574 4791 1710 4874 (Matth.
1731 4796 1781 4871 25,
1795 4792 1860 4874 40).
1900 4788 1996 4856 Unde
2019 4789 2152 4872 egregia
2173 4789 2231 4853 illa
2248 4787 2433 4870 promissio:

428 4872 550 4936 sentire
571 4876 731 4939 constabit
752 4897 794 4939 ex
816 4876 886 4939 eius
905 4873 1022 4952 vorbis,
1045 4874 1128 4939 libro
1146 4875 1187 4939 ad
1199 4875 1405 4940 Bonifacium
1457 4876 1515 4959 qui
1536 4876 1678 4961 largitur
1695 4879 1847 4961 pauperi,
1869 4875 2013 4942 Domino
2034 4875 2222 4939 foeneratur
2245 4874 2357 4957 (Prov.
2385 4878 2433 4947 19,

428 4956 540 5032 tertio,
563 4978 631 5039 oap.
657 4963 684 5022 5.
730 4960 797 5026 Ubi
819 4982 921 5043 quum
945 4963 1032 5025 inter
1054 4981 1089 5024 se
1112 4960 1191 5025 duos
1213 4961 1405 5026 contulisset
1462 4960 1524 5045 17).
1574 4962 1675 5027 Item:
1709 4963 1764 5047 qni
1797 4963 1937 5046 benigne
1971 4962 2127 5038 seminat,
2160 4961 2302 5044 benigne
2334 4967 2436 5023 motet

429 5038 588 5118 homines,
608 5041 747 5108 alterum
769 5047 856 5111 vitae
878 5069 979 5129 usque
1002 5045 1255 5111 admiraculum
1274 5055 1405 5112 sanctae
1457 5049 1492 5130 (2
1512 5046 1587 5112 Oor.
1606 5054 1639 5126 9,
1661 5048 1704 5132 6).
1749 5051 1970 5133 Deponuntur
1998 5049 2085 5112 enim
2114 5047 2150 5110 in
2178 5069 2278 5111 manu
2300 5044 2435 5109 Domini

429 5133 464 5190 et
489 5124 673 5223 absolutae,
708 5129 849 5194 altorum
875 5131 1014 5216 probum
1043 5130 1174 5214 quidem
1202 5140 1236 5196 et
1267 5131 1405 5215 integris
1457 5155 1541 5217 quae
1562 5134 1718 5199 fratribus
1736 5157 1777 5200 cx
1800 5135 1946 5201 caritatis
1964 5133 2069 5198 officio
2086 5132 2330 5216 impenduntur.
2363 5129 2432 5204 Illo,

427 5210 581 5288 moribus,
605 5232 672 5275 non
692 5219 802 5288 tamen
823 5215 903 5281 odeo
924 5218 1105 5300 perfectum
1126 5219 1206 5301 quin
1227 5216 1406 5282 desiderari
1457 5227 1497 5282 ut
1523 5229 1574 5283 est
1602 5219 1705 5285 bonae
1730 5219 1806 5286 fidei
1828 5219 2061 5304 depositarius,
2091 5219 2170 5284 olim
2191 5218 2340 5284 restituet
2361 5236 2436 5281 cum

427 5298 463 5361 in
484 5318 523 5362 eo
544 5296 689 5362 multum
710 5308 817 5380 queat,
838 5300 972 5367 tandem
993 5304 1106 5368 infert:
1128 5325 1246 5387 nempe
1265 5304 1327 5368 iste
1349 5304 1405 5386 qui
1457 5305 1586 5387 copioso
1618 5305 1758 5371 foenore.
1813 5307 1948 5392 Ergone
1979 5307 2063 5370 tanti
2096 5314 2174 5370 sunt
2206 5303 2292 5386 apud
2325 5301 2438 5367 Deum

427 5382 572 5448 moribus
590 5382 646 5448 illo
659 5383 789 5449 videtur
801 5384 944 5466 inferior,
962 5397 1096 5471 propter
1111 5390 1281 5455 rectamin
1294 5389 1406 5454 Deum
1458 5399 1571 5456 nostra
1590 5391 1697 5457 officia
1718 5399 1756 5457 ut
1777 5393 1845 5457 sint
1865 5393 1903 5457 in
1924 5394 1994 5458 eius
2015 5411 2117 5455 manu
2139 5391 2233 5472 quasi
2250 5387 2437 5453 reconditae

1458 5477 1553 5542 nobis
1573 5477 1672 5560 opes?
1714 5478 1761 5543 Et
1782 5479 1856 5560 quis
1879 5478 2014 5543 horreat
2034 5477 2083 5540 ita
2103 5475 2200 5557 loqui,
2223 5494 2323 5555 quum
2341 5471 2437 5534 toties

1459 5582 1496 5627 ao
1523 5572 1592 5627 tam
1620 5571 1732 5646 aperte
1758 5564 1791 5628 id
1819 5571 1960 5628 testetur
1982 5558 2165 5644 scriptura?
2210 5556 2438 5622 caeterumsi

499 5654 527 5722 l)
544 5659 658 5726 supet.
677 5658 713 5712 ad
732 5658 839 5712 Valent.
858 5659 892 5712 de
909 5661 999 5728 nuti·
1016 5667 1045 5716 ot
1062 5663 1108 5715 lib.
1127 5663 1220 5716 urbita.
1457 5649 1533 5728 quis
1554 5670 1574 5711 a
1596 5670 1687 5714 mera
1700 5651 1763 5715 Dei
1782 5649 1984 5732 benignitate
1999 5645 2180 5710 transsiliro
2204 5642 2282 5708 velit
2299 5641 2341 5706 ad
2359 5661 2437 5724 opo·
