5600 6809
401 739 441 800 65
786 737 881 836 LIB.
899 737 925 801 Ι.
970 737 1034 801 DE
1057 733 1345 802 OOGNI'PIONE
1367 736 1452 801 DEI
1473 735 1747 803 OREATORIS.
1793 735 1894 806 OAP.
1916 738 2014 804 VIII.
2046 728 2049 732 ”
2361 744 2403 806 66

399 923 589 990 exiturum?
637 926 684 989 Et
714 945 816 1006 quum
848 925 915 989 illic
947 933 1072 1007 septem
1104 933 1214 989 essent
1244 925 1371 1003 fratres,
1425 933 1531 989 erunt.
1570 923 1700 989 Olarior
1721 927 1809 990 enim
1833 934 1883 990 est
1904 928 1968 991 ista
1989 927 2223 993 demonstratio
2246 950 2344 1011 quam
2367 941 2405 995 ut

398 1013 470 1094 quis
497 1011 633 1074 minimo
662 1025 742 1074 natu
771 1010 928 1074 honorem
957 989 1177 1075 destinasset?
1220 1008 1295 1089 Qua
1317 1010 1373 1073 de-
1425 1010 1501 1074 ullis
1524 1011 1650 1075 cavillis
1672 1012 1714 1075 sit
1737 1012 1886 1076 obnoxia.

397 1095 474 1161 inde
496 1096 621 1160 ratione
642 1096 683 1160 ad
704 1117 795 1178 spem
816 1098 909 1179 regni
927 1096 1097 1180 pervenit?
1126 1093 1209 1176 Quis
1227 1096 1373 1161 humana
1512 1100 1541 1159 9.
1586 1094 1662 1161 Scio
1683 1096 1761 1178 quid
1781 1099 1816 1160 in
1838 1097 1967 1181 angulis
1985 1096 2174 1180 obstrepant
2195 1099 2327 1182 quidam
2345 1123 2403 1167 nc-

398 1190 469 1248 arte
490 1182 544 1247 vcl
571 1182 733 1246 industria
753 1181 804 1246 vel
828 1182 1007 1263 prudentia
1034 1182 1250 1265 gubernatam
1272 1183 1373 1247 firisse
1425 1182 1569 1259 buloncs,
1593 1192 1630 1245 ut
1651 1187 1685 1245 in
1709 1183 1928 1265 oppugnanda
1950 1184 2012 1246 Dei
2035 1190 2172 1248 veritate
2194 1206 2330 1251 acumen
2352 1188 2403 1251 in-

398 1269 584 1334 unctionem
617 1268 716 1346 dieat,
750 1288 787 1332 ac
820 1289 885 1331 non
917 1269 1026 1350 petius
1053 1268 1198 1332 vaticinii
1226 1267 1373 1333 eoelestis
1427 1269 1513 1351 genii
1537 1269 1589 1330 sui
1611 1277 1783 1332 ostentent.
1829 1267 2003 1348 Quaeramt
2025 1271 2127 1347 enim,
2155 1272 2228 1352 quis
2249 1292 2310 1337 nes
2332 1295 2403 1339 cer·

397 1354 671 1436 complementum
698 1353 789 1418 esse?
839 1351 1000 1418 Similiter
1031 1374 1116 1436 quae
1149 1352 1188 1418 de
1222 1354 1372 1436 gentibus
1426 1356 1524 1418 tiores
1546 1354 1658 1418 fecerit
1680 1354 1810 1418 aMose
1827 1364 1861 1417 et
1877 1354 2045 1436 prophetis
2063 1354 2143 1420 baec
2161 1357 2261 1422 fuisse
2282 1361 2403 1441 scripta

397 1441 432 1504 in
458 1439 571 1504 foedus
598 1441 662 1502 Dei
689 1439 891 1521 cooptandis,
921 1440 1058 1503 obscure
1085 1439 1173 1516 lieet,
1205 1438 1371 1521 praedicit,
1426 1461 1509 1521 quae
1531 1438 1591 1503 sub
1619 1461 1731 1503 corum
1753 1439 1940 1504 nominibus
1969 1439 2144 1522 leguntur?
2190 1441 2401 1522 Quinetiam

397 1546 500 1610 quum
527 1534 601 1607 pest
628 1525 691 1588 duo
718 1525 786 1588 fere
808 1545 968 1589 annorum
997 1525 1101 1589 millia
1122 1526 1305 1603 evenerint,
1330 1546 1373 1588 an
1426 1527 1649 1607 quaestionem
1676 1545 1809 1589 movere
1837 1525 1974 1600 audent,
2004 1526 2144 1590 fircritne
2171 1549 2315 1609 unquam
2344 1530 2403 1593 ali·

396 1632 464 1676 nen
493 1610 603 1674 divino
632 1611 745 1674 afflatu
772 1612 879 1693 ipsum
906 1610 1078 1692 loquutum
1102 1632 1172 1675 esse
1193 1611 1302 1693 palam
1324 1611 1372 1675 ia·
1426 1612 1498 1693 quis
1520 1610 1651 1674 Moses?
1686 1611 1733 1673 At
1754 1613 1781 1674 si
1804 1612 1876 1693 quis
1898 1612 1933 1675 in
1955 1611 2091 1676 dubium
2112 1620 2243 1677 revocet
2263 1614 2403 1679 fi1eritne

398 1695 509 1761 ciunt?
565 1695 691 1761 Omitto
723 1696 804 1760 alias
830 1696 1080 1777 praedictiones,
1114 1716 1196 1778 quae
1226 1696 1372 1761 divinam
1426 1716 1570 1777 unquam
1601 1696 1652 1760 vel
1680 1696 1777 1761 Plato
1806 1697 1936 1778 aliquis,
1959 1698 2013 1762 vel
2036 1698 2243 1777 Aristoteles,
2272 1700 2325 1764 vel
2347 1698 2403 1765 ci-

397 1781 629 1847 revelatienem
655 1783 702 1846 ita
728 1782 824 1864 plane
847 1783 986 1864 spirant,
1017 1790 1055 1846 ut
1075 1783 1164 1847 sanis
1187 1781 1373 1847 hominibus
1426 1802 1513 1859 cero,
1543 1782 1615 1862 quis
1650 1803 1716 1845 non
1744 1782 1889 1864 colaphis
1924 1794 1981 1847 aut
2012 1782 2151 1865 flagellis
2179 1784 2403 1868 castigandam

399 1876 524 1934 constet
547 1867 657 1932 Deum
689 1889 760 1932 csse
790 1869 848 1949 qui
872 1868 1022 1950 loquitur.
1072 1868 1240 1946 Breviter,
1268 1889 1372 1931 unum
1425 1866 1525 1931 talem
1547 1868 1708 1931 insaniam
1732 1866 1839 1932 dicat?
1885 1868 1966 1932 Fuit
1986 1869 2041 1933 lex
2059 1869 2162 1934 Mesis
2182 1870 2311 1934 coelesti
2333 1893 2405 1935 ma-

399 1954 562 2020 cantioum
591 1953 703 2035 (Deut.
726 1953 781 2037 32)
813 1953 942 2017 illustre
972 1954 1140 2036 speculum
1169 1962 1219 2017 est
1247 1955 1283 2017 in
1309 1975 1372 2036 que
1425 1953 1476 2036 gis
1504 1953 1721 2035 providentia,
1750 1975 1848 2034 quam
1877 1954 2050 2018 hominum
2077 1955 2184 2019 studio
2210 1956 2404 2021 mirabiliter

398 2039 490 2104 Deus
511 2039 678 2104 evidenter
700 2047 843 2121 apparet.
1425 2049 1623 2103 conservata.
1668 2038 1714 2102 Et
1746 2059 1933 2121 quanquam
1965 2040 2167 2124 negligentia
2198 2042 2403 2106 sacerdotum

484 2129 513 2188 8.
563 2124 606 2188 In
632 2124 764 2206 reliquis
792 2132 902 2188 autem
929 2124 1229 2207 prephetisjmulte
1257 2126 1371 2188 ctiam·
1425 2123 1467 2188 ad
1500 2124 1598 2212 breve
1630 2131 1759 2206 tempus
1793 2125 1920 2206 sepulta
1947 2126 2060 2203 iacuit,
2094 2147 2220 2208 exque
2247 2128 2321 2209 pius
2343 2151 2403 2192 rex

397 2231 479 2274 num
508 2211 628 2276 clarius
653 2211 687 2274 id
722 2211 875 2275 cernitur.
925 2211 1038 2275 Pauca
1064 2219 1194 2273 tantum
1222 2211 1372 2291 exempla
1424 2208 1527 2273 Iesias
1554 2231 1627 2272 eam
1655 2210 1795 2287 invenit,
1824 2232 1883 2292 per
1910 2212 2080 2275 continuas
2103 2221 2247 2276 aetatum
2276 2235 2403 2278 sucees-

398 2295 555 2380 deligam,
582 2298 662 2378 quia
688 2297 723 2358 in
751 2296 901 2361 omnibus
927 2295 1117 2379 colligendis
1144 2297 1264 2360 nimius
1286 2304 1373 2360 esset
1424 2296 1530 2359 siones
1556 2296 1643 2359 inter
1669 2317 1787 2360 manus
1824 2296 1994 2360 hominum
2023 2305 2154 2362 versata
2178 2308 2237 2363 est
2288 2299 2403 2381 Neque

397 2381 495 2446 labor.
526 2381 637 2461 Quum
656 2382 781 2446 Iesaiae
798 2393 942 2464 tempore
960 2391 1110 2462 pacatum
1129 2390 1215 2447 essct
1231 2403 1370 2465 regnum
1423 2401 1501 2445 vere
1522 2381 1614 2462 quasi
1641 2402 1712 2445 rem
1732 2381 1881 2464 ignotam
1903 2390 1961 2446 aut
1986 2404 2105 2447 nevam
2134 2384 2269 2465 protulit
2291 2383 2400 2462 losias,

396 2467 494 2543 Iuda,
522 2469 588 2531 imo
610 2488 710 2549 quum
740 2469 774 2530 in
797 2465 971 2532 Chaldaeis
993 2466 1114 2550 aliquid
1135 2467 1289 2550 praesidii
1310 2468 1371 2531 sibi
1424 2466 1481 2531 sed
1502 2487 1586 2548 quae
1610 2466 1742 2548 semper
1764 2468 1899 2550 vulgata
1926 2468 2048 2546 fuerat,
2078 2477 2111 2532 et
2133 2471 2225 2534 cuius
2247 2476 2326 2534 tunc
2349 2491 2402 2535 ce-

396 2555 575 2636 repesitum
598 2560 737 2636 putaret,
761 2552 800 2616 de
812 2553 937 2618 excidio
950 2554 1041 2618 urbis
1063 2553 1238 2635 populique
1256 2553 1370 2616 exsilio
1423 2552 1523 2617 lebris
1544 2559 1616 2616 erat
1638 2553 1802 2617 memoria.
1837 2554 1993 2618 Dicatum
2012 2564 2084 2618 erat
2105 2555 2228 2637 temple
2247 2555 2401 2620 volumen

395 2638 649 2704 concionabatur
660 2638 791 2702 Iesaias.
821 2639 869 2704 Ut
889 2639 1012 2717 demus,
1034 2637 1181 2704 nendum
1205 2639 1284 2703 satis
1304 2638 1370 2702 cla·
1424 2647 1620 2720 prototypon
1627 2661 1635 2716 ;
1657 2638 1799 2702 dicatum
1822 2640 1922 2721 regiis
1945 2639 2088 2705 archivis
2109 2640 2309 2722 descriptum
2325 2642 2402 2705 inde

396 2746 472 2789 rum
500 2724 664 2805 specimen
690 2723 789 2788 fuisse
817 2724 920 2789 divini
946 2725 1135 2802 instinctus,
1165 2723 1267 2788 multo
1294 2732 1371 2787 ante
1424 2724 1599 2806 exemplar.
1649 2725 1794 2787 'lantum
1822 2723 1883 2789 hoc
1911 2724 2075 2790 acciderat
2103 2725 2189 2807 qued
2217 2726 2401 2791 sacerdotes

395 2808 583 2893 praedicere
612 2830 694 2891 quae
722 2819 799 2873 tunc
826 2809 1020 2875 videbantur
1046 2810 1208 2887 fabulosa,
1238 2808 1371 2874 tandem
1423 2810 1529 2892 legem
1556 2809 1661 2890 ipsam
1692 2831 1734 2872 ex
1762 2809 1889 2873 solenni
1918 2832 2008 2874 more
2037 2811 2203 2896 publicare
2226 2811 2399 2891 desierant,

396 2916 476 2960 vera
508 2903 744 2976 apparuerunt:
779 2917 862 2977 quae
894 2903 1006 2959 tamen
1031 2896 1128 2960 simul
1156 2895 1195 2959 de
1221 2894 1371 2977 redemp-
1423 2903 1457 2960 et
1483 2894 1623 2976 populus
1650 2895 1748 2959 etiam
1775 2896 1846 2976 ipsc
1866 2896 2022 2960 usitatam
2048 2897 2220 2962 lectionem
2248 2898 2402 2980 neglexe-

397 2982 484 3045 tioue
505 2980 662 3045 vaticinia
683 2980 758 3057 edit,
781 2981 869 3045 unde
891 2981 955 3046 nisi
976 3003 996 3045 a
1017 2980 1089 3045 Dee
1110 2981 1255 3063 proiecta
1270 2981 1371 3045 fuisse
1423 2989 1483 3045 rat.
1534 2977 1623 3058 Quid
1655 2979 1741 3061 quod
1772 2980 1900 3044 nullum
1932 2981 2000 3044 fere
2033 2983 2201 3047 saeculum
2232 2984 2403 3066 praeteriit

398 3065 565 3131 dicemus?
616 3065 741 3150 Cyrum
768 3068 925 3130 nominat
945 3066 1021 3150 (les.
1042 3072 1092 3144 45,
1115 3067 1162 3150 l),
1189 3087 1248 3149 per
1274 3087 1371 3149 quem
1423 3087 1487 3149 quo
1509 3085 1574 3129 non
1593 3067 1784 3130 confirmata
1801 3074 2031 3148 renovataque·
2044 3069 2144 3130 fuerit
2162 3069 2231 3131 eius
2250 3055 2399 3134 sanctio?

398 3151 570 3234 subigendi
591 3161 685 3216 erant
712 3150 885 3228 Chaldaei,
914 3159 948 3217 et
968 3152 1109 3235 populus
1130 3154 1166 3215 in
1187 3150 1371 3216 libertatem
1424 3171 1466 3215 an
1493 3152 1534 3216 iis
1562 3152 1746 3234 incognitus
1774 3159 1845 3215 erat
1866 3152 1975 3216 Moses
2003 3154 2059 3234 qui
2087 3151 2250 3218 Davidem
2279 3162 2401 3219 tracta·

399 3236 601 3302 asserendus.
646 3238 761 3320 Elapsi
783 3245 862 3302 sunt
888 3239 967 3301 anni
994 3238 1069 3320 plus
1091 3245 1222 3303 centum
1244 3258 1286 3302 ex
1308 3259 1370 3319 quo
1423 3237 1524 3303 bant?
1569 3237 1709 3314 Verum,
1739 3245 1776 3301 ut
1798 3237 1837 3301 de
1859 3238 2010 3302 omnibus
2033 3237 2130 3303 simul
2158 3238 2287 3319 loquar,
2311 3249 2401 3304 certe

397 3324 445 3387 ita
472 3324 667 3388 vaticinatus
696 3331 746 3388 est
777 3323 936 3405 propheta
963 3325 1155 3408 priusquam
1182 3333 1371 3389 nasceretur
1423 3324 1544 3390 sertim
1567 3332 1617 3387 est
1635 3325 1783 3406 ipsorum
1805 3324 1926 3405 scripta
1947 3346 2013 3387 nen
2033 3324 2129 3388 aliter
2149 3324 2337 3405 pervenisse
2358 3324 2402 3388 ad

399 3407 514 3492 Cyrus.
559 3409 645 3472 Nam
673 3408 726 3473 hic
753 3410 927 3473 centesimo
954 3409 1087 3473 demum
1116 3430 1203 3473 anno
1229 3417 1287 3473 aut
1308 3411 1371 3475 eir-
1424 3417 1571 3492 posteros
1598 3429 1697 3490 quam
1724 3409 1764 3473 de
1790 3430 1892 3473 manu
1914 3411 1948 3472 in
1971 3431 2120 3486 manum,
2149 3417 2187 3471 ut
2207 3410 2255 3472 ita
2275 3409 2399 3491 loquer,

400 3495 480 3559 citer
497 3503 571 3575 post
596 3494 683 3557 illius
711 3503 850 3559 mortem
877 3503 1053 3560 natusest.
1098 3496 1204 3560 Nemo
1226 3494 1372 3560 divinare
1424 3502 1581 3578 perpetua
1601 3515 1762 3558 annerum
1785 3495 1868 3559 serie
1890 3517 1910 3560 a
1931 3495 2077 3578 patribus
2099 3494 2229 3572 tradite,
2251 3496 2307 3576 qui
2324 3515 2401 3578 par-

400 3587 478 3644 tune
498 3588 626 3662 peterat
652 3581 720 3644 fere
747 3581 888 3662 aliquem
910 3580 1108 3665 Oyrumcui
1130 3602 1205 3646 cum
1229 3581 1372 3666 Babylo·
1425 3583 1484 3644 tim
1517 3581 1685 3663 loquentes
1718 3580 1904 3659 audierant,
1935 3583 2057 3662 partim
2090 3581 2211 3645 recenti
2244 3583 2401 3645 memoria
2511 3633 2515 3639 .

397 3666 461 3729 niis
482 3665 603 3730 bellum
625 3666 773 3729 futurum
795 3674 892 3745 esset;
916 3667 979 3748 qui,
1001 3679 1069 3730 tam
1088 3667 1218 3748 petenti
1242 3688 1372 3731 monar-
1425 3666 1593 3731 discebant
1615 3666 1655 3730 ab
1676 3665 1887 3742 auditoribus,
1911 3667 2011 3729 fuisse
2032 3668 2077 3729 ita
2100 3666 2259 3749 loquutus.

398 3751 473 3817 chia
494 3752 554 3815 sub
575 3772 710 3815 manum
731 3772 826 3816 suam
846 3750 986 3830 redacta,
1007 3753 1107 3816 finem
1127 3752 1293 3818 israelitici
1314 3774 1372 3835 pe-
1514 3757 1561 3816 10.
1606 3752 1677 3815 Imo
1698 3751 1785 3832 quod
1812 3773 1854 3815 ex
1881 3752 2157 3816 Machabaeerum
2185 3751 2321 3816 historia
2343 3752 2401 3816 cb·

398 3836 466 3920 puli
494 3836 609 3900 exsilio
638 3839 826 3919 imponeret.
876 3837 974 3902 Nuda
1001 3838 1082 3903 haee
1107 3840 1266 3916 narratio,
1301 3839 1372 3903 sine
1424 3838 1540 3903 iiciunt
1564 3837 1606 3902 ad
1635 3836 1828 3902 elevandam
1856 3838 2036 3919 scripturae
2061 3837 2176 3916 fidem,
2203 3838 2269 3901 tale
2291 3848 2342 3902 est
2362 3846 2402 3901 ut

398 3923 466 3986 ulle
486 3921 662 3987 verborum
684 3931 810 4001 ornatu,
833 3945 943 3987 nonne
965 3923 1100 3988 indubia
1121 3944 1192 3990 csse
1212 3924 1277 3988 Dei
1299 3945 1371 3989 era-
1425 3924 1509 3988 nihil
1530 3923 1572 3987 ad
1598 3944 1671 3987 eam
1698 3921 1925 3987 stabiliendam
1954 3924 2133 4006 excogitari
2159 3924 2263 4006 possit
2283 3924 2399 4005 aptius.

399 4008 485 4088 cula,
514 4030 585 4072 nen·
608 4009 750 4074 hominis
778 4011 994 4085 coniecturas,
1021 4031 1104 4092 quac
1124 4010 1247 4075 Iesaias
1268 4010 1372 4092 lequi-
1423 4010 1577 4074 Primum
1598 4017 1708 4096 tamen
1734 4029 1830 4090 quern
1853 4008 2037 4073 obtendunt
2058 4010 2196 4073 colorem
2220 4009 2400 4074 diluamus:

397 4101 467 4172 tur,
500 4094 597 4176 plane
631 4093 855 4159 demonstrat?
911 4096 1042 4161 Rursus
1073 4118 1175 4178 quum
1214 4096 1371 4160 Ieremias
1425 4094 1541 4159 deinde
1562 4094 1598 4157 in
1616 4114 1671 4159 cos
1688 4095 1947 4176 retorquebimus
1965 4116 2062 4176 quam
2084 4097 2120 4158 in
2137 4117 2196 4159 nos
2213 4095 2402 4159 machinam

397 4180 610 4264 (25‚11.12)
638 4181 730 4261 prius
757 4181 924 4263 aliquante
949 4201 1047 4262 quam
1071 4182 1209 4263 populus
1232 4179 1372 4246 abduce-
1424 4181 1562 4262 erigunt
1609 4177 1719 4259 Quum
1740 4180 1941 4256 Antiochus,
1968 4180 2138 4261 inquiunt,
2167 4179 2267 4243 libros
2289 4201 2402 4243 omnes

396 4278 503 4344 retur,
526 4267 622 4330 annis
642 4267 851 4348 septuaginta
875 4266 985 4330 finiret
1013 4276 1141 4349 tempus
1162 4268 1370 4348 captivitatis,
1424 4266 1556 4331 iusserit
1577 4267 1785 4341 concremari,
1809 4265 1897 4329 unde
1919 4266 2112 4349 prodierunt
2131 4287 2214 4348 quae
2232 4286 2320 4329 nune
2342 4264 2402 4327 ha·

397 4351 603 4432 reditumque
625 4359 658 4415 et
679 4351 863 4415 libertatem
885 4351 1054 4429 indiceret,
1082 4373 1190 4416 nonne
1214 4375 1233 4415 a
1254 4354 1372 4434 spiritu
1425 4353 1539 4417 bernus
1559 4351 1781 4433 exemplaria?
1826 4352 1899 4442 Ege
1929 4360 2040 4416 autem
2066 4352 2207 4416 vicissim
2234 4351 2401 4428 interrogo

397 4438 461 4502 Dei
489 4437 664 4520 gubernari
690 4438 758 4502 eius
790 4438 938 4520 linguam
967 4437 1129 4519 oportuit?
1181 4437 1283 4501 Cuius
1311 4438 1372 4501 im-
1425 4439 1460 4502 in
1481 4457 1546 4520 qua
1567 4437 1698 4502 officina
1719 4444 1789 4501 tam
1816 4437 1880 4501 cite
1902 4437 2055 4502 fabricari
2085 4434 2268 4519 potuerint?
2314 4432 2403 4497 Gen·

396 4522 572 4607 pudentiae
600 4523 663 4586 erit
688 4544 809 4606 negare
838 4523 957 4587 talibus
985 4520 1186 4587 documentis
1214 4524 1374 4588 sancitam
1426 4533 1492 4587 stat
1512 4524 1600 4587 enim
1622 4530 1696 4605 pest
1717 4523 1864 4587 sedatam
1887 4523 2057 4588 saevitiam
2079 4543 2156 4584 mox
2174 4519 2347 4597 exstitisse,
2368 4524 2403 4582 et

396 4609 499 4673 fuisse
526 4608 760 4690 prophetarum
786 4610 1007 4684 autoritatem,
1037 4608 1180 4690 adeoque
1202 4608 1374 4690 impletum
1427 4609 1530 4691 apiis
1558 4608 1708 4673 omnibus
1736 4611 1791 4690 qui
1819 4610 1854 4671 in
1880 4630 1992 4673 eorum
2021 4607 2167 4671 doctrina
2196 4603 2326 4668 educati
2354 4604 2403 4667 ia-

398 4716 469 4759 esse
496 4693 581 4776 qued
608 4695 671 4777 ipsi
698 4695 822 4759 iactant
847 4693 891 4757 ad
910 4694 1141 4759 vindicandam
1171 4696 1374 4759 sermonibus
1426 4696 1598 4759 miliaritcr
1629 4715 1683 4758 eos
1720 4703 1881 4759 neverant
1934 4695 2005 4756 sine
2042 4689 2266 4755 controversia
2303 4690 2403 4755 fuisse

398 4782 467 4844 suis
489 4779 609 4844 fidem?
654 4781 771 4844 Priora
793 4803 865 4845 ecce
888 4787 1064 4856 venerunt,
1088 4802 1173 4845 nova
1195 4782 1373 4860 annunei03
1427 4783 1562 4864 agnitos
1598 4778 1690 4860 Quin
1711 4782 1812 4844 etiam
1829 4801 1931 4861 quum
1950 4796 2061 4842 omnes
2081 4776 2183 4856 impii,
2202 4777 2294 4857 quasi
2317 4777 2404 4839 facta

398 4875 573 4948 antequam
602 4867 764 4943 oriantur,
793 4876 871 4930 nota
899 4867 991 4931 vobis
1020 4867 1137 4931 faciam
1159 4867 1236 4949 (Ics.
1257 4871 1307 4944 42,
1329 4867 1371 4951 9).
1426 4867 1662 4943 coniuratione,
1696 4865 1827 4930 Iudaeis
1861 4873 1929 4927 tam
1977 4869 2126 4943 proterve
2161 4862 2402 4938 insultaverint,

397 4949 524 5015 Omitto
546 4951 632 5032 quod
654 4952 809 5017 Ieremias
831 4961 864 5017 et
886 4952 1054 5029 Ezechiel,
1083 4974 1185 5035 quum
1208 4961 1276 5017 tam
1299 4974 1373 5035 pro-
1427 4973 1522 5017 neme
1545 4973 1689 5034 unquam
1717 4951 1782 5015 illis
1811 4949 1948 5014 obiicere
1973 4967 2073 5010 ausus
2094 4956 2144 5011 est
2165 4947 2283 5012 falsam
2304 4948 2403 5012 libre·

397 5036 448 5102 cul
471 5046 581 5101 essent
602 5036 721 5115 dissiti,
744 5046 854 5103 tamen
876 5039 989 5103 eodem
1011 5046 1155 5120 tempore
1177 5038 1374 5120 prophetan-
1426 5060 1501 5102 rum
1522 5038 1785 5120 suppositionem.
1829 5035 1914 5098 Nam
1938 5030 2179 5115 qualiscunque,
2204 5055 2316 5097 eorum
2335 5033 2404 5114 opi·

397 5130 464 5198 tes,
491 5124 528 5187 in
559 5122 652 5187 dietis
679 5125 830 5189 omnibus
856 5124 991 5206 perinde
1013 5126 1260 5190 consentiebant
1281 5144 1318 5190 ac
1346 5127 1373 5189 si
1426 5125 1538 5202 nione,
1568 5124 1612 5186 sit
1632 5123 1747 5206 religio
1769 5119 1909 5194 iudaiea,
1941 5118 2057 5181 Mosen
2078 5127 2188 5183 tamen
2210 5120 2312 5201 ipsius
2334 5137 2405 5181 esse

396 5217 512 5272 mutuo
544 5209 627 5273 alter
654 5209 748 5272 alteri
777 5209 932 5275 dictasset
957 5203 1065 5276 iarba.
1112 5208 1200 5289 Quid
1229 5211 1372 5275 Daniel?
1427 5219 1575 5274 autorem
1607 5210 1760 5273 fatentur.
1806 5202 1895 5284 Quid
1927 5224 2005 5286 ergo
2034 5203 2123 5268 aliud
2151 5226 2250 5286 quam
2277 5210 2405 5286 proter-

397 5315 509 5358 annen
531 5316 633 5376 usque
655 5294 696 5357 ad
723 5315 846 5357 annum
874 5296 941 5359 fere
963 5297 1236 5362 sexcentesimum
1259 5295 1299 5360 de
1321 5319 1373 5360 re-
1426 5298 1514 5362 viam
1541 5316 1636 5358 suam
1657 5294 1730 5377 plus
1753 5311 1851 5373 quam
1880 5290 2032 5355 caninam
2052 5290 2196 5371 produnt
2218 5290 2272 5352 isti
2301 5289 2404 5352 blato·

396 5378 460 5444 bus
488 5380 609 5445 futuris
637 5379 824 5462 prophetias
849 5380 897 5444 ita
919 5383 1063 5445 contexit
1085 5403 1122 5446 ac
1151 5383 1178 5446 si
1202 5382 1373 5446 historiam
1426 5403 1530 5458 renes,
1554 5379 1632 5442 dum
1650 5376 1871 5460 supposititios
1887 5375 1987 5440 libres
2004 5397 2076 5440 esse
2094 5376 2305 5450 mentiuntur,
2326 5391 2407 5453 que-

396 5465 439 5529 de
461 5466 558 5531 rebus
581 5468 681 5550 gestis
703 5475 737 5529 et
757 5467 879 5547 passim
904 5465 988 5528 notis
1010 5465 1186 5530 scriberet?
1231 5466 1324 5531 Haec
1345 5467 1374 5531 si
1426 5488 1500 5532 rum
1529 5484 1622 5528 sacra
1649 5466 1795 5529 vetustas
1823 5462 2035 5527 historiarum
2067 5461 2213 5524 emnium
2247 5477 2408 5522 consensu

395 5571 498 5634 prope
519 5551 676 5616 meditata
699 5552 842 5616 habeant
862 5551 907 5633 pii
929 5550 1086 5627 homines,
1105 5549 1147 5614 ad
1167 5572 1374 5634 compescen·
1427 5548 1644 5636 approbatur?
1690 5546 1758 5613 Sed
1780 5570 1821 5613 ne
1843 5545 2030 5613 refellendis
2051 5553 2119 5609 tam
2141 5543 2264 5626 putidis
2282 5543 2408 5608 calum-

396 5635 457 5701 des
483 5637 657 5719 impiorum
689 5637 859 5701 hominum
891 5636 1030 5699 latratus
1062 5634 1190 5699 abunde
1222 5637 1375 5702 instructi
1426 5637 1490 5700 niis
1512 5636 1633 5698 frustra
1660 5635 1873 5719 plusgeperae
1896 5630 2105 5720 impendam,
2128 5631 2235 5712 potius
2257 5629 2334 5694 hine
2356 5649 2410 5692 re-

504 5739 717 5807 Cates'm'cpera.
755 5739 812 5794 Vel.
830 5737 875 5794 ΙΙ.
