5600 6809
362 779 424 841 cu
515 775 606 842 nm.
628 775 693 841 m.
737 775 800 839 uu
822 773 958 841 nouo
979 773 1329 841 ruaonmnnsn
1350 771 1542 844 onaan
1563 727 1781 841 enimin.
1826 773 1925 840 ona
1948 773 2080 841 xvm.
2102 775 2201 848 xix
2299 780 2364 841 cn

361 965 521 1030 animum:
556 964 612 1047 qui
643 963 827 1047 peccaverit
857 962 894 1026 in
921 968 1002 1040 nno,
1035 964 1156 1027 lachim
1189 962 1336 1027 omnium
1387 983 1451 1045 que
1472 962 1618 1039 efferant,
1633 969 1809 1045 ,totamque
1830 961 1912 1047 legis
1934 962 2093 1029 iustitiam
2115 963 2366 1031 obliviscantru,

361 1070 456 1115 reum
476 1050 544 1114 iam
564 1069 653 1129 esse;
677 1049 754 1131 quia
779 1048 836 1130 qui
856 1048 965 1112 vetuit
986 1047 1146 1126 occidere,
1176 1049 1282 1113 vetuit
1302 1055 1336 1112 et
1386 1047 1474 1112 Nam
1505 1069 1609 1129 quum
1640 1048 1695 1112 lex
1727 1048 1781 1135 (ut
1807 1048 1887 1113 alibi
1912 1049 1978 1112 iam
2006 1049 2265 1115 demonstratum
2297 1052 2363 1135 est)

360 1136 478 1213 furari,
512 1142 571 1200 cte.
615 1133 760 1199 Proinde
790 1133 970 1199 absurdum
995 1133 1101 1198 videri
1126 1155 1194 1198 non
1228 1134 1334 1211 debet,
1365 1134 1554 1199 'neminem
1575 1134 1700 1199 iustum
1721 1134 1899 1216 relinquat,
1928 1141 1986 1198 aut
2010 1133 2051 1197 ab
2078 1135 2168 1199 omni
2190 1158 2247 1219 spe
2268 1139 2362 1202 iusti·

362 1242 465 1304 quum
492 1220 643 1297 dicimus,
671 1226 810 1284 mortem
835 1218 962 1284 iustum
985 1239 1056 1284 osse
1082 1220 1336 1303 uniuscuiusque
1387 1220 1546 1284 ficationis
1568 1219 1789 1297 excludimur,
1813 1227 1873 1284 aut
1895 1219 1936 1284 ab
1956 1219 2096 1283 illanos
2116 1221 2200 1286 solvi
2221 1230 2363 1305 oportet;

361 1308 487 1390 peccati
508 1306 722 1388 stipendium:
752 1306 829 1388 quia
855 1305 943 1369 iusta
963 1303 1029 1368 Dei
1050 1304 1276 1389 indignatione
1297 1327 1335 1370 ac
1388 1327 1426 1370 ac
1444 1305 1490 1370 sio
1508 1304 1648 1387 quidem,
1667 1315 1706 1370 ut
1727 1306 1820 1370 nulla
1837 1326 1969 1387 prorsus
1987 1325 2122 1387 operum
2140 1307 2225 1371 ratio
2242 1308 2362 1374 habea·

361 1393 486 1457 ultione
508 1391 609 1475 digna
630 1398 707 1456 sunt
725 1391 864 1475 singola
898 1387 966 1455 Sed
988 1391 1132 1456 insulsus
1150 1391 1215 1456 eris
1236 1393 1335 1456 ratio·
1388 1398 1451 1454 tur.
1495 1390 1582 1454 Nam
1608 1390 1665 1473 qui
1687 1391 1741 1456 vel
1764 1391 1930 1455 tantillum
1952 1411 2087 1473 operum
2109 1412 2144 1456 se
2166 1393 2283 1458 afferre
2306 1394 2363 1459 de-

361 1479 497 1553 cinator,
520 1480 548 1543 si
570 1499 612 1541 ex
634 1477 772 1542 adverso
793 1476 924 1554 Maras,
947 1496 1013 1541 uno
1035 1497 1132 1559 opere
1153 1476 1238 1542 bono
1260 1485 1336 1542 con·
1387 1476 1465 1541 bere
1498 1476 1540 1541 ad
1571 1476 1783 1545 obtinendam
1809 1477 1968 1540 iustitiam
1995 1497 2032 1541 co
2057 1477 2130 1554 tat,
2163 1498 2229 1542 non
2255 1488 2364 1560 potest

361 1563 467 1630 ciliari
488 1583 583 1646 posse
605 1563 773 1627 hominem
790 1561 871 1640 Deo,
894 1562 951 1644 qui
972 1563 1086 1627 multis
1103 1563 1244 1645 peccatis
1267 1564 1337 1627 eius
1387 1561 1521 1625 modum
1550 1571 1609 1627 aut
1634 1563 1736 1627 finem
1762 1563 1959 1646 praefigere,
1993 1583 2027 1624 so
2077 1560 2257 1628 debitorem
2288 1567 2363 1630 uni·

361 1649 447 1714 iram
468 1656 681 1731 promeretur.
1387 1668 1503 1714 versae
1525 1647 1608 1731 legis
1630 1670 1665 1713 se
1681 1647 1861 1714 constituit
1894 1646 2035 1713 Sublata
2052 1647 2155 1732 igitur
2171 1648 2254 1733 legis
2271 1672 2364 1716 men-

1388 1733 1494 1810 tione,
1527 1741 1561 1797 et
1585 1735 1674 1797 omni
1701 1756 1836 1817 operum
1858 1734 2053 1817 cogitatione
2075 1735 2233 1816 seposita,
2262 1758 2364 1802 unam

1389 1817 1454 1883 Dei
1471 1819 1729 1884 misericordiam
1747 1818 1901 1902 amplecti
1910 1820 2071 1897 eonvenit,
2090 1840 2193 1900 quum
2213 1821 2253 1885 de
2270 1822 2364 1887 iusti-

1389 1904 1542 1969 ficatione
1565 1905 1689 1988 agitur,
1718 1916 1752 1970 et
1779 1926 1893 1970 averso
1920 1926 1940 1968 a
1966 1905 2059 1968 nobis
2081 1913 2230 1987 aspectu,
2259 1928 2364 1971 unum

722 1972 822 2038 ΟᾹΡ·
844 1972 942 2037 m·
957 1972 981 2055 ¹)
1391 1989 1561 2089 Christum
1576 1991 1723 2090 ‘intueri
1767 1990 1845 2055 Non
1873 1990 1961 2053 enim
1989 1988 2063 2089 illm.
2085 1992 2252 2091 quaeritur
2284 2013 2365 2091 quo-

567 2132 635 2215 De
665 2131 863 2215 libertate
894 2123 1132 2215 christiana
1390 2075 1586 2245 diddiuisd
1607 2074 2367 2229 effi,pppeppprsodguffiuspinpptcppfiffi:

1081 2243 1083 2247 ’
1383 2246 1501 2311 dinem
1524 2247 1669 2328 aliquam
1691 2248 1820 2329 assequi
1841 2244 1960 2311 volunt
1980 2247 2209 2327 conscientiae,
2236 2249 2368 2313 nullum

453 2338 479 2399 l.
525 2331 748 2398 Tractandum
775 2353 863 2398 nunc
896 2331 936 2396 de
968 2332 1149 2398 christiana
1176 2333 1337 2412 libertate,
1391 2332 1458 2416 logi
1477 2331 1555 2397 dare
1576 2334 1684 2400 locum
1702 2331 1830 2398 debent.
1863 2331 1977 2413 Neque
2000 2332 2076 2396 hinc
2097 2341 2186 2398 recte
2208 2336 2280 2416 quis
2302 2333 2368 2400 col·

363 2420 457 2486 ouius
483 2418 656 2502 explicatio
683 2418 901 2500 praetermitti
929 2418 1065 2482 minime
1097 2418 1138 2483 ab
1166 2437 1204 2482 eo
1233 2418 1337 2498 debet,
1390 2418 1481 2502 ligat,
1505 2418 1612 2502 legem
1631 2420 1783 2484 fidelibus
1801 2437 2078 2500 supervacaneam
2096 2438 2175 2498 esse,
2197 2441 2279 2503 quos
2300 2441 2368 2484 non

364 2506 418 2571 cui
441 2524 604 2568 summam
626 2503 834 2588 evangelicae
852 2503 1018 2569 doctrinae
1040 2503 1229 2586 compendio
1252 2525 1338 2569 com-
1389 2503 1464 2568 ideo
1487 2503 1602 2569 docere
1624 2512 1658 2567 et
1679 2504 1848 2570 exhortari
1869 2510 1903 2566 ct
1920 2503 2089 2568 stimulare
2110 2504 2152 2568 ad
2169 2506 2290 2569 bonum
2312 2505 2368 2570 de-

363 2589 464 2673 plecti
495 2589 696 2672 propositum
729 2591 779 2654 sit
824 2590 887 2654 Est
913 2589 1003 2654 enim
1028 2611 1081 2654 res
1108 2590 1254 2672 apprime
1281 2611 1338 2654 ne-
1391 2591 1478 2668 siuit,
1502 2591 1633 2655 tametsi
1656 2590 1744 2673 apud
1760 2589 1827 2655 Dei
1847 2587 1993 2653 tribunal
2014 2591 2050 2653 in
2071 2611 2184 2654 eorum
2203 2592 2369 2656 eonscien-

364 2676 521 2753 oessaria,
550 2697 588 2740 ac
610 2675 693 2738 citra
711 2675 804 2740 cuius
825 2675 1045 2758 cognitionem
1071 2674 1155 2740 nihil
1177 2675 1245 2739 lere
1267 2677 1339 2740 sine
1390 2676 1447 2739 tiis
1480 2675 1588 2741 locum
1620 2681 1686 2740 nori
1715 2675 1822 2741 habet
1868 2674 1960 2739 Haec
1988 2677 2075 2739 enim
2105 2675 2169 2740 due
2199 2685 2238 2741 ut
2263 2677 2368 2741 multo

365 2760 570 2825 dubitatione
598 2760 734 2843 aggredi
754 2761 973 2827 conscientiae
995 2761 1133 2839 audent,
1162 2760 1199 2824 in
1224 2761 1339 2827 multis
1392 2760 1614 2826 diversissima
1645 2769 1738 2838 sunt,
1772 2762 1819 2824 ita
1847 2761 1947 2841 probe
1979 2760 2214 2844 diligenterque
2243 2770 2321 2827 sunt
2349 2783 2370 2826 a

364 2845 531 2912 haesitant
557 2853 592 2910 st
613 2845 776 2924 resiliunt,
805 2867 934 2929 semper
954 2847 1086 2912 variant
1107 2853 1141 2910 et
1162 2847 1337 2930 trepidant
1391 2847 1486 2911 nobis
1507 2845 1747 2933 distinguenda
1793 2847 1878 2910 'Pota
1894 2844 2158 2911 Christianorum
2179 2848 2250 2913 vita
2270 2869 2369 2932 qnae-

367 2931 561 2997 Praeserta'm
582 2950 651 2996 vero
672 2931 831 3014 appendia
848 2937 893 2996 eet
909 2930 1150 3011 iustificationis,
1173 2933 1259 2996 etad
1275 2933 1340 2998 eim
1391 2931 1469 2998 dam
1489 2933 1622 3016 pietatis
1643 2931 1813 2997 meditatio
1834 2951 1905 2995 esse
1923 2930 2027 3010 debet,
2050 2934 2204 3014 quoniam
2221 2935 2258 2997 in
2275 2955 2370 2999 sano-
2399 3005 2403 3015 ,

365 3018 434 3082 eius
454 3017 684 3100 malaeum
712 3037 774 3082 noa
797 3037 916 3098 param
935 3017 1023 3082 valet.
1067 3016 1138 3081 imo
1158 3019 1214 3099 qai
1236 3018 1340 3083 Deum
1391 3018 1604 3084 tifioatienem
1631 3019 1738 3084 vocati
1767 3024 1844 3082 sunt
1864 3015 1965 3099 (Eph.
1990 3023 2019 3092 l,
2040 3023 2075 3095 43
2104 3023 2118 3080 1
2139 3018 2252 3084 Thess.
2272 3026 2302 3097 4,
2323 3019 2368 3105 3).

365 3105 446 3168 serio
466 3105 586 3182 timeat,
616 3101 689 3167 biae
711 3103 850 3184 stadum
877 3102 1150 3185 incomparabilem
1167 3104 1341 3184 perceptae
1391 3104 1435 3168 In
1468 3104 1531 3169 hoc
1558 3106 1659 3169 situm
1686 3110 1735 3169 est
1762 3103 1845 3186 legis
1872 3101 2029 3179 efficium,
2062 3110 2100 3167 ut
2122 3123 2177 3168 eos
2198 3105 2295 3168 officii
2318 3107 2369 3169 sui

324 3223 327 3226 ‡
365 3190 434 3254 eius
450 3189 616 3269 doetrima
637 3208 732 3269 qaam
753 3189 847 3271 impii
867 3193 895 3253 et
914 3189 1064 3254 laetania
1083 3187 1221 3254 domines
1241 3189 1341 3271 lepide
1392 3189 1596 3255 admonendo
1628 3188 1670 3253 ad
1702 3189 1885 3254 sanctitatis
1917 3196 1950 3251 et
1981 3188 2188 3252 innocentiae
2222 3187 2369 3254 studium

364 3275 435 3338 aaa
460 3274 600 3339 dicteriis
625 3275 801 3356 eopiosa
832 3275 909 3355 quia
933 3275 970 3339 ia
997 3273 1162 3353 spirituali
1188 3274 1339 3362 ebrietate
1392 3276 1520 3341 excitet.
1565 3277 1613 3340 At
1633 3276 1690 3341 ubi
1712 3275 1930 3341 conscientiae
1952 3273 2178 3351 sollicitantur,
2207 3273 2368 3357 quomedo

364 3380 430 3441 qao
461 3360 592 3441 correpti
618 3365 706 3439 sam,
739 3360 868 3439 quaevis
891 3360 1054 3441 promia
1081 3360 1150 3425 illis
1174 3366 1219 3424 est
1244 3361 1339 3426 licita.
1391 3361 1503 3426 Deum
1522 3360 1666 3425 habeant
1686 3361 1875 3445 propitium,
1899 3358 1976 3442 qnid
1998 3380 2212 3441 responsurae
2233 3361 2307 3439 sint,
2335 3369 2372 3425 et

368 3446 474 3526 Quare
503 3463 586 3508 auae
616 3449 784 3526 apportem
815 3446 852 3509 ia
876 3445 1016 3511 medium
1040 3445 1201 3527 prodibit:
1229 3447 1341 3512 delade
1392 3467 1459 3528 qua
1479 3447 1598 3512 fiducia
1619 3454 1834 3521 constaturae,
1858 3446 1887 3510 si
1909 3445 1950 3510 ad
1979 3445 2049 3509 sius
2075 3445 2233 3511 iudicium
2253 3453 2369 3530 postu-

363 3531 547 3613 planiorem
572 3531 643 3595 cius
669 3529 922 3612 disputationem
954 3534 1048 3614 (nam
1074 3530 1191 3597 leviter
1217 3533 1340 3615 aliquo-
1391 3532 1517 3597 lentur:
1541 3533 1586 3598 ibi
1606 3553 1673 3597 non
1696 3531 1943 3598 subducendum
1965 3537 2016 3594 est
2037 3531 2114 3613 quid
2137 3531 2190 3596 lex
2212 3532 2367 3615 requirat,

365 3617 428 3680 ties
456 3636 556 3697 supra
585 3616 719 3681 anobis
741 3621 863 3681 attacta
883 3616 949 3699 cst)
976 3617 1012 3679 in
1040 3616 1128 3682 hunc
1155 3618 1261 3683 locum
1282 3638 1340 3695 ,re-
1392 3617 1450 3683 sed
1482 3640 1569 3684 unus
1599 3617 1753 3684 Christus
1784 3637 1845 3700 pro
1878 3616 2003 3682 iustitia
2035 3617 2280 3699 proponendus,
2312 3620 2368 3701 qui

364 3703 456 3766 iieere
476 3702 553 3766 atde
573 3701 653 3782 fuit;
674 3703 751 3784 quia
772 3701 871 3766 simul
893 3709 990 3786 atque
1011 3703 1133 3768 iniecta
1155 3711 1206 3768 est
1232 3703 1341 3786 aliqua
1392 3725 1524 3769 omnem
1546 3703 1628 3788 legis
1648 3704 1882 3786 perlectionem
1901 3709 2041 3784 superat.

364 3789 489 3851 mentio
511 3787 708 3851 christianae
729 3786 903 3865 libertatis,
931 3787 976 3853 ibi
1004 3795 1061 3853 aut
1080 3789 1211 3854 fervent
1232 3788 1340 3854 libidi·
1480 3795 1508 3853 3.
1564 3790 1606 3854 ln
1638 3791 1700 3856 hoc
1732 3789 1865 3854 cardine
1898 3795 2005 3852 totum
2037 3789 2105 3852 fere
2136 3796 2369 3872 argumentum

365 3893 433 3949 nes,
457 3881 515 3938 aut
534 3873 642 3937 insani
663 3881 771 3938 motus
792 3874 947 3957 surgunt,
970 3875 1035 3938 nisi
1056 3883 1187 3940 mature
1209 3875 1340 3941 obviam
1392 3876 1549 3960 epistolae
1582 3874 1624 3939 ad
1654 3875 1791 3960 Galatas
1813 3873 1963 3939 vertitur.
2008 3873 2095 3938 Nam
2123 3874 2265 3939 insulsos
2296 3895 2369 3941 esse

365 3967 460 4022 eatur
493 3958 624 4024 lascivis
655 3958 796 4042 ingeniis
828 3959 916 4038 istis,
949 3980 1031 4041 quae
1064 3960 1186 4043 alioqui
1217 3962 1341 4043 optima
1390 3961 1603 4044 interpretes,
1626 3962 1683 4044 qui
1702 3959 1819 4026 docent
1840 3960 1985 4024 Paulum
2007 3959 2042 4024 in
2064 3980 2104 4023 ea
2124 3981 2183 4042 pro
2204 3981 2368 4026 caeremo-

365 4065 512 4126 quaequc
539 4044 679 4126 pessime
706 4051 929 4126 corrumpunt.
973 4045 1103 4109 Partim
1129 4047 1219 4111 enim
1241 4047 1340 4112 huius
1390 4047 1523 4112 uiarum
1539 4053 1670 4112 tantum
1687 4046 1838 4111 libertate
1855 4065 2013 4129 pugnare,
2036 4066 2078 4110 cx
2094 4044 2174 4111 locis
2192 4069 2213 4111 a
2275 4067 2368 4112 men·

365 4130 526 4194 libertatis
552 4136 727 4211 praetextu
753 4150 883 4194 omnem
902 4129 967 4195 Dei
994 4131 1212 4196 obedientiam
1240 4153 1339 4198 excu-
1391 4140 1499 4198 terum
1523 4134 1654 4215 probari
1674 4139 1790 4217 potest
1827 4129 1950 4212 Quales
1971 4131 2029 4196 isti
2050 4138 2136 4209 sunt,
2159 4153 2222 4215 quo
2267 4131 2367 4197 Ohri·

366 4216 470 4293 tiunt,
504 4222 538 4278 ct
568 4215 604 4279 in
635 4214 849 4279 effraenatam
880 4216 1047 4280 licentiam
1078 4239 1113 4281 se
1140 4217 1338 4300 proripiunt3
1391 4227 1463 4284 stus
1484 4219 1590 4284 factus
1613 4219 1657 4283 sit
1684 4239 1744 4300 pro
1764 4218 1858 4282 nobis
1879 4217 2075 4297 exsecratio,
2104 4225 2143 4280 ut
2163 4239 2222 4282 nos
2244 4217 2284 4282 ab
2307 4240 2366 4281 cx-

365 4302 484 4383 partim
507 4299 734 4384 indignantur,
753 4308 907 4383 putantes
925 4322 1055 4366 omnem
1071 4302 1337 4382 moderationem,
1390 4305 1570 4369 secretione
1599 4305 1681 4388 legis
1713 4303 1890 4369 redimeret
1915 4303 2007 4453 fal.
2033 4301 2152 4386 3‚13).
2197 4303 2295 4366 Item:
2329 4303 2365 4366 in

365 4387 530 4464 ordinem,
560 4406 734 4469 rerumque
762 4386 923 4452 delectum
945 4386 1025 4452 tolli.
1070 4386 1160 4468 Quid
1185 4389 1239 4454 hic
1261 4408 1339 4472 aga·
1372 4381 1542 4456 ‘liberate
1569 4411 1634 4474 qua
1660 4389 1813 4455 Christus
1840 4411 1900 4455 vos
1942 4389 2093 4466 'beravit,
2128 4395 2227 4465 state,
2261 4395 2294 4450 et
2322 4407 2365 4451 ne

365 4493 455 4550 mus,
478 4471 597 4537 talibus
619 4472 781 4556 angustiis
807 4472 1038 4556 circumsepti?
1082 4475 1137 4539 An
1159 4474 1340 4540 christiana
1389 4498 1505 4542 rursus
1525 4477 1603 4560 iugo
1621 4475 1789 4542 servitutis
1810 4475 2038 4559 implicemini:
2062 4494 2144 4551 ecoe,
2167 4493 2227 4555 ego
2239 4472 2365 4539 Paulus

365 4557 517 4622 libertate
539 4557 648 4623 valere
669 4559 774 4634 iussa,
798 4558 984 4624 huiusmodi
1005 4560 1162 4643 periculis
1183 4568 1339 4643 opportu-
1390 4561 1476 4640 dico,
1505 4563 1532 4627 si
1554 4561 1849 4639 circumcidamini,
1878 4559 2032 4625 Christus
2060 4558 2152 4623 vobis
2178 4557 2263 4621 nihil
2288 4578 2365 4640 pro-

366 4643 501 4707 nitatem
530 4643 778 4726 pruccidamus?
823 4644 942 4727 Atqui,
969 4651 1007 4710 ut
1034 4645 1159 4711 dictum
1181 4654 1246 4725 cst,
1275 4646 1339 4711 nisi
1390 4648 1488 4727 derit;
1511 4654 1544 4712 et
1563 4648 1620 4729 qui
1641 4646 1892 4724 circumciditur,
1914 4644 2042 4708 debitor
2058 4649 2108 4707 est
2124 4643 2296 4708 universae
2317 4643 2364 4708 le-

366 4734 571 4806 catenatur,
593 4750 654 4794 neo
676 4728 844 4808 Christus,
867 4731 1112 4815 neoevangelii
1134 4732 1266 4810 veritas,
1289 4753 1339 4797 ae·
1389 4735 1455 4818 gis;
1489 4732 1641 4799 Christus
1672 4733 1765 4799 vobis
1792 4733 1915 4797 otiosus
1937 4731 2054 4804 factus,
2088 4728 2272 4810 quicunque
2305 4750 2365 4811 per

366 4834 424 4895 que
451 4813 580 4877 enarer
601 4834 671 4898 pac
697 4818 823 4882 animae
843 4823 930 4882 recte
959 4818 1181 4900 cognoscitur:
1218 4817 1346 4883 Danda-
1388 4819 1497 4903 legem
1528 4819 1765 4898 iustificamini;
1799 4840 1819 4882 a
1907 4815 1954 4878 tia
1979 4811 2144 4878 excidistis
2170 4812 2262 4895 (ibid.
2288 4819 2362 4894 5,1

366 4898 475 4982 potius
497 4918 596 4979 opera
618 4920 661 4963 ns
680 4900 760 4965 adeo
778 4903 962 4968 necessaria
983 4902 1149 4969 docminae
1166 4924 1242 4986 pars
1260 4925 1337 4987 sup·
1389 4904 1502 4989 seqq).
1547 4902 1678 4985 Quibus
1710 4912 1797 4970 certe
1865 4900 1954 4983 'quid
1980 4898 2151 4964 sublimius
2177 4900 2366 4966 continetur

365 4985 537 5068 primatur,
559 4991 593 5047 st
613 4993 804 5050 occurratur
824 4994 936 5053 tamen
957 4990 1090 5054 interim
1107 4989 1256 5056 absurdis
1273 4990 1338 5056 illis
1389 5011 1489 5073 quam
1505 4992 1785 5058 caeremoniarum
1801 4987 1945 5053 libertas.
1974 4982 2136 5065 Equidem
2152 4985 2257 5050 fateor
2273 4986 2364 5052 Pau-

365 5069 600 5135 obiectionibus
622 5089 705 5150 quae
724 5070 800 5133 inde
822 5074 932 5139 enasci
952 5075 1067 5140 solent
1388 5077 1460 5141 lum
1491 5077 1558 5143 illic
1591 5076 1631 5142 de
1663 5072 1876 5142 caeremoniis
1908 5079 2063 5134 tractare:
2097 5071 2175 5152 quia
2206 5071 2257 5135 illi
2289 5094 2364 5139 eum

452 5160 480 5218 2.
526 5153 717 5220 Christiana
748 5153 883 5222 libertas
912 5158 948 5221 in
976 5161 1081 5226 tribus
1109 5161 1162 5244 (nt
1183 5181 1243 5244 ago
1265 5162 1338 5244 qui·
1388 5162 1709 5246 pseudoapostolisp
1779 5179 1800 5222 a
1821 5166 1879 5234 est,
1902 5156 1960 5239 qui
1976 5162 2103 5220 Ὑθῒθῐθθ
2119 5155 2202 5240 10ng
2219 5159 2362 5236 umbras,

366 5241 440 5306 dem
461 5240 581 5325 sentio)
602 5239 750 5322 partibus
776 5240 841 5305 sita
866 5250 925 5305 est
969 5244 1099 5321 Prima,
1126 5252 1165 5309 ut
1190 5245 1338 5311 fidelium
1389 5248 1517 5315 Christi
1545 5247 1689 5313 adventu
1721 5267 1741 5309 a
1781 5243 1872 5320 litas,
1904 5241 2060 5308 reducere
2086 5241 2122 5306 in
2150 5243 2365 5308 christianam

364 5327 592 5405 conscientiae,
620 5324 700 5390 dum
719 5324 840 5390 fiducia
861 5346 939 5391 suae
958 5347 1068 5393 coram
1088 5330 1161 5395 Deo
1181 5331 1338 5397 iustifica-
1389 5334 1558 5399 ecclesiam
1592 5332 1817 5396 moliebantur.
1862 5329 1991 5393 Verum
2022 5326 2064 5392 ad
2090 5327 2176 5393 hanc
2202 5330 2365 5410 quaestio·

364 5414 462 5477 tionis
484 5411 670 5496 quaerenda
691 5419 755 5490 est,
781 5431 854 5476 sese
882 5433 983 5494 supra
1003 5412 1110 5498 legem
1132 5413 1262 5496 erigant
1289 5424 1338 5479 at
1389 5439 1467 5484 nam
1488 5414 1725 5501 expediendam
1748 5414 1938 5498 disputandi
1959 5421 2055 5478 erant
2073 5412 2206 5478 altiores
2227 5412 2303 5493 loci,
2326 5415 2364 5478 in

607 5523 620 5534 ·“
1389 5505 1507 5585 quibus
1527 5511 1597 5567 tota
1617 5501 1839 5568 controversia
1858 5502 1964 5584 posita
1984 5504 2064 5564 errat
2104 5498 2265 5577 Primum,
2287 5500 2366 5582 quia

1389 5589 1515 5653 umbris
1536 5587 1601 5651 illis
1622 5586 1761 5653 iudaiois
1781 5585 2018 5652 obscurabatur
2038 5584 2201 5667 evangelii
2222 5584 2366 5667 claritas,

434 5685 464 5753 ι)
483 5684 625 5740 mamea
638 5684 827 5753 matema
846 5684 910 5752 cap.
931 5682 1023 5737 xta.
1389 5672 1534 5738 ostendit
1553 5674 1591 5736 in
1608 5672 1741 5739 Christo
1761 5693 1822 5739 nos
1843 5671 1982 5739 solidam
2002 5689 2117 5735 eorum
2137 5669 2284 5736 omnium
2305 5692 2368 5736 ex·

2098 5769 2155 5824 39*
