5600 6809
438 773 502 836 eea
1085 760 1350 830 1111111110
1371 761 1475 828 aaa.
1500 761 1683 830 0111111.
1710 767 1801 829 1111.
2382 767 2450 828 sor
2496 713 2498 716 ’

401 1033 404 1038 ¹
437 957 558 1040 coegit,
598 951 817 1018 restituendas
851 952 1003 1018 decrevit.
1057 950 1180 1015 Utrum
1213 971 1255 1013 er
1288 946 1414 1015 duobus
1465 952 1572 1031 risset,
1600 951 1655 1034 qui
1682 950 1926 1033 inquisitionem
1951 951 1987 1014 in
2015 948 2129 1015 eorum
2157 951 2353 1018 1111111011
2374 973 2450 1017 esse

437 1060 652 1127 agnoscemus
669 1059 728 1121 pro
745 1039 912 1123 legitimo?
944 1038 1054 1121 Vulgo
1071 1036 1211 1103 obtinuit
1227 1035 1289 1100 hoc
1306 1041 1414 1117 poste-
1465 1057 1566 1118 supra
1583 1057 1676 1100 suam
1693 1036 1913 1120 cognitionem
1923 1037 2088 1119 professus
2106 1037 2206 1101 talem
2217 1038 2450 1119 intemperiem

437 1128 514 1205 rius,
536 1125 622 1209 quod
650 1126 685 1189 11
711 1126 842 1207 templis
869 1125 978 1190 locum
1006 1121 1204 1206 imaginibus
1226 1119 1322 1184 dedit
1367 1121 1415 1184 At
1466 1119 1563 1186 laude
1594 1122 1701 1206 magis
1728 1143 1826 1205 quam
1852 1123 2077 1205 obiurgatione
2102 1123 2283 1206 castigavit.
2330 1121 2450 1204 Quam

436 1213 647 1297 Augustinus
669 1210 702 1274 id
724 1212 797 1274 fieri
818 1231 912 1295 posse
934 1216 1035 1293 negat
1057 1209 1126 1273 sine
1148 1206 1413 1290 praesentissimo
1465 1207 1579 1271 multis
1610 1207 1773 1290 partibus·
1791 1217 1824 1272 et
1858 1209 1921 1272 alia
1948 1229 2031 1290 quae
2058 1206 2176 1273 deinde
2203 1216 2340 1291 sequuta
2369 1218 2450 1274 sunt

434 1297 637 1363 idololatriae
646 1297 799 1380 periculo.
820 1295 1036 1378 Epiphanius,
1044 1293 1313 1375 aetatesupeiior,
1321 1312 1413 1374 aspe-
1467 1294 1603 1358 concilia
1623 1292 1715 1375 lapsa
1737 1295 1837 1358 fuisse
1858 1293 2035 1360 consimile
2064 1293 2133 1358 est?
2178 1294 2247 1359 Nec
2268 1293 2366 1378 longa
2384 1294 2450 1360 de-

435 1384 504 1449 rius
526 1384 631 1447 multo
651 1382 803 1466 loquitur.
847 1381 948 1446 Nefas
975 1381 1063 1445 enim
1085 1386 1119 1444 01
1139 1379 1414 1444 abominationem
1466 1380 1702 1444 monstratione
1735 1401 1816 1462 opus
1842 1379 1923 1444 haec
1947 1382 2000 1444 ios
2030 1379 2135 1444 habet.
2187 1378 2229 1444 st
2252 1381 2323 1462 quis
2355 1383 2449 1445 enim

436 1491 507 1535 esse
524 1468 634 1548 tradit,
654 1468 753 1550 aspici
770 1469 806 1531 in
824 1466 945 1549 templo
962 1466 1226 1532 Christianorum
1244 1464 1412 1551 imagines.
1466 1472 1539 1530 acta
1558 1466 1714 1549 perlegat,
1735 1465 1856 1529 multas
1876 1465 1943 1530 illic
1964 1466 2174 1529 infirmitates
2196 1466 2448 1545 animadvertet,

436 1554 507 1637 Qui
532 1555 579 1620 sic
603 1554 796 1636 loquuntur,
825 1574 867 1617 an
893 1552 1111 1634 approbarent
1137 1550 1311 1616 concilium
1332 1548 1414 1613 illud
1466 1572 1508 1614 ne
1530 1550 1607 1632 quid
1629 1551 1735 1616 dicam
1757 1552 1899 1634 gravius.

437 1642 466 1706 11
494 1640 591 1705 hodie
618 1647 727 1705 essent
754 1637 967 1721 superstites?
1013 1635 1110 1717 Quod
1132 1637 1161 1701 si
1182 1644 1216 1700 01
1236 1656 1316 1700 vera
1336 1656 1413 1699 nar·
1555 1641 1603 1701 ll.
1647 1637 1693 1701 Et
1710 1637 1780 1701 Leo
1802 1658 1956 1701 romanus
1973 1637 2119 1719 pontifex
2137 1657 2204 1700 non
2223 1637 2350 1702 dubitat
2366 1661 2448 1723 syn·

436 1734 513 1791 rant
533 1725 691 1803 historici,
721 1731 754 1788 01
781 1725 861 1788 actis
888 1724 967 1806 ipsis
989 1722 1143 1800 creditur,
1167 1743 1233 1786 non
1254 1721 1413 1804 imagines
1466 1722 1526 1787 cdo
1543 1721 1799 1800 chalcedonensi,
1824 1743 1922 1805 quam
1945 1722 1980 1786 in
1998 1721 2204 1804 dogmatibus
2229 1722 2448 1789 orthodoxam

436 1818 567 1876 tantum
594 1811 698 1893 ipsae,
725 1809 781 1874 sed
810 1830 923 1874 earum
949 1808 1058 1874 cultus
1084 1808 1151 1871 illic
1172 1815 1320 1889 receptus
1341 1807 1412 1869 fuit.
1465 1808 1595 1884 fatetur,
1614 1809 1825 1872 ambitionem
1842 1816 1876 1873 et
1892 1807 2110 1873 inconsultam
2127 1808 2347 1873 temeritatem
2364 1810 2448 1876 obii·

414 1896 518 1961 'Tale
550 1917 628 1961 1010
660 1895 817 1977 placitum
843 1894 954 1978 palam
982 1903 1032 1959 est
1061 1916 1081 1958 a
1109 1900 1225 1959 satana
1251 1913 1412 1956 manasse.
1465 1914 1547 1958 cere.
1584 1895 1784 1978 Legitimam
1801 1893 1933 1977 quidem
1951 1915 2021 1958 esse
2038 1914 2103 1957 non
2126 1902 2234 1977 negat,
2254 1893 2311 1958 sed
2333 1916 2447 1961 errare

318 2030 322 2043 .
438 1980 527 2062 Quid
560 1981 645 2064 quod
671 1989 777 2045 totam
804 1982 1002 2062 scripturam
1030 1976 1238 2061 depravando
1269 1985 1302 2041 et
1328 1976 1413 2042 lace-
1465 1978 1609 2061 potuisse
1630 1980 1741 2062 palam
1770 1981 1892 2044 asserit
1935 1979 2072 2061 Ineptus
2099 1979 2182 2043 forte
2211 1980 2308 2044 alicui
2329 1981 2447 2047 videar

436 2066 540 2132 rando
562 2066 702 2131 ludibrio
724 2087 797 2131 eam
818 2067 880 2130 sibi
901 2066 1000 2133 fuisse
1022 2064 1268 2130 demonstrant?
1316 2060 1414 2143 Quod
1466 2066 1521 2147 qui
1540 2064 1580 2129 de
1598 2065 1893 2131 commonstrandis
1910 2063 2099 2130 huiusmodi
2115 2066 2279 2130 erroribus
2289 2066 2446 2146 laborem,

436 2164 496 2237 ego
531 2153 680 2235 superius
710 2150 838 2216 abunde
870 2151 1006 2233 planum
1039 2150 1109 2216 feci.
1162 2148 1330 2231 Quidquid
1359 2148 1412 2226 sit,
1466 2172 1569 2233 quum
1590 2151 1756 2215 fateantur
1769 2151 1971 2230 adversarii,
2000 2169 2109 2215 errare
2137 2151 2274 2216 concilia
2355 2173 2389 2217 se
2409 2154 2447 2216 in

435 2260 502 2303 non
525 2238 619 2303 aliter
641 2237 824 2303 discernere
849 2239 935 2302 inter
957 2237 1137 2302 contrarias
1164 2242 1198 2299 et
1219 2234 1413 2299 dissentien-
1465 2237 1610 2319 iisquae
1638 2236 1845 2302 adsalutem
1872 2258 1939 2301 non
1960 2244 2038 2301 sunt
2058 2237 2250 2302 necessaria.
2323 2237 2364 2302 ed
2386 2261 2447 2303 no·

434 2331 485 2389 tes
513 2322 668 2409 synodos,
697 2344 781 2406 quae
807 2323 931 2388 multae
951 2324 1099 2400 fuerunt,
1127 2321 1319 2404 poterimus,
1348 2320 1413 2384 1111
1466 2343 1529 2404 que
1556 2343 1776 2406 supervacuus
1803 2331 1854 2387 est
1879 2322 1933 2387 hic
1959 2322 2059 2388 labor.
2105 2322 2251 2386 Tametsi
2279 2324 2369 2387 enim
2390 2345 2445 2390 oo·

435 2430 549 2475 omnes
571 2409 748 2491 illaquam
771 2408 840 2473 dixi
862 2410 1011 2473 omnium
1030 2408 1200 2472 hominum
1228 2412 1262 2470 et
1282 2404 1414 2488 angelo·
1466 2408 1530 2473 acti
1548 2409 1647 2474 verbo
1670 2408 1801 2491 quidem
1819 2408 1853 2472 id
1869 2409 2022 2487 fatentur,
2045 2430 2146 2490 quum
2163 2419 2274 2472 tamen
2296 2410 2446 2474 omnium

435 2517 511 2560 rum
534 2502 664 2570 statera,
682 2493 717 2558 id
737 2502 788 2580 011
807 2493 907 2559 verbo
928 2494 1064 2559 Domini
1087 2493 1319 2557 examinemus.
1357 2489 1414 2555 Sic
1466 2493 1677 2559 conciliorum
1705 2493 2010 2559 determinationem
2037 2494 2072 2557 in
2099 2515 2135 2557 re
2164 2494 2322 2576 qualibet,
2351 2496 2445 2560 nullo

435 2580 725 2650 chalcedonensem
742 2580 976 2662 amplectimur,
1000 2578 1169 2662 repudiata
1190 2577 1346 2660 ephesina
1363 2598 1413 2641 se·
1466 2579 1663 2659 discrimine,
1685 2602 1745 2663 pro
1767 2580 1902 2667 spiritus
1928 2581 2033 2645 sancti
2060 2579 2189 2644 oraculo
2218 2580 2311 2646 nobis
2332 2580 2445 2646 obtru-

436 2664 551 2744 ounda,
575 2665 661 2748 quod
681 2667 716 2729 in
739 2665 800 2731 hac
822 2667 1020 2749 eutychiana
1046 2664 1196 2746 impietas
1223 2665 1414 2728 confirmata
1466 2664 1554 2743 dant,
1581 2665 1655 2747 plus
1680 2666 1817 2749 exigimt
1845 2686 1942 2748 quam
1967 2666 2062 2729 initio
2088 2674 2303 2748 sumpserant
2355 2665 2446 2747 Quid

341 2815 346 2825 ,
435 2751 505 2829 fuit,
529 2772 629 2834 quam
649 2751 706 2815 illa
727 2751 831 2816 altera
852 2751 1029 2817 damnavit
1073 2750 1157 2814 Eius
1185 2750 1232 2813 rei
1255 2748 1413 2814 iudicium
1466 2752 1512 2815 sic
1537 2751 1663 2834 agendo
1690 2749 1904 2830 contendunt,
1933 2752 1997 2815 nisi
2025 2773 2135 2816 errare
2161 2772 2227 2815 non
2250 2771 2344 2833 posse
2367 2774 2445 2817 con-

435 2858 503 2902 non
524 2837 589 2901 nisi
610 2858 652 2901 ex
672 2837 842 2920 scripturis
864 2837 1011 2901 fecerunt
1032 2836 1136 2902 sancti
1163 2836 1236 2914 viri,
1263 2855 1344 2918 quos
1366 2834 1413 2899 110
1466 2837 1554 2915 cilia3
1573 2843 1639 2915 aut,
1658 2838 1686 2901 si
1703 2845 1824 2916 errant,
1842 2838 1935 2901 nefas
1953 2857 2024 2902 esse
2042 2844 2153 2901 tamen
2170 2858 2443 2917 verumcernere,

435 2924 472 2987 in
498 2921 670 2988 iudicando
697 2923 878 3005 sequimur,
906 2929 946 2986 ut
972 2921 1038 2986 Dei
1069 2921 1208 2987 verbum
1234 2920 1320 3002 quod
1346 2920 1413 2985 illis
1466 2931 1610 2986 autnon
1638 2924 1797 2988 assentari
1819 2922 2004 2987 erroribus?
2048 2923 2163 3005 Neque
2185 2922 2273 2986 aliud
2294 2924 2443 3001 intendo,

434 3007 607 3092 praeluxit,
629 3006 722 3072 nobis
739 3030 828 3073 nunc
846 3028 975 3090 quoque
992 3007 1188 3091 praeluceat.
1223 3007 1413 3071 Eantnunc
1465 3029 1564 3090 quam
1584 3008 1661 3073 inde
1682 3025 1784 3091 posse
1799 2999 1921 3093 colligi,
1949 3010 2100 3091 spiritum
2128 3016 2276 3073 sanctum
2301 3008 2346 3072 sic
2368 3010 2444 3090 pias

434 3093 669 3174 Romanenses,
699 3103 732 3158 et
758 3094 896 3158 affixum
923 3094 1157 3177 alligatumque
1179 3093 1247 3157 suis
1269 3091 1413 3157 conciliis
1465 3093 1585 3176 alioqui
1613 3102 1646 3157 et
1672 3101 1801 3160 sanctas
1831 3093 1973 3178 synodos
2001 3094 2216 3178 gubernasse,
2243 3102 2282 3157 ut
2307 3095 2446 3159 interim

434 3179 587 3262 spiritum
608 3187 758 3246 sanctum
779 3201 838 3261 pro
860 3201 950 3245 more
969 3180 1100 3246 iactent
1465 3179 1589 3261 aliquid
1616 3180 1663 3244 eis
1690 3179 1882 3245 humanitus
1912 3179 2058 3245 accidere
2085 3182 2216 3260 sineret,
2237 3201 2280 3245 ne
2301 3180 2447 3245 nimium

524 3269 572 3329 10.
618 3263 815 3348 Quanquam
842 3266 878 3329 in
899 3266 965 3330 illis
987 3286 1115 3347 quoque
1137 3264 1279 3346 antiquis
1301 3270 1335 3328 et
1352 3285 1413 3346 pu·
1465 3264 1653 3331 hominibus
1671 3264 1914 3330 confideremus.
1944 3266 2037 3331 Haec
2054 3266 2158 3330 multo
2175 3265 2291 3330 melior
2307 3273 2445 3331 011101-

434 3351 575 3415 rioribus
604 3358 655 3415 est
681 3351 768 3433 quod
795 3351 866 3415 iure
893 3351 1071 3429 desideres,
1097 3350 1151 3416 101
1179 3348 1264 3433 quod
1291 3348 1414 3414 eruditi
1466 3352 1578 3430 tentia,
1597 3371 1695 3434 quam
1714 3351 1770 3415 illa
1787 3349 1857 3417 Gra
1899 3352 1941 3415 rii
1961 3352 2177 3416 Nacianzeni:
2194 3351 2219 3435 ¹)
2241 3351 2363 3416 nullius
2380 3374 2446 3417 un·

434 3436 555 3520 alioqui
565 3444 599 3500 01
615 3436 793 3518 prudentes
810 3437 883 3516 viri,
901 3438 958 3519 qui
980 3446 1052 3500 tum
1070 3436 1215 3514 aderant,
1232 3435 1413 3518 praesenti·
1466 3456 1565 3520 quam
1596 3429 1723 3503 concilii
1751 3459 1786 3502 se
1816 3437 1880 3504 11“
1918 3459 1936 3502 0
1965 3437 2086 3502 bonum
2113 3439 2222 3501 finem.
2273 3437 2360 3501 Nam
2386 3440 2445 3521 qui

434 3521 495 3587 bus
515 3522 657 3605 negotiis
685 3521 826 3587 districti
857 3523 963 3586 multa
990 3522 1142 3587 alienon
1163 3521 1412 3604 prospiciebant,
1465 3524 1582 3588 asserit
1613 3524 1723 3587 omnia
1754 3523 1826 3588 sine
1858 3523 2049 3606 exceptione
2081 3522 2167 3587 mala
2200 3521 2342 3601 desiisse,
2375 3545 2445 3590 101

434 3608 488 3673 101
506 3607 591 3691 quod
609 3608 813 3691 gravioribus
833 3620 866 3672 et
882 3608 988 3692 magis
1016 3608 1110 3673 seriis
1132 3613 1303 3689 occupatos
1330 3627 1413 3670 non·
1464 3607 1606 3672 multum
1627 3609 1810 3674 autoritatis
1828 3608 1895 3674 illis
1916 3609 2078 3691 relinquit
2115 3609 2168 3672 De
2188 3608 2446 3690 provincialibus

388 3769 393 3782 Ι
434 3693 526 3758 nulla
557 3693 689 3759 levioris
721 3693 878 3758 momenti
911 3694 1205 3777 subterfugiebant,
1242 3693 1294 3758 vel
1327 3692 1413 3776 quod
1465 3694 1610 3761 conciliis
1636 3694 1837 3760 mentionem
1865 3716 2012 3760 seorsum
2037 3694 2157 3771 facere,
2185 3692 2269 3758 nihil
2296 3694 2364 3759 iam
2385 3717 2447 3760 ne-

435 3778 634 3860 simpliciter,
658 3787 695 3843 ut
716 3781 874 3858 homines,
905 3780 1068 3863 imperitia
1088 3779 1157 3844 falli
1176 3786 1337 3861 poterant,
1360 3778 1434 3842 101
1465 3799 1554 3845 00110
1565 3787 1628 3860 011;
1650 3779 1781 3862 quando
1798 3801 1840 3844 ex
1851 3779 2059 3864 generalibus
2071 3781 2244 3844 aestimare
2255 3794 2446 3863 promptum

436 3863 522 3947 quod
556 3864 657 3929 nimio
687 3865 807 3931 affectu
832 3886 1070 3948 nonnunquam
1099 3865 1292 3948 praecipites
1327 3864 1412 3929 fere-
1465 3871 1516 3930 est
1536 3873 1695 3947 quantum
1712 3866 1897 3931 autoritatis
1918 3865 1960 3931 ad
1980 3865 2164 3930 condendos
2181 3864 2257 3929 fidei
2279 3866 2445 3945 articulos,

433 3948 562 4013 bantur.
605 3950 715 4016 Huius
736 3952 894 4034 postremi
911 3951 1011 4034 (quod
1034 3951 1181 4016 omnium
1203 3949 1414 4014 durissimum
1465 3956 1499 4016 et
1524 3950 1736 4035 quodcunque
1761 3952 1870 4018 risum
1902 3951 2001 4017 fuerit
2030 3951 2197 4017 doctrinae
2225 3973 2329 4035 genus
2358 3954 2445 4019 reci-

436 4034 584 4119 videtur)
606 4036 794 4118 exemplum
815 4037 942 4103 illustre
965 4038 1092 4103 exstitit
1113 4038 1148 4101 in
1175 4037 1311 4101 nicaena
1333 4057 1413 4119 syn-
1464 4036 1621 4120 piendum
1641 4038 1762 4103 habere
1785 4038 1934 4104 debeant
1965 4066 1971 4082 ‘

434 4120 510 4199 odo,
547 4123 640 4187 ouius
669 4122 812 4206 dignitas
839 4123 986 4188 omnium
1014 4143 1176 4188 consensu
1200 4142 1331 4186 summa
1356 4142 1413 4186 10·
1554 4126 1602 4187 12.
1647 4125 1695 4188 At
1715 4124 1819 4189 nostri
1840 4125 2075 4201 Romanenses,
2098 4123 2154 4187 ubi
2172 4123 2206 4187 in
2225 4144 2342 4188 causae
2361 4144 2458 4188 suae·

431 4207 611 4286 natatione,
640 4215 677 4271 ut
698 4209 893 4287 merehatur,
923 4217 1060 4293 excepta
1090 4215 1148 4272 est
1199 4207 1286 4271 Nam
1312 4227 1413 4290 quum
1466 4208 1653 4274 defensione
1679 4211 1790 4274 omnia
1821 4209 1960 4274 rationis
1992 4208 2155 4292 praesidia
2181 4208 2345 4274 labascere
2379 4209 2446 4274 sibi

432 4292 628 4376 primarium
661 4292 738 4358 fidei
767 4301 899 4360 nostrae
931 4302 1029 4378 caput
1059 4294 1126 4360 illic
1162 4292 1412 4376 periclitaretur,
1464 4294 1593 4373 vident,
1622 4295 1663 4360 ad
1690 4303 1874 4361 extremum
1901 4294 1985 4360 illud
2011 4295 2232 4378 miserumque
2260 4294 2447 4376 suffugium

434 4377 563 4444 adesset
590 4379 694 4444 hostis
722 4380 823 4444 Arius
855 4383 890 4444 in
923 4380 1108 4464 procinctu,
1130 4400 1269 4462 quocum
1296 4399 1414 4443 1101111
1465 4379 1662 4446 concedunt:
1697 4382 1824 4447 etiamsi
1855 4389 1965 4446 110110
1998 4388 2032 4445 01
2063 4380 2198 4446 oonsilio
2226 4379 2349 4463 stupidi
2376 4380 2446 4463 ipsi

420 4464 970 4550 ’001101011000110111111111111
986 4487 1065 4531 1010
1086 4471 1290 4530 momentum
1305 4465 1340 4528 in
1360 4485 1414 4529 00-
1465 4466 1546 4545 sint,
1575 4465 1784 4532 0111101010
1811 4475 1845 4532 et
1871 4467 2040 4533 voluntate
2066 4466 2272 4548 nequissimi,
2305 4486 2445 4531 manere

432 4549 1414 4636 rumconcordiaessetquiadoppuguandumhriierrorem
1464 4559 1576 4616 tamen
1598 4554 1735 4619 verbum
1756 4553 1900 4632 Domini,
1923 4552 2009 4635 quod
2025 4552 2219 4633 praepositis
2241 4549 2372 4615 obedire
2391 4553 2445 4616 iu·

434 4636 541 4718 parati
569 4646 762 4720 venerant„
778 4638 840 4721 ipsi
864 4637 1079 4702 nihilominus
1106 4643 1272 4702 tantorum
1299 4635 1413 4701 discri-
1464 4639 1520 4703 bet
1540 4637 1657 4722 (Hebr.
1680 4642 1728 4718 13,
1755 4640 1817 4722 17).
1853 4638 1948 4703 Itane
1969 4636 2069 4704 vero?
2092 4635 2219 4717 quidsi
2240 4640 2445 4718 praepositos

434 4722 563 4785 minum
590 4723 711 4800 securi,
749 4723 815 4787 imo
844 4724 936 4789 velut
962 4722 1149 4807 gradtatis,
1180 4719 1366 4789 modestiae,
1379 4727 1413 4786 et
1464 4745 1535 4790 esse
1570 4746 1688 4808 negem
1716 4725 1772 4807 qui
1797 4725 1881 4789 tales
1910 4722 2010 4788 sunt?
2054 4722 2129 4786 Non
2157 4723 2247 4786 enim
2273 4721 2349 4804 plus
2379 4723 2445 4788 sibi

434 4807 541 4871 omnis
569 4807 784 4874 humanitatis
812 4809 919 4888 obliti,
948 4810 1066 4873 omisso
1093 4807 1180 4892 quod
1204 4807 1239 4872 in
1260 4808 1412 4872 manibus
1463 4830 1618 4894 arrogare
1640 4809 1760 4874 debent
1791 4830 1890 4892 quam
1916 4807 2069 4872 habuerit
2089 4806 2201 4885 Iosue,
2232 4809 2287 4890 qui
2311 4816 2343 4872 et
2365 4830 2444 4891 pro·
2472 4866 2477 4876 .

435 4898 506 4955 erat
527 4892 834 4978 certamine'(quasi
856 4917 898 4959 ex
920 4894 1081 4960 destinato
1094 4893 1176 4958 Ario
1198 4893 1411 4978 gratificaturi
1462 4895 1562 4978 pheta
1593 4894 1730 4960 Domini
1761 4895 1823 4958 fuit
1855 4901 1889 4958 et
1915 4893 2054 4957 eximius
2086 4905 2206 4976 pastor.
2256 4892 2444 4959 Audiamus

432 4996 472 5040 eo
493 4977 741 5064 concessissent)
762 4980 925 5046 intestinis
947 4978 1089 5046 dissidiis
1111 5000 1181 5044 1010
1202 4977 1410 5062 proscindere
1462 4989 1573 5046 autem
1594 4980 1710 5062 quibus
1730 4979 1839 5046 verbis
1860 4980 2076 5063 inauguratur
2096 4979 2134 5041 in
2156 5000 2254 5043 suum
2275 5000 2399 5044 munus
2421 5001 2444 5044 a

433 5070 620 5143 coeperunt,
642 5065 767 5149 stylum
778 5070 803 5149 ¹)
826 5066 884 5148 qui
903 5066 940 5130 in
956 5067 1075 5131 Arium
1096 5063 1306 5149 stringendus
1328 5071 1408 5142 erat,
1461 5067 1612 5131 Domino.
1662 5065 1739 5130 Non
1761 5063 1905 5145 recedat,
1933 5065 2040 5147 inquit
2069 5064 2147 5147 (Ios.
2170 5069 2197 5143 1,
2217 5069 2245 5128 7.
2265 5065 2316 5147 8),
2345 5065 2442 5130 rolu-

432 5147 469 5212 in
497 5168 532 5212 10
559 5149 647 5231 ipsos
674 5150 823 5234 dirigere.
873 5152 1005 5217 Foedae
1031 5152 1272 5215 criminationes
1299 5147 1409 5213 audie·
1462 5173 1538 5215 men
1557 5150 1640 5233 legis
1662 5152 1703 5218 ab
1723 5173 1779 5217 ore
1799 5159 1873 5231 tuo,
1897 5150 1954 5219 sed
1975 5149 2186 5217 meditaberis
2206 5151 2242 5214 in
2264 5171 2302 5215 eo
2325 5149 2442 5215 diebus

433 5231 568 5315 bantur3
590 5235 692 5300 libelli
714 5238 907 5301 accusatorii
927 5237 1120 5317 volitabant3
1146 5256 1208 5300 nec
1230 5233 1409 5300 contentio-
1462 5257 1501 5301 ac
1521 5236 1685 5317 noctibus;
1707 5259 1814 5322 neque
1836 5237 1878 5303 ad
1898 5237 2068 5303 dexteram
2085 5234 2250 5319 nequead
2272 5237 2441 5300 sinistram

433 5340 515 5383 num
533 5321 609 5385 finis
626 5321 714 5387 ullus
732 5321 838 5387 factus
855 5331 940 5387 esset
957 5322 1061 5388 donec
1076 5322 1202 5387 mutuis
1218 5319 1409 5385 vulneribus
1462 5319 1639 5388 declinabis
1646 5347 1654 5403 ;
1687 5329 1767 5390 tunc
1799 5323 1922 5408 diriges
1953 5325 2042 5389 viam
2068 5331 2177 5402 tuam,
2211 5328 2245 5386 01
2274 5319 2442 5404 intelliges

434 5424 469 5469 se
495 5405 730 5485 confodissent,
757 5408 822 5474 nisi
842 5409 1018 5492 imperator
1040 5407 1275 5475 Constantinus
1296 5426 1409 5472 occur·
1462 5429 1544 5474 eam
1588 5409 1643 5474 Illi
1675 5411 1777 5494 igitur
1814 5409 1999 5493 spirituales
2026 5407 2120 5473 nobis
2153 5415 2252 5473 erunt
2283 5407 2443 5492 praefecti

439 5579 552 5588 --.....
567 5580 642 5587 -.dn

503 5677 533 5744 1)
551 5685 580 5732 et
597 5679 699 5749 stylum
716 5677 785 5732 1592
801 5695 863 5735 cum
878 5697 945 5737 racc.
963 5680 1095 5738 00111111.
1532 5682 1561 5751 l)
1578 5683 1666 5753 Epist.
1683 5681 1726 5738 bb.
1745 5683 1780 5738 ad
1798 5684 1967 5753 Procopium.
