5600 6809
397 757 460 818 sss
1046 745 1311 813 merunrro
1332 745 1439 812 aer..
1461 742 1643 811 ennnr.
1669 749 1760 810 aas.
2101 760 2104 770 =
2272 697 2274 700 ’
2336 750 2400 812 roo

397 940 455 1004 bae
473 937 572 1003 Pauli
589 936 799 1002 admonitione
816 935 927 1019 (Rem.
948 937 977 1011 9,
997 933 1063 1016 22),
1085 953 1145 997 non
1161 953 1225 998 esse
1242 951 1372 998 mirsam
1424 933 1618 1013 percontari,
1641 953 1744 1014 quum
1760 933 1907 996 omnium
1924 952 2008 1014 quae
2029 939 2115 1008 sunt,
2138 933 2210 1014 ipsa
2231 933 2274 997 sit
2292 940 2399 1013 eam

396 1024 545 1106 litipnudi
572 1042 642 1088 eum
664 1020 740 1099 Deo,
766 1022 797 1084 sl
825 1020 865 1085 ab
886 1040 952 1084 una
967 1024 1071 1101 parte,
1094 1018 1196 1083 oolerss
1217 1019 1372 1084 ostendere
1424 1025 1458 1081 et
1478 1019 1596 1082 merito
1613 1038 1684 1083 esse
1706 1016 1829 1082 debeat.
1863 1018 1950 1081 Nam
1967 1018 1996 1082 si
2012 1018 2115 1082 ullam
2134 1038 2267 1086 eausam
2289 1019 2398 1099 habet,

395 1111 481 1173 irum
502 1114 531 1172 et
551 1112 656 1175 notam
674 1107 777 1188 faeere
792 1107 963 1187 potentiam
983 1125 1091 1183 suom,
1117 1104 1200 1185 ferat
1221 1105 1256 1168 in
1273 1104 1372 1168 multa
1424 1102 1546 1184 aliquid
1568 1124 1641 1166 eam
1667 1103 1838 1167 antecedat
1864 1109 2005 1185 oportet,
2029 1104 2081 1168 eui
2103 1104 2206 1169 veluti
2229 1105 2397 1187 alligetur:

396 1195 560 1259 tolerantia
577 1194 827 1258 dlenitateoosa
843 1192 1126 1271 iraeapparatain
1140 1191 1315 1268 interitum,
1333 1188 1372 1253 ab
1423 1187 1510 1269 quod
1531 1189 1621 1253 nefas
1642 1195 1692 1253 est
1713 1189 1895 1272 imaginari
1931 1189 2025 1253 Adeo
2044 1190 2068 1270 ¹)
2090 1190 2181 1253 enim
2202 1212 2331 1255 summa
2349 1198 2402 1257 est

397 1281 498 1347 altera
525 1284 629 1344 auum
655 1284 745 1343 notas
769 1278 868 1359 faeiat
894 1277 1024 1341 diuitias
1049 1277 1169 1358 pleriae
1193 1296 1271 1339 sune
1298 1296 1372 1357 erpo
1423 1274 1566 1338 iustitiae
1587 1274 1702 1357 regula
1723 1274 1788 1338 Dei
1809 1274 1974 1351 voluntas,
2002 1282 2040 1338 ut
2067 1274 2224 1357 quidquid
2245 1276 2331 1354 vult,
2360 1298 2401 1341 eo

397 1387 476 1431 oasa
497 1364 729 1430 misericordiae
754 1384 834 1444 puae
849 1363 1056 1443 praeparauit
1084 1363 1119 1425 in
1137 1361 1278 1442 pluriam.
1316 1359 1373 1425 Ob-
1423 1360 1494 1440 ipso
1521 1359 1719 1440 quodvult,
1753 1359 1876 1424 iustum
1909 1358 2097 1424 habendum
2126 1362 2177 1424 sit.
2227 1360 2292 1426 Ubi
2318 1374 2417 1445 ergo‘

397 1456 517 1517 servent
538 1450 675 1527 lectores,
704 1454 740 1511 ut
755 1468 874 1514 ansam
894 1448 1039 1512 susurris
1061 1452 1088 1511 et
1108 1446 1372 1512 obtrectationibus
1424 1445 1592 1526 quaeritur
1618 1465 1677 1508 our
1704 1445 1751 1508 ita
1780 1445 1893 1509 feeerit
1921 1445 2100 1524 Dominus,
2133 1448 2402 1529 respondendum

392 1537 560 1620 praecidat
590 1535 726 1612 Paulus,
760 1554 916 1598 summum
942 1533 1019 1597 dare
1051 1534 1220 1612 imperium
1249 1532 1317 1596 irae
1344 1537 1372 1594 et
1424 1538 1483 1604 est,
1506 1531 1582 1612 quia
1603 1530 1716 1595 voluit.
1761 1529 1857 1610 Quod
1878 1531 1906 1595 si
1927 1530 2015 1595 ultra
2036 1552 2152 1613 pergas
2173 1533 2318 1615 rogando
2340 1553 2401 1598 eur

393 1623 549 1704 potentiae
571 1621 648 1687 Dei:
668 1620 744 1700 qaia
766 1620 909 1699 iniquum
930 1623 974 1683 est
995 1619 1110 1683 calendo
1130 1622 1234 1682 nostro
1260 1617 1374 1682 subiici
1425 1615 1579 1693 voluerit,
1612 1615 1718 1680 mains
1746 1613 1867 1697 aliquid
1894 1617 2036 1698 quaeris,
2070 1623 2104 1680 et
2136 1617 2307 1683 sublimius
2335 1618 2402 1682 Dei

393 1708 558 1789 profunda
579 1706 637 1770 illa
664 1705 785 1768 tudima
805 1725 885 1784 quae
911 1723 1020 1768 sennes
1047 1724 1150 1768 omnes
1174 1707 1293 1767 nostros
1320 1702 1373 1767 ab
1424 1701 1609 1781 voluntate,
1643 1701 1728 1784 quod
1760 1701 1901 1767 inveniri
1935 1723 2003 1765 nan
2035 1710 2150 1784 potest.
2203 1702 2402 1785 Compeseat

399 1793 524 1859 sorbent.
555 1789 835 1871 Qnodrespondent
850 1790 1026 1854 adversarii
1040 1788 1252 1870 friuolumest,
1269 1788 1373 1852 Deum
1424 1787 1526 1870 igitur
1553 1808 1588 1851 se
1622 1787 1765 1850 hnmana
1791 1788 1974 1866 temeritas,
2007 1788 2155 1869 et‘qnod
2183 1810 2250 1853 non
2278 1796 2329 1854 est
2356 1808 2401 1853 ne

398 1899 460 1943 non
475 1895 610 1958 prorsum
629 1876 756 1940 relicere
777 1894 853 1956 quos
879 1876 914 1937 ln
935 1875 1058 1940 lentate
1076 1874 1197 1950 tolerat;
1224 1874 1278 1938 sed
1304 1893 1373 1937 sus-
1424 1881 1567 1955 quaerat,
1590 1879 1627 1936 ut
1649 1893 1690 1935 no
1710 1874 1794 1936 forte
1811 1872 1845 1935 id
1866 1872 1953 1954 quod
1971 1880 2105 1936 estnon
2127 1874 2283 1939 inveniat
2317 1874 2400 1953 Hae,

392 1983 490 2045 penso
521 1981 647 2025 monere
674 1982 748 2042 erpa
775 1981 824 2025 eos
855 1962 975 2038 animo,
1008 1961 1038 2023 si
1065 1960 1145 2040 sorte
1177 1960 1372 2038 resipiscant.
1424 1959 1567 2039 inquam,
1585 1958 1698 2022 fream
1718 1959 1798 2022 bene
1816 1957 2036 2022 continebitur
2053 1960 2198 2041 quisquis
2216 1959 2256 2023 de
2272 1960 2401 2025 areanis

270 2122 272 2126 Α
401 2048 499 2130 Quasi
519 2068 591 2112 nero
604 2048 793 2127 patientiam
810 2045 878 2110 Deo
899 2045 1015 2110 tribnat
1036 2045 1168 2123 Paulus,
1189 2065 1253 2125 qua
1268 2065 1373 2109 eorum
1424 2043 1488 2106 Dei
1505 2044 1558 2108 sui
1574 2064 1649 2107 enm
1666 2044 1851 2107 reverentia
1867 2043 2091 2125 philosophari
2107 2044 2203 2109 volet.
2230 2044 2402 2110 Adversus

397 2134 623 2198 conversionum
644 2137 790 2212 exspectet
810 2151 887 2212 quos
912 2132 990 2196 dicit
1011 2136 1133 2211 aptatos
1153 2151 1217 2195 esse
1237 2132 1280 2195 ad
1299 2131 1374 2193 inte·
1424 2128 1601 2211 impiorum
1623 2128 1798 2206 audatiam,
1822 2130 1879 2211 qui
1900 2129 1972 2193 Deo
1993 2129 2102 2211 palam
2119 2129 2314 2195 maledieere
2331 2150 2402 2194 non

397 2221 502 2285 ritum.
533 2218 624 2282 Reate
642 2219 725 2281 enim
736 2217 938 2299 Aupustinus
952 2217 975 2299 ¹)
993 2217 1091 2279 losum
1107 2216 1187 2279 lune
1203 2216 1372 2295 explicans,
1424 2213 1616 2292 formidant,
1645 2212 1809 2280 Dominus
1836 2215 1906 2296 ipse
1933 2234 1993 2278 sua
2013 2215 2154 2293 iustitia,
2189 2219 2260 2280 sine
2288 2224 2402 2280 nostro

397 2305 451 2368 ubi
467 2304 610 2386 potentia
630 2304 812 2368 tolerantiae
833 2302 1029 2384 adiunpitur,
1053 2302 1157 2366 Deum
1179 2323 1241 2365 ouon
1261 2303 1371 2377 sinere,
1424 2299 1613 2382 patrocinio,
1636 2299 1716 2364 satis
1738 2321 1773 2363 se
1795 2299 1955 2377 defendet,
1977 2320 2078 2381 quum
2100 2321 2214 2365 eorum
2236 2302 2402 2367 eonscien-

398 2390 453 2453 sed
482 2390 594 2453 uirtute
615 2409 677 2452 sua
702 2388 867 2452 modermi
911 2386 1044 2452 Addunt
1065 2388 1159 2450 etiam
1179 2408 1240 2450 noa
1262 2385 1319 2450 abs
1339 2405 1374 2448 re
1425 2386 1480 2448 tiis
1513 2406 1644 2448 omnem
1682 2385 1987 2468 tergiversationem
2025 2385 2198 2451 adimendo
2237 2389 2401 2453 cannatas

397 2495 477 2538 oasa
511 2476 579 2537 irae
607 2473 671 2537 diei
704 2478 862 2552 apparata
891 2473 934 2538 ad
965 2474 1136 2551 interitum,
1167 2492 1245 2537 oasa
1272 2476 1374 2535 autem
1426 2471 1568 2553 stringet
1595 2491 1731 2552 reasque
1758 2479 1901 2554 peraget.
1948 2470 2056 2552 Neque
2076 2476 2178 2536 tamen
2200 2478 2402 2537 commentum

398 2559 631 2623 misericordiae
652 2558 757 2623 Deum
777 2567 1005 2638 praeparasse:
1033 2559 1109 2638 puio
1134 2557 1188 2623 tuoe
1214 2558 1302 2622 modo
1323 2577 1374 2621 sa
1426 2557 1601 2639 inperimus
1628 2555 1784 2621 absolutae
1805 2557 1977 2637 potentiae:
2003 2556 2085 2637 quod
2111 2558 2205 2621 sicuti
2226 2558 2402 2640 profanum

398 2645 475 2710 lutis
495 2644 619 2708 laudem
635 2641 703 2709 Deo
725 2641 874 2707 adsoribit
894 2647 921 2707 et
942 2643 1090 2720 seusun,
1106 2643 1295 2724 perddioms
1312 2642 1375 2706 nub
1426 2645 1483 2720 est,
1513 2641 1560 2705 ita
1586 2641 1695 2706 nnerito
1720 2643 1895 2707 detestabile
1920 2641 2009 2706 nobis
2028 2662 2094 2707 esse
2114 2644 2205 2708 debet
2251 2644 2324 2708 Non
2343 2644 2403 2724 piu·

394 2750 475 2812 pam
507 2729 609 2793 reiicit
635 2729 670 2792 in
698 2749 748 2792 eos
775 2729 830 2808 qul
856 2730 988 2810 proprio
1020 2729 1150 2794 arbitrio
1182 2730 1287 2809 ipsam
1314 2728 1375 2792 sibi
1424 2727 1530 2809 pineus
1550 2725 1656 2791 Deum
1676 2728 1823 2808 eeleperu,
1846 2729 1902 2809 pul
1923 2727 1985 2791 sibi
2005 2728 2071 2807 ipsi
2091 2728 2141 2792 les
2162 2734 2223 2808 est,·
2250 2730 2338 2810 quia,
2366 2734 2403 2793 ut

399 2819 567 2880 omersuut.
624 2814 685 2879 Sul
716 2819 751 2877 ut
781 2814 850 2878 illis
880 2815 1041 2879 comedam
1071 2815 1196 2879 dinemo
1233 2812 1375 2895 ariana·
1427 2813 1472 2876 aa
1485 2812 1587 2890 Pluto,
1610 2812 1672 2895 lepe
1694 2813 1833 2896 indipent
1853 2813 1990 2878 homiues
2006 2814 2062 2894 pui
2082 2815 2305 2895 eupiditatilms
2321 2814 2403 2880 lata

398 2901 505 2982 forma
525 2899 663 2964 Paulum
684 2901 881 2979 asperitatem
902 2899 998 2964 lenire
1012 2901 1135 2981 prioris
1160 2899 1295 2977 membri,
1318 2899 1376 2961 mi-
1425 2902 1515 2977 rant,·
1532 2897 1597 2962 Dei
1614 2904 1717 2963 autem
1732 2900 1946 2964 voluntasuou
1961 2900 2050 2964 modo
2067 2898 2106 2963 ab
2118 2901 2202 2965 omni
2217 2902 2291 2964 vitio
2302 2920 2402 2980 pura,

399 2988 483 3050 niune
509 2990 613 3049 tamen
638 2990 871 3050 conserotaneum
902 2990 946 3050 est
967 2986 1241 3067 praeparationem
1263 2985 1306 3048 ad
1327 2985 1375 3048 in-
1425 2984 1480 3049 sed
1506 3003 1629 3047 sumum
1649 2984 1847 3066 perfeetionis
1868 2984 1993 3066 reputa,
2020 2986 2116 3049 etiam
2136 2985 2235 3068 Qum
2261 2986 2403 3049 munium

399 3072 523 3136 teritum
551 3071 615 3137 alne
641 3070 813 3151 barnferre
839 3091 934 3151 quam
962 3071 1005 3136 ad
1031 3091 1183 3136 areanum
1210 3070 1374 3135 nandium
1426 3069 1477 3133 len
1503 3073 1555 3134 est.
1613 3067 1728 3134 Vermn
1759 3089 1911 3152 amamus
1941 3069 2107 3135 obnoxium
2138 3091 2202 3136 esse
2229 3071 2402 3135 reddendae

399 3156 478 3222 Dei.-
493 3158 575 3237 quod
592 3157 686 3221 diam
697 3155 797 3238 pareto
815 3161 885 3221 ante
902 3159 936 3221 in
953 3160 1094 3222 ominem
1110 3157 1272 3234 asseritur,
1292 3154 1375 3237 qnod
1426 3155 1559 3233 rationi;
1586 3174 1735 3238 nepamus
1760 3155 1854 3220 etiam
1878 3175 1935 3220 nos
1956 3175 2022 3220 esse
2043 3157 2167 3221 idoneos
2187 3157 2323 3234 iudiees,
2345 3157 2404 3236 qui

399 3241 488 3306 Deus
510 3243 688 3306 motaverit
700 3240 908 3321 Pharaonem,
930 3243 1048 3320 dana,
1068 3241 1144 3322 'quos
1160 3243 1228 3307 vult
1237 3242 1371 3306 induret.
1421 3241 1554 3320 proprio
1580 3260 1674 3305 seusu
1694 3242 1935 3321 pronuntiemus
1955 3240 1993 3305 de
2018 3240 2077 3306 liae
2096 3262 2202 3306 nauso.
2247 3241 2352 3322 aare
2372 3242 2403 3306 si

406 3327 492 3393 Unde
512 3328 654 3409 sequitur
670 3327 884 3393 absemrditum
900 3326 965 3393 Dei
981 3328 1147 3393 eonsilium
1163 3327 1376 3392 obdurationis
1425 3330 1581 3390 tentam
1607 3325 1694 3390 ultra
1714 3347 1809 3408 mmm
1838 3327 1921 3404 lieet,
1948 3331 2063 3391 metum
2089 3328 2223 3392 incutiat
2248 3327 2306 3391 illa
2326 3346 2403 3391 mors-

398 3433 463 3478 esse
488 3434 625 3478 missam.
670 3412 737 3478 Hos
763 3413 873 3477 saltem
893 3413 1008 3478 obtineo
1034 3414 1115 3493 quod
1142 3414 1242 3479 tradit
1263 3411 1374 3495 Aupu·
1426 3411 1557 3475 minmio
1580 3409 1705 3477 Psalmi
1731 3411 1803 3495 (51,
1824 3411 1875 3495 6),
1902 3412 2007 3478 Deum
2033 3413 2100 3494 fore
2124 3414 2267 3478 nidorem
2286 3414 2403 3495 quoties

397 3500 509 3576 stium,
523 3499 552 3582 ²)
579 3499 634 3563 ubi
662 3519 700 3562 en
722 3499 807 3579 lupis
828 3497 919 3562 Deus
936 3519 1006 3563 oves
1026 3499 1119 3580 faed,
1144 3499 1253 3582 pratia
1269 3502 1375 3580 poten·
1426 3496 1466 3562 ab
1484 3496 1606 3562 bomine
1626 3497 1753 3564 ranan
1773 3497 1973 3563 iudicabitur.

397 3586 474 3650 tiore
495 3605 546 3650 eos
564 3584 750 3665 reformare,
777 3588 812 3648 ut
837 3584 976 3648 demetra
1003 3605 1108 3648 eorum
1128 3584 1279 3662 durities;
1300 3603 1375 3665 pro·
1514 3586 1542 3645 3.
1598 3583 1738 3648 Tarendo
1763 3588 1866 3663 potest
1892 3583 1983 3649 Deus
2011 3583 2058 3648 ita
2089 3602 2275 3663 manescere
2303 3582 2403 3648 bostes

397 3671 471 3735 inde
503 3670 667 3734 obstinatos
698 3669 767 3735 ideo
796 3690 859 3735 non
889 3671 1035 3735 mnoemit
1068 3671 1145 3751 qma
1173 3668 1375 3750 potentiorem
1426 3687 1508 3734 suos.
1558 3665 1626 3733 Sed
1654 3689 1696 3732 ne
1724 3668 1797 3733 illos
1829 3687 1959 3734 eaerum
1990 3689 2112 3733 nomen
2139 3690 2236 3733 suum
2268 3669 2404 3750 impune

377 3755 488 3820 diam
513 3756 650 3837 pretinm
676 3775 739 3820 uon
764 3756 878 3820 eriserit
898 3756 996 3834 Deus,
1025 3776 1088 3836 quo
1109 3776 1171 3821 non
1196 3755 1375 3819 malletur
1425 3752 1568 3818 ludibrio
1586 3753 1707 3818 habere
1723 3754 1897 3836 patiamur,
1918 3775 2011 3818 arma
2027 3774 2155 3836 quoque
2172 3754 2331 3820 adversus
2348 3773 2404 3819 eos

266 3845 269 3853 '
398 3840 429 3903 si
450 3860 519 3903 eam
533 3840 679 3921 proferre
699 3840 792 3905 uellet.
1427 3839 1521 3904 nobis
1538 3860 1581 3904 ex
1599 3840 1699 3904 verbo
1717 3860 1778 3904 suo
1795 3838 1990 3922 suppeditat
2023 3838 2177 3918 Proinde,
2200 3840 2323 3922 siquis
2345 3860 2405 3905 nos

485 3928 514 3987 2.
557 3925 645 3991 Haeo
669 3927 792 4006 quidem
814 3926 884 4008 piis
910 3931 937 3991 et
963 3925 1107 3991 undenis
1133 3925 1253 3990 abunde
1285 3925 1376 4007 suffi·
1427 3924 1615 3988 huiusmodi
1642 3924 1750 3990 verbis
1776 3923 2000 4009 aggrediatur,
2032 3945 2091 3990 eur
2117 3926 2158 3990 ab
2187 3925 2283 3989 initio
2311 3926 2406 3989 Deus

398 4014 506 4088 cuent,
528 4015 556 4074 et
577 4011 632 4090 qui
652 4032 685 4076 se
705 4011 843 4077 tornines
863 4012 1114 4077 reminismntur.
1158 4011 1245 4092 Quin
1272 4015 1375 4088 tamen
1427 4009 1470 4074 ad
1499 4018 1639 4074 mortem
1660 4010 1785 4093 aliquos
1806 4011 2073 4094 praedestinant,
2100 4011 2174 4094 qui,
2198 4032 2300 4094 quum
2321 4031 2406 4075 non·

397 4116 459 4160 non
478 4117 574 4160 mmm
595 4097 726 4178 mium
747 4098 895 4162 virulenti
916 4098 971 4162 isti
996 4117 1089 4161 canes
1109 4100 1250 4162 evomunt
1270 4102 1375 4162 sonno
1427 4095 1506 4160 dum
1528 4105 1645 4176 essent,
1668 4097 1788 4162 mereri
1809 4097 1966 4162 iuditium
1993 4098 2109 4162 mortis
2134 4096 2284 4161 nondum
2311 4105 2407 4180 potu·

381 4180 516 4259 -Deum,
543 4182 586 4247 od
614 4183 772 4265 stapulas,
794 4187 892 4263 prout
918 4202 969 4247 res
994 4182 1086 4264 feret,
1114 4183 1375 4265 respondebimus.
1426 4189 1530 4260 erant,
1561 4203 1630 4260 nos,
1652 4183 1875 4266 responsionis
1895 4184 1980 4262 loeo,
2003 4183 2147 4250 vicissim
2170 4204 2224 4247 eos
2249 4203 2406 4264 rogemus

396 4267 514 4333 Multis
530 4265 636 4331 modis
654 4287 730 4331 eum
747 4266 820 4331 Deo
841 4267 972 4350 litigant
992 4267 1085 4333 stulti
1104 4269 1263 4346 homines,
1282 4267 1375 4351 quasi
1426 4267 1505 4350 quid
1524 4268 1636 4333 Deum
1657 4268 1785 4334 homini
1806 4268 1923 4335 debere
1945 4271 2143 4347 existiment,
2164 4269 2193 4332 si
2216 4288 2290 4330 eum
2309 4287 2329 4328 a
2345 4287 2407 4329 na

396 4375 473 4417 enm
499 4361 634 4419 teneant
660 4353 730 4418 suis
756 4353 1039 4418 oriminationibns
1067 4354 1254 4420 obnoxium.
1297 4353 1374 4418 Pri·
1425 4360 1501 4418 tura
1528 4376 1588 4420 sua
1615 4357 1789 4422 aestimare
1814 4356 1904 4423 velit
1955 4355 2107 4437 Qualiter
2137 4357 2269 4435 peeeato
2295 4349 2406 4416 vitiati

395 4460 488 4503 mum
510 4461 588 4523 ergo
609 4440 816 4523 interrogant
837 4460 901 4522 quo
924 4441 995 4504 iure
1023 4440 1090 4504 suis
1112 4439 1270 4504 ereaturis
1291 4438 1374 4504 iras·
1427 4461 1540 4505 sumus
1563 4461 1687 4521 omnes,
1710 4465 1776 4508 non
1800 4463 1973 4525 possumus
2001 4461 2069 4504 non
2096 4458 2166 4503 esse
2188 4437 2260 4500 Deo
2287 4435 2402 4517 odiosi,

396 4533 491 4590 eatur
511 4524 692 4603 Dominus,
715 4547 736 4590 a
756 4523 873 4608 quibus
895 4525 987 4589 nulla
1012 4532 1088 4588 ante
1109 4525 1234 4589 offensa
1254 4543 1374 4606 provo·
1425 4525 1523 4609 idque
1550 4548 1619 4591 non
1644 4529 1818 4613 tyrannica
1838 4527 1989 4603 saevitia,
2011 4524 2070 4589 sed
2090 4521 2287 4606 aequissima
2307 4523 2403 4587 iusti-

395 4619 488 4677 eatus
516 4612 623 4676 tuerit
667 4610 754 4675 Nam
783 4610 883 4674 esitio
911 4610 1072 4675 devovere
1099 4630 1180 4691 quos
1225 4604 1373 4689 lenierit,
1426 4612 1493 4677 tiae
1519 4613 1655 4678 ratione.
1700 4612 1798 4694 Quod
1824 4613 1854 4678 si
1876 4612 1995 4677 iudicio
2022 4609 2139 4673 mortis
2165 4607 2297 4672 obnoxii
2324 4614 2403 4673 sunt

395 4696 531 4780 tyranni
552 4697 658 4781 magis
685 4696 828 4773 libidini,
851 4715 951 4778 quam
972 4695 1138 4778 legitimae
1160 4696 1195 4759 in
1220 4696 1277 4761 'eis
1299 4716 1374 4761 sen·
1425 4718 1539 4762 omnes
1561 4699 1704 4763 naturali
1730 4697 1933 4776 eonditione,
1957 4714 2037 4780 quos
2059 4693 2102 4758 ad
2124 4702 2266 4758 mortem
2287 4694 2402 4758 Demi·

364 4783 516 4847 'tentiae
548 4783 732 4848 eonvenire.
781 4782 865 4846 Esse
892 4781 995 4865 igitur
1021 4800 1079 4844 eur
1112 4800 1188 4846 oum
1215 4781 1287 4845 Deo
1316 4802 1373 4847 ex·
1425 4805 1490 4848 nus
1515 4782 1750 4865 praedestinat,
1779 4782 1819 4847 de
1848 4802 1926 4863 qua,
1955 4781 2103 4858 obsearo,
2130 4779 2201 4844 eius
2228 4779 2402 4862 iniquitate

394 4867 564 4948 postulent
585 4867 749 4945 homines,
777 4867 806 4932 si
828 4865 916 4930 nuda
936 4866 1007 4931 eius
1029 4867 1173 4944 arbitrio,
1196 4868 1278 4931 eitra
1297 4888 1373 4950 pro·
1425 4889 1505 4951 erga
1525 4889 1561 4942 se
1588 4865 1848 4949 aonquerantnr?
1881 4867 2029 4932 Veniant
2056 4885 2170 4930 omnes
2197 4864 2258 4929 filii
2278 4864 2401 4943 Adam3

396 4952 505 5034 prium
517 4953 680 5031 meritum,
692 4953 727 5017 in
739 4960 906 5018 aeternam
919 4960 1059 5017 mortem
1076 4953 1372 5035 praedestinantur.
1425 4974 1500 5019 eum
1528 4973 1586 5019 sno
1617 4960 1762 5017 ereatore
1789 4952 1990 5017 eontendant
2017 4973 2056 5018 ae
2083 4951 2281 5033 disseptent,
2315 4949 2403 5032 quod

395 5036 568 5100 Eiusmodi
595 5038 809 5121 cogitationes
832 5038 1011 5121 siquando
1039 5038 1103 5122 piis
1131 5038 1316 5103 hominibus
1337 5038 1373 5102 in
1425 5035 1671 5103 aeterna'illins
1692 5037 1912 5120 providentia,
1943 5045 2019 5103 ante
2040 5058 2136 5103 suam
2180 5036 2402 5102 onerationem

394 5129 541 5186 mentem
565 5123 721 5203 ueniant,
755 5124 797 5190 ad
831 5122 1029 5208 frangendos
1058 5145 1171 5190 aarum
1202 5121 1370 5205 impulsus,
1424 5131 1600 5205 perpetuae
1627 5123 1806 5190 salamitati
1835 5123 1956 5190 addioti
1982 5124 2112 5188 tuerint.
2157 5059 2249 5202 buil
2276 5123 2401 5186 obstre-

395 5207 449 5274 vel
471 5208 534 5272 hoe
554 5229 621 5273 uno
642 5211 722 5274 satis
743 5209 973 5288 armabuntur,
1004 5210 1033 5275 si
1054 5218 1207 5293 reputent
1228 5213 1372 5290 quantae
1424 5227 1501 5290 pere
1522 5208 1678 5276 adversus
1699 5211 1786 5276 hane
1808 5210 2030 5277 defensionem
2050 5215 2213 5292 poterunt
2235 5206 2292 5272 ubi
2309 5207 2402 5271 Dens

387 5294 440 5360 eit
460 5293 688 5378 improbitatis,
712 5314 825 5360 causas
847 5295 979 5360 divinae
1006 5295 1185 5362 voluntatis
1212 5292 1373 5357 duntaxat
1424 5292 1506 5373 illos,
1531 5295 1574 5360 ad
1594 5295 1648 5361 sui
1666 5297 1926 5382 reeognitionem
1942 5302 2059 5362 eontra
2079 5292 2229 5360 voeebit?
2258 5294 2313 5358 Ex
2330 5312 2403 5357 eor-

399 5468 557 5476 ...—...—-..-
566 5472 591 5477 -
1429 5470 1631 5479 --W

460 5584 494 5704 t1)
511 5587 585 5705 ligr.
603 5584 628 5636 ὃ.
651 5589 746 5636 eontra
768 5582 819 5634 Iul.
844 5599 865 5633 e.
883 5581 908 5635 b.
997 5583 1028 5651 2)
1045 5585 1119 5638 libr.
1139 5583 1162 5636 1.
1184 5584 1218 5637 de
1237 5583 1372 5652 praedest.
1468 5585 1523 5706 21)
1541 5589 1600 5641 Hae
1612 5604 1646 5641 ex
1658 5588 1773 5656 August.
1787 5593 1924 5656 sumptum
1936 5587 1997 5638 libr.
2011 5584 2035 5636 1.
2051 5585 2085 5636 de
2098 5583 2165 5636 Gen.
2178 5589 2273 5635 eontra
2285 5583 2403 5637 Manieh.

396 5667 480 5705 sano.
501 5671 523 5706 o.
560 5693 566 5707 .
1424 5672 1446 5708 o.
1486 5694 1492 5706 .
