5600 6809
390 718 451 778 4s1
648 711 739 776 116.
759 711 822 775 111.
865 708 1088 776 16116116
1111 688 1461 774 eunomianum
1484 707 1674 776 61161611
1697 711 1916 777 cainan.
1960 711 2059 778 cnr.
2081 713 2142 778 rv.
2329 715 2392 778 ssa

390 903 538 984 quiretur
565 900 721 980 iniquitas
749 899 863 977 Iacob,
897 905 931 962 et
961 918 1027 962 non
1055 898 1257 975 invenietur;
1290 916 1364 977 pec·
1417 898 1546 979 pressit.
1591 896 1742 977 Omnem,
1765 899 1872 982 inquit
1893 898 1965 984 (Os.
1988 901 2101 985 14,3),
2124 902 2217 967 161166
2239 903 2393 985 iniquita·

389 995 498 1053 catum
537 983 706 1063 Iehudah,
747 991 781 1049 et
819 1005 886 1048 non
925 985 1005 1048 erit:
1053 985 1130 1065 quia
1166 981 1366 1064 propitiabor
1417 992 1485 1046 tem
1518 1004 1537 1048 o
1564 983 1670 1048 Deus:
1704 1006 1747 1049 en
1773 993 1981 1067 peccatorum
2013 989 2160 1053 remissio
2167 1011 2175 1067 ;
2209 995 2242 1052 et
2273 989 2394 1053 vitulos
2435 1043 2438 1050 .

389 1073 543 1155 reliquiis·
577 1092 658 1153 quas
702 1090 885 1135 servavero.
952 1070 1013 1133 Vis
1054 1069 1198 1134 breviter
1242 1075 1363 1144 tenere,
1416 1069 1579 1133 labiorum
1600 1070 1836 1152 persolvemus:
1867 1093 1910 1135 en
1932 1073 2117 1137 satisfactio.
2162 1072 2238 1138 Scio
2260 1074 2393 1157 quidem

390 1160 462 1241 quis
489 1159 532 1223 sit
553 1155 727 1223 verborum
753 1156 889 1220 istorum
918 1154 1056 1219 sensus?
1100 1153 1261 1236 Expende
1287 1152 1365 1235 quid
1417 1155 1568 1220 subtilius
1600 1155 1708 1222 adhuc
1739 1157 1827 1239 ipsos
1859 1158 1960 1237 elabi,
1995 1157 2072 1222 dum
2105 1160 2193 1223 inter
2225 1169 2393 1225 aeternam

390 1263 586 1309 econverso
616 1242 679 1307 sibi
705 1241 808 1307 velint
832 1241 1037 1322 loquutiones
1063 1240 1153 1303 illae:
1182 1238 1363 1303 Dominum
1397 1251 1556 1322 'poenam
1578 1248 1610 1305 et
1631 1242 1825 1324 temporales
1842 1242 2055 1326 distinguunt.
2101 1242 2170 1308 Sed
2189 1267 2288 1329 quum
2311 1254 2394 1310 tem-

389 1331 423 1394 in
444 1327 573 1395 sacculo
594 1328 784 1410 iniquitates
806 1327 973 1410 colligare,
1002 1325 1251 1390 infasciculum
1273 1323 1364 1390 colli·
1416 1327 1562 1407 poralem
1589 1347 1728 1409 poenam
1761 1328 1897 1411 quodvis
1925 1329 2122 1412 supplicium
2150 1352 2221 1395 esse
2249 1332 2392 1409 tradant,

388 1434 465 1500 gere
496 1426 530 1480 et
560 1412 750 1492 recondere,
784 1413 858 1477 stilo
890 1412 996 1476 ferreo
1024 1433 1160 1475 exarare
1193 1411 1229 1474 in
1256 1409 1364 1493 lapide
1416 1411 1501 1493 quod
1531 1420 1601 1477 tam
1629 1412 1669 1477 de
1698 1435 1830 1496 corpore
1858 1436 1956 1496 quam
1978 1415 2018 1479 de
2042 1417 2152 1480 anima
2171 1417 2272 1480 sumit
2289 1419 2393 1493 Deus,

388 1501 598 1566 adamantino
632 1498 715 1584 (Iob.
743 1502 874 1578 14,17;
904 1496 960 1563 Os.
989 1501 1044 1577 13,
1073 1500 1126 1576 12,
1154 1497 1217 1560 Ι61.
1245 1494 1361 1580 17,1).
1416 1504 1553 1580 excepta
1578 1497 1674 1562 modo
1701 1507 1836 1564 aeterna
1862 1509 1981 1578 morte,
2015 1523 2134 1585 parum
2163 1524 2217 1567 eos
2244 1503 2394 1568 sublevat

387 1588 513 1669 Nempe
542 1587 569 1650 si
591 1584 771 1651 vindictam
797 1601 971 1666 repensum
994 1584 1036 1647 iri
1058 1583 1245 1666 significant
1263 1581 1363 1666 (quod
1417 1583 1498 1648 haee
1509 1585 1680 1649 restrictio.
1715 1584 1801 1649 Nam
1815 1587 2000 1668 superiores
2017 1587 2088 1665 loci,
2111 1609 2192 1668 quos
2210 1589 2394 1667 citavimus,

387 1679 482 1737 extra
515 1671 651 1737 dubium
684 1669 748 1750 est)
787 1690 893 1751 neque
925 1670 1025 1733 etiam
1057 1667 1272 1733 dubitandum
1304 1674 1362 1748 est,
1416 1668 1479 1733 hoc
1501 1670 1697 1733 nominatim
1718 1671 1846 1748 volunt,
1876 1673 1938 1737 hac
1962 1694 2021 1738 nos
2043 1672 2229 1737 conditione
2251 1675 2395 1756 recipie

387 1759 467 1841 quin
500 1758 670 1823 contrariis
696 1755 866 1820 sententiis
894 1776 1026 1819 omnem
1052 1753 1215 1819 vindictae
1247 1775 1364 1837 repen·
1416 1754 1488 1818 Dec
1511 1756 1546 1818 in
1568 1757 1724 1837 gratiam,
1753 1763 1790 1819 ut
1811 1757 1968 1839 quidquid
1990 1779 2119 1823 eramus
2140 1780 2264 1841 poenae
2286 1760 2395 1824 meriti

388 1845 511 1909 sionem
537 1843 701 1908 Dominus
733 1863 768 1906 se
796 1842 963 1906 remittere
990 1841 1139 1903 affirmet.
1185 1839 1250 1904 Hic
1281 1839 1366 1904 mihi
1415 1839 1572 1919 remittat,
1595 1840 1729 1923 culpam¹
1741 1842 1949 1924 ignoscendo.
1989 1844 2035 1908 Et
2056 1845 2182 1926 quoties
2203 1845 2315 1910 David
2338 1851 2396 1909 aut

388 1928 570 1994 obtestandi
592 1936 670 1993 sunt
690 1926 835 2006 lectores,
858 1947 925 1992 non
947 1936 984 1989 ut
1001 1927 1117 2009 glossis
1135 1926 1216 1991 meis
1234 1926 1363 1992 auscul-
1417 1926 1473 1988 alii
1505 1927 1685 2009 prophetae
1716 1935 1924 2009 peccatorum
1955 1930 2087 1994 veniam
2125 1937 2258 2013 petunt,
2297 1931 2396 1996 simul

389 2023 474 2093 tent,
502 2013 560 2080 sed
582 2021 712 2078 tantum
735 2021 773 2077 ut
792 2011 891 2077 verbo
913 2012 977 2077 Dei
1000 2011 1108 2076 locum
1130 2011 1271 2094 aliquem
1293 2032 1363 2076 esse
1416 2033 1555 2093 poenam
1576 2011 1799 2094 deprecantur.
1839 2013 1911 2078 Imo
1933 2013 2037 2080 divini
2058 2015 2169 2080 iudicii
2192 2037 2307 2081 sensus
2330 2017 2395 2083 huc

389 2101 506 2166 sinant,
1417 2119 1471 2162 eos
1494 2098 1641 2180 impellit
1685 2098 1851 2178 Rursum,
1880 2121 1982 2181 quum
2004 2122 2024 2164 a
2044 2102 2188 2166 Domino
2209 2102 2395 2167 misericor-

475 2190 525 2250 30.
570 2184 674 2266 Quid,
697 2205 829 2267 quaeso,
851 2184 944 2248 nobis
962 2183 1179 2266 praestitisset
1200 2181 1363 2262 Christus,
1417 2183 1505 2249 diam
1527 2184 1732 2265 promittunt,
1754 2204 1884 2266 semper
1904 2185 1972 2249 fere
1995 2207 2036 2250 er
2057 2188 2200 2268 professo
2223 2187 2264 2252 de
2281 2190 2395 2270 poenis

389 2273 417 2336 si
437 2271 544 2337 adhuc
561 2292 620 2353 pro
637 2271 778 2353 peccatis
795 2291 901 2353 poena
916 2268 1124 2352 exigeretur?
1157 2269 1245 2333 Nam
1263 2289 1364 2351 quum
1416 2290 1593 2351 earumque
1632 2270 1824 2335 remissione
1863 2271 2105 2336 concionantur.
2163 2272 2261 2338 Certe
2294 2296 2396 2356 quum

389 2357 526 2423 dicimus
548 2378 624 2421 eum
642 2356 813 2438 pertulisse
830 2356 940 2419 omnia
957 2361 1091 2438 peccata
1112 2363 1224 2420 nostra
1240 2355 1277 2418 in
1294 2375 1364 2420 661-
1415 2355 1579 2420 Dominus
1601 2355 1689 2438 apud
1705 2356 1911 2422 Ezechielem
1934 2358 2000 2440 (36,
2020 2361 2059 2420 22
2078 2367 2111 2422 61
2130 2359 2185 2445 32)
2207 2361 2398 2441 pronuntiat

388 2464 466 2526 pore
494 2464 553 2508 suo
581 2463 679 2524 super
705 2442 831 2525 lignum
861 2441 893 2524 (l
913 2443 1003 2505 Petr.
1024 2445 1059 2519 2,
1078 2442 1151 2523 24),
1179 2462 1247 2505 non
1274 2439 1364 2503 aliud
1415 2442 1517 2505 finem
1538 2463 1573 2506 sc
1594 2442 1825 2524 impositurum
1837 2442 2027 2527 babylonico
2041 2445 2165 2522 exsilio,
2189 2444 2285 2528 idque
2299 2466 2396 2530 prop-

389 2530 611 2612 significamus
629 2549 726 2610 quam
744 2527 932 2592 defunctum
949 2526 1260 2608 poenaetvindiota,
1280 2546 1364 2609 quae
1417 2535 1467 2591 ter
1489 2548 1524 2591 se
1546 2547 1614 2590 non
1635 2534 1769 2610 propter
1790 2527 1944 2607 Iudaeos,
1970 2530 2151 2612 gratuitum
2174 2552 2244 2595 esse
2266 2538 2395 2595 utrum·

387 2614 675 2696 peccatisnostris
697 2613 883 2678 debebatur.
926 2611 968 2676 Id
995 2613 1103 2695 ipsum
1125 2613 1364 2696 significantius
1416 2634 1479 2696 que
1501 2613 1581 2678 satis
1604 2612 1812 2677 demonstrat.
1847 2612 1999 2697 Denique
2019 2616 2046 2679 si
2069 2625 2200 2681 areatu
2217 2614 2396 2681 liberamur

389 2699 568 2766 declaravit
588 2699 719 2778 Iesaias,
744 2719 846 2781 quum
863 2697 941 2762 dicit
958 2697 1024 2782 (53,
1045 2697 1093 2783 5):
1116 2698 1364 2783 castigationem
1415 2718 1474 2780 per
1502 2698 1686 2776 Christum,
1719 2719 1841 2781 poenas
1868 2721 1951 2782 quae
1985 2699 2062 2766 inde
2096 2701 2295 2785 proveniunt
2326 2723 2395 2767 ces-

389 2785 473 2952 8116
495 2785 741 2869 correctionem)
766 2785 855 2866 pacis
883 2790 1014 2848 nostrae
1035 2784 1135 2848 fuisse
1157 2806 1257 2867 super
1278 2806 1362 2849 eum.
1417 2805 1491 2850 sare
1513 2791 1648 2866 oportet

422 2871 479 2935 uid
507 2892 585 2936 vero
613 2878 663 2936 cst
690 2870 846 2936 correctio
868 2870 958 2953 pacis
985 2876 1130 2948 nostrae,
1163 2871 1227 2936 nisi
1258 2891 1365 2954 poena
1430 2886 1433 2898 ⁴
1505 2875 1554 2934 31.
1609 2870 1737 2933 Verum
1770 2868 1900 2952 quando
1933 2879 1967 2935 et
1998 2872 2062 2955 ipsi
2090 2873 2272 2956 scripturae
2304 2872 2396 2937 testi·

389 2957 532 3040 peccatis
559 2957 682 3036 debita,
714 2963 747 3020 et
774 2978 794 3021 a
820 2954 912 3020 nobis
933 2955 1162 3038 persolvenda,
1189 2963 1365 3039 antequam
1417 2956 1536 3020 moniis
1557 2977 1628 3020 sese
1650 2961 1789 3035 armant,
1810 2954 1980 3023 videamus
2001 2960 2110 3039 qualia
2131 2960 2206 3039 sint,
2229 2978 2312 3041 quae
2333 2959 2396 3041 ipsi

389 3044 461 3107 Deo
483 3043 685 3108 reconciliari
706 3064 889 3124 possemus,
922 3041 987 3106 nisi
1015 3041 1103 3106 vices
1134 3048 1263 3107 nostras
1294 3043 1365 3125 ipse
1418 3040 1600 3107 obtendunt
1617 3049 1818 3125 argumenta.
1852 3041 1972 3122 David,
1995 3045 2155 3126 inquiunt,
2178 3045 2218 3110 de
2236 3044 2396 3110 adulterio

390 3128 561 3194 subiisset?
612 3129 666 3193 111
696 3130 783 3193 clare
815 3127 922 3205 vides,
956 3125 1127 3191 Christum
1159 3135 1364 3210 peccatorum
1419 3138 1453 3192 et
1473 3126 1648 3192 homicidio
1671 3127 1871 3209 apropheta
1888 3128 2023 3200 Nathan
2041 3130 2241 3213 obiurgatus,
2263 3130 2396 3197 veniam

390 3235 511 3298 poenas
539 3215 747 3291 sustinuisse,
780 3220 818 3277 ut
849 3235 925 3278 suos
951 3212 1081 3277 abillis
1108 3213 1275 3278 eximeret.
1320 3214 1367 3278 1111
1417 3214 1543 3296 pcccati
1565 3213 1690 3295 accipit,
1714 3221 1879 3278 ettamen
1899 3222 2004 3278 morte
2025 3215 2093 3291 filii,
2119 3237 2216 3298 quem
2238 3239 2280 3281 ex
2301 3215 2395 3281 adul·
2424 3293 2426 3298 .

391 3301 516 3383 quoties
539 3300 579 3364 de
597 3299 820 3384 redemptione
843 3320 902 3381 per
919 3321 995 3364 eum
1013 3299 1099 3364 facta
1116 3301 1266 3364 meminit
1276 3302 1366 3365 Pau·
1419 3299 1500 3364 terio
1528 3299 1720 3377 sustulerat,
1753 3307 1866 3381 postea
1892 3299 2046 3380 plectitur
2072 3302 2106 3384 (2
2131 3300 2221 3367 Sam.
2249 3306 2302 3380 12,
2329 3300 2395 3387 13).

390 3386 457 3467 lus,
485 3408 602 3453 vocare
629 3385 711 3451 solet
739 3383 949 3470 ἀπολύτρωσιν
977 3385 1087 3471 (Rom.
1113 3389 1148 3464 3,
1173 3389 1228 3466 243
1255 3391 1267 3449 1
1290 3385 1364 3451 (lor.
1419 3385 1516 3449 Tales
1537 3405 1674 3467 poenas,
1699 3405 1782 3466 quae
1809 3393 1884 3466 post
1912 3385 2028 3469 culpae
2050 3389 2150 3452 etiam
2171 3389 2396 3454 remissionem

395 3477 427 3550 l,
447 3477 487 3536 30
494 3495 502 3552 ;
526 3472 612 3554 Eph.
635 3477 667 3552 1,
690 3476 724 3550 7;
752 3470 821 3536 (161.
845 3470 968 3556 1,14)‚
998 3492 1062 3554 quo
1084 3492 1152 3536 non
1175 3472 1366 3554 simpliciter
1417 3468 1615 3554 infligendae
1626 3475 1745 3548 essent,
1764 3470 2041 3537 satisfactionibus
2053 3473 2213 3539 redimere
2231 3475 2395 3540 docemur.

390 3558 647 3640 redemptionem
680 3556 820 3635 indicat,
854 3557 994 3640 qualiter
1023 3557 1123 3641 vulgo
1154 3557 1366 3641 intelligitur;
1418 3557 1624 3622 Hortabatur
1645 3557 1734 3621 enim
1754 3557 1876 3620 Daniel
1897 3556 2176 3625 Nebuchadnezer
2197 3568 2234 3624 ut
2256 3560 2395 3624 eleemo-

391 3644 447 3709 sed
476 3645 617 3726 pretium
643 3645 751 3727 ipsum
783 3650 816 3708 61
841 3644 1093 3709 satisfactionem
1119 3643 1363 3727 redemptionis.
1418 3640 2145 3731 61116Ρ66661616111116161(Ι)614,24).
2195 3647 2241 3710 Et
2263 3644 2395 3710 Solomo

389 3729 465 3811 Qua
485 3729 612 3795 rationo
634 3739 667 3795 et
688 3728 860 3794 Christum
885 3731 993 3812 ipsum
1021 3751 1056 3794 se
1083 3750 1142 3812 pro
1169 3729 1262 3796 nobis
1284 3728 1365 3792 ἀντί·
1418 3728 1545 3807 scribit,
1572 3736 1706 3811 propter
1733 3728 1929 3809 aequitatem
1951 3736 1985 3793 et
2006 3729 2162 3812 pietatem
2189 3732 2311 3796 remitti
2331 3730 2395 3794 ini·

388 3821 489 3900 torpov
521 3814 647 3880 dedisse
681 3815 795 3882 scribit
827 3815 860 3899 (l
882 3816 964 3879 Tim.
990 3820 1025 3893 2,
1051 3814 1094 3900 6).
1150 3814 1245 3897 Quae
1277 3814 1365 3899 apud
1417 3814 1567 3898 quitates.
1611 3813 1702 3878 Alibi
1722 3813 1830 3891 etiam,
1854 3815 1989 3878 caritate
2011 3817 2130 3899 operiri
2151 3816 2396 3882 multitudinem

390 3899 569 3965 Dominum
590 3901 777 3985 propitiatio
799 3908 864 3979 est,
886 3902 994 3984 inquit
1015 3903 1238 3986 Augustinus,
1254 3902 1278 3986 ¹)
1301 3902 1365 3966 nisi
1417 3899 1872 3983 peccatorum(Prov.16,6
1954 3905 2001 3978 10,
2025 3902 2088 3986 12).
2130 3900 2241 3982 Quam
2263 3910 2420 3979 senten,

389 3987 604 4080 sacrificium?
639 3988 685 4052 Et
704 3985 791 4070 quod
812 3994 862 4051 est
882 3988 1090 4066 sacrificium,
1113 3990 1178 4054 nisi
1199 3987 1284 4071 quod
1305 4008 1365 4071 pro
1417 3907 2165 4136 11611661111116161Ρ611116ζ1Ρ611.4,8).
2200 3989 2287 4053 Item
2309 3986 2396 4070 apud

389 4072 483 4137 nobis
500 4072 646 4138 oblatum
664 4080 714 4138 est
736 4073 772 4136 in
793 4077 898 4138 morte
911 4072 1056 4138 Christi?
1086 4073 1365 4139 Validumautem
1418 4074 1545 4138 Lucam
1567 4074 1618 4155 (7,
1636 4070 1693 4155 47)
1719 4071 1884 4136 Dominus
1935 4093 1952 4136 6
1981 4071 2118 4138 muliere
2139 4076 2317 4157 peccatrice
2340 4073 2395 4152 ait,

389 4160 423 4223 in
446 4159 559 4241 primis
584 4161 721 4225 arietem
738 4159 832 4224 nobis
849 4159 1046 4241 suppeditat,
1068 4159 1154 4243 quod
1172 4161 1212 4225 de
1229 4161 1365 4243 expian·
1418 4158 1556 4223 remissa
1577 4177 1648 4221 esse
1669 4155 1718 4219 illi
1738 4165 1872 4238 peccate
1892 4158 2010 4237 multa,
2039 4161 2117 4242 quia
2138 4157 2290 4247 dilexerit
2310 4158 2395 4223 mul·

390 4245 439 4311 dis
461 4250 668 4328 peccatorum
689 4245 785 4310 noxis
807 4245 842 4309 in
863 4245 937 4329 lege
959 4247 1101 4311 mosaica
1121 4245 1363 4328 praescribitur.
1418 4252 1498 4308 tum.
1539 4242 1587 4308 Ut
1612 4263 1766 4325 perverse
1788 4263 1916 4325 semper
1938 4253 1972 4333 61
1992 4255 2201 4329 praepostere
2223 4247 2309 4310 faeta
2329 4242 2395 4308 Dei

390 4331 505 4415 Neque
533 4334 622 4396 enim
649 4331 717 4397 illio
738 4330 901 4397 Dominus
927 4331 1014 4396 hanc
1041 4340 1100 4396 aut
1125 4332 1365 4397 1116116611616
1418 4328 1606 4396 aestimant!
1650 4329 1698 4393 At
1724 4329 1753 4393 si
1774 4327 2000 4398 observassent
2023 4330 2125 4416 (quod
2146 4331 2280 4396 minime
2301 4348 2395 4411 pras·

389 4417 494 4482 ciendi
507 4419 667 4484 rationem
679 4418 857 4498 constituit,
869 4413 927 4483 se'd
938 4424 1042 4482 totam
1053 4420 1089 4482 in
1099 4418 1266 4483 sacrificiis
1278 4439 1365 4484 com-
1418 4416 1614 4483 tercundum
1628 4413 1723 4499 6161),
1747 4414 1811 4479 duo
1824 4438 1895 4482 6666
1909 4415 2012 4481 divini
2025 4417 2137 4482 iudicii
2149 4437 2279 4500 genera,
2297 4414 2395 4498 longe

389 4504 765 4588 pensationemrequirit.
784 4505 852 4570 Ubi
862 4515 975 4569 tamen
986 4501 1106 4587 alioqui
1117 4503 1366 4589 diligentissime
1418 4504 1517 4570 aliam
1544 4503 1580 4567 in
1607 4502 1671 4568 hac
1691 4499 1832 4567 Davidis
1860 4504 2063 4585 correptione
2089 4500 2247 4567 vidissent
2272 4521 2395 4584 poenae

390 4597 487 4669 atque
515 4592 722 4657 exactissimo
750 4590 864 4656 ordine
886 4612 1000 4655 omnes
1026 4589 1182 4674 expiandi
1203 4591 1287 4656 ritus
1309 4612 1366 4654 er·
1417 4591 1572 4668 formam,
1600 4609 1700 4671 quam
1727 4608 1811 4671 quae
1837 4587 1879 4652 ad
1905 4588 2064 4652 ultionem
2088 4585 2222 4650 tendere
2248 4583 2396 4669 putanda

391 4675 546 4754 sequitur.
590 4676 657 4758 Qui
684 4678 723 4741 fit
744 4685 856 4743 autem
877 4685 915 4741 ut
936 4676 1036 4742 nullis
1057 4697 1193 4760 prorsus
1215 4676 1367 4760 operibus
1419 4677 1471 4741 sit
1525 4673 1692 4755 Quoniam
1719 4681 1829 4739 autem
1856 4682 1969 4739 nostra
1995 4673 2142 4738 omnium
2173 4693 2241 4736 non
2273 4672 2395 4737 medio·
2455 4730 2459 4741 .

392 4756 534 4823 admissa
555 4760 672 4827 delicta
693 4785 868 4846 procurare
884 4764 1004 4841 iubeat,
1027 4762 1084 4827 sed
1106 4761 1176 4829 sola
1196 4765 1233 4828 in
1255 4763 1368 4845 expia·
1419 4763 1517 4828 eriter
1538 4763 1639 4826 refert
1658 4759 1843 4843 intelligere
1870 4780 2026 4842 quorsum
2049 4758 2235 4840 pertineant
2255 4758 2320 4823 Dei
2342 4779 2395 4824 ca·

392 4845 517 4907 tionem
539 4848 698 4913 sacrificia
718 4851 875 4933 requirat,
897 4850 963 4915 nisi
985 4849 1071 4933 quod
1091 4850 1139 4913 ita
1160 4849 1273 4915 testari
1294 4847 1369 4915 vult
1420 4847 1624 4934 stigaticnes,
1651 4848 1769 4929 quibus
1796 4847 1830 4909 in
1856 4852 1989 4927 peccata
2015 4851 2130 4908 nostra
2157 4844 2399 4925 animadvertit,

392 4931 526 4995 unicum
549 4951 619 4995 esse
640 4933 869 5000 satisfactionis
886 4957 998 5020 genus,
1021 4956 1084 5018 quo
1101 4934 1259 5002 iudicium
1271 4955 1368 5000 suum
1421 4944 1455 5000 et
1475 4940 1634 5018 quantum
1662 4933 1702 4998 ab
1730 4930 1888 5013 exemplis
1914 4930 2068 4995 differant
2089 4931 2206 5013 quibus
2227 4932 2344 5014 impios
2365 4935 2399 4996 et

392 5015 561 5099 placatur?
606 5016 693 5082 Nam
714 5039 796 5100 quae
813 5028 885 5085 tum
905 5021 1122 5088 immolabant
1142 5023 1301 5089 sacrificia
1317 5021 1368 5087 Is-
1421 5019 1574 5104 reprobos
1601 5040 1678 5083 eum
1704 5016 1928 5100 indignatione
1955 5018 2174 5101 persequitur,
2210 5017 2399 5082 summatim

393 5102 537 5182 raelitae,
556 5123 622 5167 non
640 5102 846 5169 homiuumo
889 5126 926 5168 ra
943 5108 1174 5188 censebantur;
1196 5108 1254 5173 sed
1273 5129 1292 5173 a
1309 5128 1369 5173 sua
1420 5107 1539 5191 perstri
1587 5125 1643 5170 ere
1665 5125 1732 5168 non
1754 5104 1811 5168 abs
1832 5124 1883 5181 16,
1906 5102 2062 5181 arbitror,
2086 5103 2192 5168 fuerit.
2236 5102 2398 5168 Iudicium

394 5190 541 5268 veritate,
564 5189 626 5255 hoc
643 5195 694 5252 est
709 5187 850 5254 unicoO
876 5190 950 5253 risti
966 5193 1133 5271 sacrificio,
1152 5194 1369 5260 aestimaban-
1422 5214 1541 5271 unum,
1586 5188 1701 5256 ocendi
1723 5210 1836 5266 causa,
1859 5209 2015 5254 vocemus
2036 5188 2200 5255 vindictae
2207 5212 2216 5267 ;
2248 5187 2396 5265 alterum,

395 5282 458 5338 tur.
503 5275 644 5357 Qualem
675 5279 785 5339 autem
817 5276 1117 5355 compensationem
1150 5280 1290 5343 anobis
1317 5300 1369 5344 re-
1422 5277 1653 5361 castigationis.
1693 5277 1797 5341 Porro
1817 5273 1937 5340 iudicio
1957 5274 2122 5342 vindictae
2144 5275 2191 5339 616
2210 5273 2396 5354 intelligen-

396 5361 493 5444 cipiat
512 5362 690 5439 Dominus,
718 5359 831 5443 paucis
852 5358 962 5424 verbis
991 5358 1166 5442 eleganter
1186 5362 1290 5428 Oseas
1312 5385 1369 5428 ex·
1422 5365 1483 5430 dus
1505 5363 1658 5429 estDeus
1675 5362 1823 5426 inimicos
1840 5382 1916 5425 suos
1933 5361 2055 5440 11161661,
2076 5361 2218 5424 11111611
2240 5356 2397 5421 adversus

1421 5449 1495 5513 illos
1518 5469 1613 5512 suam
1634 5454 1791 5525 exerceat,
1815 5446 2003 5526 confundat,
2026 5445 2170 5528 dissipet,
2197 5443 2233 5506 in
2253 5440 2397 5505 nihilum

1422 5532 1559 5615 redigat.
1592 5532 1633 5595 Id
1655 5552 1733 5614 ergo
1753 5534 1796 5597 sit
1817 5535 1912 5598 nobis
1934 5533 2063 5617 proprie
2079 5531 2144 5596 Dei
2166 5527 2318 5607 vindicta,
2339 5525 2396 5591 ubi

466 5633 709 5702 1)1nPsut129.
728 5632 793 5688 aa.
1421 5616 1548 5698 punitio
1565 5635 1640 5679 cum
1656 5615 1727 5680 eius
1743 5617 1969 5701 indignatione
1985 5619 2158 5684 coniuncta
2173 5621 2232 5679 est.
2272 5612 2396 5679 Iudicio

502 5719 718 5790 061116166616.
760 5721 816 5776 Vol.
835 5717 878 5773 11.
1233 5787 1238 5794 ·
1800 5792 1804 5800 ι
2156 5716 2190 5771 31
