5600 6809
408 785 443 842 11
1054 775 1319 843 INSTITUTIO
1342 778 1447 843 REL.
1470 778 1650 845 oflals'r.
1677 786 1767 845 1559.
2371 784 2408 845 12

398 970 518 1032 ιιιοιιιιι
541 968 737 1033 convictum.
783 969 830 1031 At
858 968 951 1032 cuius
973 965 1141 1029 criminis?
1186 964 1380 1044 Damnatae,
1433 977 1574 1032 maneat
1622 969 1734 1051 Digna
1756 992 1808 1034 res
1831 968 1964 1034 auribus
1987 960 2065 1047 tuis,
2096 967 2196 1052 digna
2218 978 2276 1033 tua
2297 970 2409 1053 cogni-

378 1081 506 1166 aiunt,
534 1081 628 1145 istius
656 1078 829 1158 doctrinae,
875 1079 922 1142 At
950 1098 1015 1159 quo
1036 1079 1108 1140 iure
1131 1076 1286 1149 damnata
1308 1077 1379 1141 est?
1433 1080 1537 1158 tione,
1566 1079 1666 1163 digna
1687 1087 1744 1143 tuo
1766 1081 1929 1145 tribunali.
1975 1079 2145 1162 Siquidem
2167 1088 2200 1144 et
2218 1103 2335 1145 verum
2355 1103 2408 1145 re-

398 1191 436 1255 ld
463 1197 572 1255 autern
600 1200 672 1255 erat
700 1190 897 1254 defensionis
926 1189 1138 1271 praesidium:
1151 1173 1238 1280 :nori
1254 1188 1379 1276 doctri-
1432 1212 1506 1274 gem
1530 1190 1611 1254 haec
1632 1190 1784 1274 cogitatio
1806 1191 1898 1269 facit,
1924 1213 2100 1274 agnoscere
2122 1214 2156 1256 se
2179 1193 2214 1254 in
2235 1193 2328 1275 regni
2350 1192 2408 1257 ad-

400 1324 478 1367 nam
500 1304 604 1384 ipsam
628 1301 799 1385 abnegare,
824 1300 881 1365 sed
904 1321 963 1382 pro
981 1280 1266 1395 vera·.tueri‚²Hic
1286 1320 1378 1363 mus·
1430 1301 1669 1366 ministratione
1687 1302 1750 1365 Dei
1771 1303 1971 1368 ministrum.
2014 1303 2084 1367 Nec
2105 1302 2170 1365 iam
2193 1325 2333 1387 regnum
2351 1304 2407 1368 ille

398 1414 519 1479 sitandi
553 1435 680 1495 quoquo
716 1413 855 1477 facultas
893 1410 1117 1504 praeciditur
1160 1410 1273 1491 Quare
1311 1431 1378 1475 non
1430 1412 1487 1476 sed
1508 1414 1717 1480 latrocinium
1739 1422 1882 1492 exercet,
1911 1414 1967 1496 qui
1995 1435 2062 1476 non
2089 1413 2124 1476 in
2149 1414 2210 1477 hoc
2232 1422 2349 1498 regnat
2369 1424 2408 1479 ut

397 1526 506 1608 inique
528 1524 672 1607 postulo,
696 1525 770 1588 Rex
792 1508 1034 1609 invictissime,
1049 1531 1088 1586 ut
1114 1524 1277 1605 integram
1300 1542 1377 1587 cau·
1429 1524 1493 1589 Dei
1521 1526 1643 1608 gloriae
1672 1528 1801 1590 serviat.
1847 1527 1951 1590 Porro
1980 1525 2105 1589 fallitur
2133 1526 2188 1606 qui
2216 1524 2407 1590 diuturnam

399 1658 454 1700 sae
487 1637 582 1700 istius
616 1621 839 1733 cognitionem.
853 1616 1036 1716 [suscipiam
1071 1656 1154 1716 quae
1186 1635 1376 1718 perturbate
1428 1638 1678 1718 prosperitatem
1701 1645 1868 1720 exspectat
1888 1637 1958 1700 eins
1980 1636 2090 1719 regni,
2121 1635 2206 1719 quod
2229 1635 2293 1700 Dei
2314 1657 2406 1720 scep-

398 1749 559 1812 hactonus
588 1740 852 1839 nulloque-'iuris
877 1744 1004 1822 ordine,
1035 1753 1069 1808 et
1090 1746 1258 1827 impotenti
1282 1754 1375 1809 aestu
1428 1754 1490 1825 tro,
1513 1748 1574 1813 hoc
1592 1756 1650 1825 cst,
1674 1756 1785 1821 sancto
1808 1749 1877 1814 eius
1894 1747 2003 1826 verbo,
2026 1768 2094 1811 non
2116 1748 2252 1830 regitur:
2276 1748 2405 1829 quando

397 1861 504 1952 magis
536 1847 820 1953 quani.²legitima
851 1857 1012 1940 gravitate
1045 1864 1185 1922 tractata
1218 1867 1280 1931 est,
1323 1856 1374 1920 vel
1428 1859 1565 1923 coeleste
1587 1861 1755 1924 oraculum
1778 1859 1927 1925 excidere
1949 1880 2015 1922 non
2038 1867 2152 1940 potest,
2174 1879 2238 1939 quo
2261 1851 2428 1924 edictum

397 1953 530 2055 quidue
541 1949 651 2033 {hedo
680 1969 853 2052 exagitata.
904 1968 1018 2050 Neque
1047 1968 1100 2057 hic
1128 1989 1181 2031 me
1211 1969 1375 2050 privatam
1428 1978 1493 2046 est,
1523 1970 1718 2053 dissipatum
1739 1973 1780 2035 iri
1801 1971 1957 2053 populum
1978 1969 2035 2033 ubi
2057 1967 2211 2033 defecerit
2232 1971 2405 2052 prophetia

397 2058 617 2146 defensionem
639 2079 793 2145 meditari
815 2079 996 2154 existimes,
1021 2100 1085 2161 qua
1107 2080 1237 2144 salvum
1259 2081 1293 2143 in
1317 2102 1373 2165 pa-
1428 2080 1541 2167 (Pror.
1566 2086 1621 2160 29,
1649 2081 1711 2167 18).
1767 2083 1837 2147 Nec
1869 2090 1901 2146 te
1935 2082 1976 2145 ab
2009 2081 2070 2146 hoc
2104 2080 2212 2145 studio
2244 2080 2404 2146 ebducere

397 2195 494 2258 triam
522 2192 665 2257 reditum
693 2192 775 2254 mihi
804 2193 987 2254 conficiam:
1023 2213 1122 2272 qnam
1149 2193 1281 2257 tametsi
1309 2215 1373 2276 quo
1429 2193 1524 2257 debet
1546 2194 1741 2258 humilitatis
1764 2201 1897 2257 nostrae
1918 2199 2133 2274 contemptus.
2178 2192 2247 2256 Nos
2271 2192 2403 2275 quidem

398 2303 490 2370 decet
509 2303 724 2368 humanitatis
746 2303 864 2366 affectu
882 2322 1069 2384 prosequor,
1093 2310 1131 2365 ut
1152 2325 1240 2368 nunc
1261 2313 1373 2369 tamen
1427 2325 1524 2385 quam
1564 2305 1752 2387 pauperculi
1793 2306 1894 2368 simus
1935 2312 1968 2367 et
2005 2302 2121 2368 abiecti
2159 2303 2402 2383 homunciones,

396 2438 448 2480 res
471 2423 556 2492 sunt,
581 2435 619 2478 ea
640 2434 707 2477 non
725 2412 861 2478 moleste
879 2433 979 2477 careo.
1014 2413 1142 2477 Verum
1165 2435 1373 2481 communem
1397 2468 1400 2505 Ι
1425 2416 1525 2497 probe
1559 2417 1654 2480 nobis
1687 2416 1808 2481 conscii
1842 2436 1969 2479 snmus:
2008 2435 2117 2479 coram
2149 2414 2236 2491 Deo,
2270 2415 2401 2493 scilicet,

312 2536 315 2539 '
374 2528 526 2611 piorum
559 2526 720 2603 omnium,
760 2524 902 2607 adeoque
942 2525 1047 2607 ipsam
1081 2524 1206 2589 Ohristi
1239 2548 1373 2592 causam
1425 2528 1537 2592 miseri
1563 2535 1764 2615 peccatores,
1798 2528 1833 2590 in
1862 2526 2033 2591 hominum
2060 2532 2235 2608 conspectu
2270 2525 2403 2607 despec-

396 2637 608 2719 eomplector,
642 2658 726 2718 quae
758 2636 862 2700 modis
895 2636 1046 2701 omnibus
1080 2635 1176 2699 hodie
1203 2637 1239 2699 in
1272 2660 1372 2722 regno
1424 2639 1557 2717 tissimi;
1585 2640 1714 2716 mundi,
1739 2640 1765 2703 si
1787 2639 1852 2716 ιιι,
1881 2645 2091 2702 excrementa
2112 2635 2271 2719 quaedam
2295 2644 2329 2701 ιι
2350 2659 2403 2702 re·

396 2758 454 2814 tuo
471 2749 632 2831 proscissa
650 2769 687 2812 ac
706 2748 852 2830 protrita,
874 2747 966 2812 ιιιιιι
983 2748 1150 2830 deplorata
1166 2748 1259 2826 iacet,
1282 2751 1372 2815 Pha·
1425 2751 1635 2828 iectamenta,
1666 2758 1724 2814 aut
1747 2751 1777 2814 si
1798 2749 1878 2831 quid
1899 2748 1997 2813 vilius
2018 2749 2180 2812 nominari
2202 2757 2325 2829 potest;
2354 2758 2401 2829 ut,

397 2862 578 2924 risacorum
605 2859 639 2923 id
666 2858 797 2943 quidem
824 2857 1031 2961 quorundam
1064 2858 1239 2944 tyrannide
1267 2863 1372 2944 magis
1425 2883 1488 2942 quo
1522 2861 1608 2944 apud
1641 2860 1750 2925 Deum
1783 2860 1975 2945 gloriemur,
2008 2859 2091 2922 nihil
2123 2866 2238 2937 restet,
2271 2868 2403 2941 praeter

397 2994 496 3056 quam
523 2979 581 3034 tua
609 2971 817 3037 conscientia.
863 2968 930 3035 Sed
952 2972 1009 3052 qui
1030 2970 1065 3034 id
1086 2973 1159 3047 fiat,
1189 2972 1243 3034 hic
1266 2971 1372 3037 dicere
1424 2994 1525 3037 unam
1559 2973 1629 3037 eius
1657 2972 1928 3047 misericordiam,
1963 2990 2028 3051 qna
2060 2970 2096 3032 in
2129 2991 2220 3053 spem
2249 2980 2401 3036 aeternae

395 3084 481 3148 nihil
506 3085 622 3147 attinet
630 3101 640 3162 ;'
672 3083 793 3147 afflicta
825 3092 912 3147 certe
945 3084 1036 3146 iacet.
1081 3083 1154 3147 Hoc
1181 3084 1269 3147 enim
1296 3105 1372 3166 pro·
1426 3084 1539 3149 salutis
1567 3083 1657 3149 nullo
1686 3091 1798 3148 nostro
1825 3083 1942 3146 merito
1965 3081 2058 3146 asciti
2086 3083 2201 3161 simus3
2230 3082 2319 3164 apud
2340 3083 2402 3146 ho·

395 3197 543 3285 fecerunt
564 3194 664 3276 impii,
687 3203 725 3256 ut
746 3192 873 3258 Christi
896 3195 1032 3272 veritas,
1063 3193 1092 3257 si
1114 3214 1179 3258 non
1201 3202 1239 3258 ut
1260 3195 1373 3279 fugata
1424 3196 1530 3261 mines
1558 3217 1636 3261 vero
1661 3216 1729 3259 non
1756 3195 1803 3258 ita
1829 3193 1984 3272 multum,
2018 3200 2149 3273 practer
2175 3200 2321 3257 nostram
2349 3194 2402 3258 in·

382 3293 617 3389 'dissipataque
647 3306 801 3383 intereat,
831 3311 919 3371 certe
946 3312 983 3369 ut
1006 3305 1135 3388 sepulta
1165 3314 1198 3378 et
1219 3306 1372 3390 ignobilis
1423 3307 1628 3386 firmitatem,
1663 3302 1761 3389 quani
1788 3304 1842 3368 ιιι
1869 3311 1951 3367 nutu
1984 3305 2132 3368 confiteri
2159 3325 2288 3369 summa
2314 3305 2404 3369 inter

394 3418 509 3498 lateat;
531 3417 730 3501 paupercule
751 3437 831 3481 vero
854 3416 990 3482 ecclesia
1012 3424 1071 3480 aut
1092 3417 1277 3482 crudelibus
1299 3439 1371 3484 cae-
1425 3439 1480 3482 eos
1506 3418 1690 3502 ignominia
1717 3421 1775 3481 est.
1821 3412 1888 3479 Sed
1916 3414 2100 3479 doctrinam
2128 3422 2274 3479 nostram
2301 3435 2404 3499 supra

395 3528 489 3594 dibus
515 3531 689 3612 absumpta
716 3529 774 3607 sit,
804 3536 861 3591 aut
888 3527 1011 3592 exsiliis
1033 3527 1163 3606 abacta,
1194 3536 1252 3592 aut
1272 3530 1372 3594 minis
1424 3552 1556 3595 omnem
1588 3527 1704 3593 mundi
1733 3526 1886 3611 gloriam,
1921 3527 2108 3604 sublimem,
2141 3547 2241 3608 supra
2270 3547 2404 3590 omnem

395 3662 433 3706 ac
461 3640 641 3706 terroribus
667 3640 831 3723 perculsa,
863 3661 906 3704 ne
933 3639 1060 3704 hiscere
1085 3639 1216 3721 quidem
1244 3641 1370 3706 audeat.
1424 3628 1628 3724 potestatem,
1651 3640 1810 3704 invictam
1832 3645 2076 3732 stareoportet:
2100 3638 2265 3721 quianon
2286 3646 2402 3703 nostru

394 3752 441 3816 ut
472 3752 599 3815 instant
630 3751 810 3815 etiamnum
844 3773 908 3834 qua
940 3751 1047 3816 solent
1075 3752 1202 3816 insania
1227 3763 1260 3816 et
1286 3753 1371 3816 fero·
1425 3761 1490 3832 ιιι,
1520 3753 1577 3818 sed
1606 3751 1671 3816 Dei
1698 3751 1854 3829 virentis,
1883 3770 1921 3813 ac
1948 3747 2073 3813 Christi
2100 3748 2185 3827 eius,
2218 3770 2314 3831 quem
2342 3769 2401 3831 pa·

395 3863 508 3939 citato,
537 3863 666 3926 fortiter
691 3862 726 3925 in
747 3863 906 3944 parietem
931 3864 998 3958 iam
1025 3863 1218 3927 inclinatum
1247 3873 1280 3928 ιι
1302 3864 1370 3927 rui·
1424 3877 1475 3929 ter
1504 3885 1616 3947 regem
1650 3861 1836 3939 constituit,
1868 3867 1907 3925 ut
1943 3861 2073 3924 amari
2100 3881 2203 3943 usque
2237 3859 2279 3923 ad
2308 3880 2401 3926 mare

395 3993 473 4038 nam
501 3994 599 4055 quam
625 3974 776 4038 fecerunt
803 3975 1038 4039 incumbentes.
1088 3975 1209 4039 Nullus
1237 3975 1371 4038 interim
1424 3976 1618 4053 dominetur,
1642 3982 1675 4038 et
1697 3996 1717 4038 a
1738 3971 1927 4037 fluminibus
1944 3993 2047 4055 usque
2069 3971 2111 4036 ad
2132 3971 2290 4037 terminos
2312 3972 2401 4037 orbis
2432 3990 2436 3999 ·

394 4083 504 4169 prodit
525 4086 581 4167 qui
603 4084 723 4148 talibus
744 4085 837 4149 furiis
859 4085 1078 4167 patrocinium
1099 4107 1197 4151 suum
1216 4095 1368 4169 opponat.
1423 4095 1596 4151 terrarum.
1641 4087 1687 4149 Et
1709 4084 1908 4166 sicquidem
1931 4084 2126 4162 dominetur,
2149 4091 2311 4148 uttotam
2332 4090 2400 4147 ter-

395 4195 494 4277 Quod
521 4196 550 4260 si
576 4198 632 4277 qui
661 4196 793 4260 veritati
819 4197 963 4261 maxime
984 4198 1094 4262 farere
1120 4197 1226 4261 videri
1246 4198 1369 4276 volunt,
1423 4219 1504 4277 ram,
1526 4219 1600 4262 cum
1621 4198 1726 4262 ferreo
1750 4217 1809 4260 suo
1827 4203 1923 4277 atque
1941 4217 2035 4259 aereo
2053 4196 2177 4273 robore,
2198 4218 2274 4260 cnm
2291 4195 2401 4279 splen-

393 4307 628 4392 ignosccndum
660 4290 730 4372 esse
760 4315 893 4373 censent
926 4308 1030 4371 errori
1067 4315 1099 4373 ιι
1130 4308 1371 4390 imprudentiae
1424 4310 1501 4374 dore
1534 4329 1632 4373 aureo
1666 4316 1699 4372 et
1730 4315 1898 4391 argenteo,
1933 4307 2002 4372 sola
2034 4308 2098 4371 oris
2127 4307 2178 4370 ιιιι
2205 4309 2298 4390 virga
2324 4327 2400 4388 per-

392 4419 621 4502 imperitorum
645 4418 826 4483 hominum.
869 4417 925 4483 Sic
947 4419 1036 4482 enim
1061 4418 1200 4483 modesti
1221 4421 1371 4486 homines
1423 4442 1553 4486 cossam
1585 4443 1652 4485 non
1683 4440 1775 4484 secus
1803 4420 2005 4484 comminuat
2036 4439 2135 4499 quam
2162 4419 2300 4501 figulina
2324 4439 2400 4482 vas·

392 4530 583 4612 loquuntur,
606 4551 752 4595 errorem
770 4538 804 4594 et
822 4529 1076 4612 imprudentiam
1094 4541 1248 4595 vocantes
1271 4552 1370 4614 quam
1424 4532 1509 4597 cula:
1541 4530 1815 4615 quemadmodum
1844 4531 1884 4594 de
1912 4530 2157 4611 magnificentia
2180 4530 2274 4611 regni
2296 4529 2400 4611 ipsius

392 4650 516 4704 norunt
543 4643 760 4708 certissimam
787 4662 858 4706 esse
888 4641 952 4705 Dei
980 4642 1166 4705 veritatem:
1201 4643 1370 4724 imperitos
1424 4644 1646 4708 vaticinantur
1663 4643 1842 4726 prophetae
1865 4641 1964 4725 (Dan,
1985 4645 2013 4716 2,
2029 4644 2084 4718 34;
2107 4640 2169 4703 Ies.
2193 4645 2287 4717 11,4;
2309 4639 2398 4704 Psal.

392 4752 556 4831 homines,
590 4774 731 4834 quorum
763 4753 934 4836 ingenium
961 4773 1030 4815 non
1062 4752 1142 4818 adeo
1175 4752 1370 4837 despicabile
1424 4760 1453 4832 2,
1472 4754 1515 4840 9).
1550 4755 1746 4820 Reclamant
1767 4752 1898 4836 quidem
1916 4751 2103 4829 adversarii,
2126 4751 2207 4814 falso
2228 4771 2287 4814 nos
2304 4771 2400 4831 prae·

393 4862 526 4927 Christo
548 4865 648 4928 fuisse
665 4864 789 4944 rident,
812 4865 893 4948 quin
914 4865 1065 4930 coelestis
1087 4887 1165 4930 suae
1188 4865 1369 4947 sapientiae
1423 4865 1556 4931 tendere
1578 4865 1714 4930 verbum
1732 4865 1806 4943 Dei,
1829 4864 1923 4928 cuins
1940 4862 2180 4928 sceleratissimi
2203 4861 2306 4926 simus
2328 4883 2399 4925 cor-

392 4976 559 5058 mysteriis
589 4974 745 5058 dignatus
773 4976 825 5041 sit.
877 4976 970 5040 Adeo
998 4996 1111 5041 omnes
1138 4976 1240 5059 pudet
1270 4997 1369 5041 cvan-
1423 4987 1580 5060 ruptores.
1625 4978 1718 5041 Haec
1741 4998 1818 5040 vero
1847 4996 1945 5059 qnam
1967 4975 2009 5038 sit
2031 4995 2097 5038 non
2119 4972 2214 5037 modo
2235 4972 2399 5037 malitiosa

393 5084 479 5167 gelii.
510 5086 618 5150 'fuum
636 5093 746 5150 autem
764 5088 835 5165 erit,
859 5088 1066 5152 serenissime
1083 5088 1167 5167 Rex,
1186 5110 1245 5153 nec
1263 5110 1368 5167 aures,
1423 5089 1588 5154 calumnia
1605 5087 1663 5153 sed
1680 5088 1819 5171 insignis
1842 5107 1968 5169 quoqne
1985 5085 2196 5168 impudentia,
2219 5084 2298 5166 ipse,
2321 5104 2399 5148 con-

287 5222 293 5234 ·
392 5216 454 5261 nec
477 5197 625 5260 animum
648 5217 667 5260 a
688 5205 759 5261 tarn
780 5199 865 5262 iusto
887 5199 1067 5282 patrocinio
1089 5207 1251 5276 avertere,
1275 5221 1370 5282 prae-
1422 5200 1595 5264 fossionem
1616 5208 1764 5263 nostram
1786 5196 1938 5280 legendo,
1958 5218 2018 5280 pro
2040 5204 2096 5260 tua
2117 5195 2292 5279 prudentia
2313 5195 2399 5259 iudi·

393 5309 507 5372 sertim
535 5307 592 5371 ubi
619 5307 659 5372 de
686 5330 722 5372 re
751 5315 845 5372 tanta
878 5311 1002 5393 agitur:
1037 5332 1155 5393 nempe
1183 5332 1246 5392 quo
1274 5307 1370 5375 modo
1423 5330 1497 5376 care
1519 5314 1651 5400 poteris.
1697 5309 1857 5374 Nonnihil
1885 5317 1997 5373 tamen
2024 5308 2078 5373 hie
2104 5308 2203 5371 ctiam
2224 5305 2399 5371 dicendum

394 5416 460 5482 Dei
489 5419 611 5503 gloriae
639 5440 699 5483 sua
727 5425 852 5484 constet
879 5420 914 5484 in
937 5423 1034 5487 terris
1056 5422 1278 5500 incolumitas,
1306 5443 1370 5504 quo
1423 5420 1577 5504 estquod
1594 5422 1654 5487 tibi
1675 5420 1717 5484 ad
1735 5421 1905 5486 lectionem
1924 5422 2038 5502 ipsam,
2057 5419 2111 5484 ιιι
2128 5416 2273 5481 studium
2292 5423 2399 5481 atten-

393 5529 489 5593 modo
525 5551 618 5595 suam
650 5530 843 5614 dignitatem
875 5531 941 5595 Dei
965 5534 1087 5598 veritas
1114 5534 1270 5611 retineat,
1306 5554 1370 5615 quo
1424 5533 1610 5616 tionemque
1633 5535 1767 5610 excitet,
1791 5532 1843 5597 vel
1865 5539 1952 5598 certe
1974 5532 2063 5596 riam
2084 5537 2217 5593 sternat.
2262 5527 2398 5605 Paulus,

393 5640 490 5704 modo
518 5659 659 5724 regnum
680 5639 813 5706 Christo
842 5649 969 5707 sartum
991 5649 1179 5726 tectumque
1201 5645 1288 5708 inter
1309 5665 1369 5709 nos
1422 5665 1525 5727 quum
1555 5644 1596 5709 ad
1621 5645 1699 5709 fidei
1727 5645 1911 5728 analogiam
1940 5662 2070 5706 omnem
2097 5639 2304 5722 prophetiam
2332 5640 2399 5702 for-
