5600 6809
375 770 437 832 eos
672 765 762 831 515.
785 765 846 831 11.
890 765 954 831 55
977 717 1213 830 nannents
1236 763 1403 833 115555
1425 764 1491 829 15
1513 763 1744 832 emersu
1789 765 1889 833 511.
1912 766 1974 831 111.
2002 767 2083 833 115.
2314 770 2376 832 eoo

256 1002 258 1006 »
378 955 623 1018 immunitatem
653 955 768 1029 iactat,
802 954 881 1034 quin
913 952 1021 1034 potius
1053 974 1088 1016 se
1121 952 1352 1034 obsequentem
1403 953 1507 1016 Porro
1534 953 1597 1017 hoo
1618 955 1753 1018 unicum
1779 961 1830 1019 est
1857 955 2038 1020 remedium
2060 954 2146 1037 quod
2168 962 2201 1019 et
2223 955 2377 1021 Christus
2473 966 2475 971 ’

378 1042 446 1106 1515
475 1041 652 1122 promittit,
681 1038 787 1122 quoad
821 1038 931 1104 licebit
962 1059 1020 1120 per
1045 1039 1290 1118 conscientiam,
1320 1045 1353 1103 et
1403 1040 1569 1120 praecipit,
1593 1045 1626 1104 et
1647 1060 1774 1121 semper
1796 1041 1954 1105 usitatum
1975 1041 2063 1104 inter
2084 1042 2156 1125 pios
2177 1042 2246 1105 fuit

378 1127 477 1191 simul
509 1126 570 1190 hoo
598 1125 676 1189 dicit
703 1125 816 1190 fecisse
838 1124 1032 1189 Mauritium
1054 1123 1139 1206 quod
1161 1124 1352 1207 religiosum
1490 1128 1518 1187 2.
1569 1126 1720 1189 Primum
1749 1123 1938 1207 disciplinae
1964 1126 2214 1191 fundamentum
2241 1134 2305 1204 est,
2340 1134 2378 1191 ut

377 1213 559 1295 principem
590 1211 731 1289 deceret,
762 1232 863 1293 quum
897 1209 977 1274 talia
1005 1209 1226 1274 sacerdotibus
1258 1229 1351 1292 prae-
1403 1210 1551 1292 privatae
1572 1211 1769 1276 monitiones
1789 1212 1896 1276 locum
1913 1212 2070 1277 habeant:
2093 1213 2156 1278 hoc
2176 1220 2235 1290 551,
2259 1213 2287 1276 51
2304 1213 2377 1295 quis
2408 1243 2420 1266 ε

377 1306 516 1380 ceperat.
1404 1297 1548 1360 officium
1569 1303 1683 1379 sponte
1705 1319 1772 1364 non
1793 1299 1905 1375 faciat,
1935 1304 1993 1361 551
2018 1297 2197 1363 insolenter
2217 1319 2251 1362 se
2273 1306 2375 1382 gerat,

1405 1389 1463 1444 aut
1485 1382 1592 1447 minus
1622 1382 1758 1448 honeste
1781 1385 1886 1460 vivat,
1909 1391 1967 1448 aut
1989 1382 2113 1465 aliquid
2135 1384 2303 1449 admiserit
2323 1405 2376 1449 15-

1404 1468 1621 1548 prehensione
1643 1467 1794 1551 dignum,
1823 1479 1861 1532 ut
1881 1471 2027 1553 patiatur
2049 1492 2083 1533 se
2111 1471 2250 1534 moneri:
2280 1477 2378 1553 atque

1404 1560 1441 1617 ut
1463 1555 1599 1635 quisque
1621 1555 1755 1618 fratrem
1778 1576 1890 1634 suum,
1913 1556 1992 1619 dum
2014 1577 2066 1620 res
2093 1556 2284 1637 postulabit,
2307 1576 2377 1620 mo-
2464 1549 2470 1560 ’

1403 1660 1481 1703 5515
1509 1639 1646 1704 studeat.
1701 1641 1902 1704 Praesertim
1931 1663 2009 1706 vero
2041 1642 2077 1705 in
2104 1641 2166 1706 hoo
2197 1641 2378 1724 advigilent
2453 1644 2458 1649 '

1376 1759 1378 1776 ι
1403 1733 1549 1805 pastores
1582 1747 1619 1789 55
1653 1727 1850 1810 presbyteri,
1884 1748 2024 1809 quorum
2057 1735 2167 1808 partes
2199 1736 2277 1792 sunt
2309 1748 2377 1792 non
2405 1755 2407 1758 ·

1376 1862 1378 1867 .
1403 1810 1500 1874 modo
1522 1802 1708 1876 concionari
1728 1812 1769 1875 ad
1797 1812 1969 1895 populum,
1993 1811 2049 1877 sed
2071 1834 2130 1894 per
2152 1813 2297 1897 singulas
2320 1812 2376 1877 do·
2418 1812 2449 1844 ‘⁸

721 1604 873 1669 51551
894 1603 975 1667 111-1.
990 1603 1014 1687 1)

377 1767 445 1848 De
470 1765 669 1848 ecclesiae
695 1764 926 1875 disciplina,
958 1763 1076 1845 ouius
1099 1763 1350 1897 praecipuus

407 1887 511 1968 u'sus
535 1887 578 1966 in
603 1885 789 1967 censuris
813 1896 857 1966 et
880 1894 1318 1966 excommunleatlone.
1402 1917 1473 1960 mos
1495 1918 1628 1961 monere
1650 1905 1684 1960 51
1705 1897 1880 1975 exhortari,
1907 1897 2010 1963 sicubi
2032 1899 2209 1962 universali
2231 1898 2420 1963 doctrina·
2493 1927 2497 1944 ·

1403 2002 1470 2045 555
1492 1983 1572 2046 satis
1594 1983 1805 2064 profecerint3
1833 1982 2107 2065 quemadmodum
2128 1984 2222 2048 docet
2241 1983 2376 2063 Paulus,

465 2075 491 2133 1.
538 2068 722 2150 Disciplina
749 2068 917 2144 ecclesiae,
945 2067 1038 2132 55155
1056 2068 1283 2131 tractationem
1315 2068 1350 2130 in
1403 2089 1504 2149 quum
1526 2070 1627 2132 refert
1647 2090 1682 2133 se
1704 2068 1850 2133 docuisse
1872 2071 2025 2151 privatim
2049 2079 2082 2133 et
2107 2090 2167 2152 per
2189 2068 2315 2149 domos;
2343 2077 2378 2134 et

377 2156 465 2220 hunc
499 2176 602 2236 usque
635 2154 742 2218 locum
770 2153 972 2227 distulimus,
1006 2153 1119 2234 paucis
1148 2152 1351 2234 expedienda
1402 2174 1437 2216 55
1466 2154 1627 2217 mundum
1649 2172 1675 2218 ι5
1704 2156 1865 2237 sanguine
1904 2157 2050 2219 omnium
2080 2162 2265 2232 attestatur,
2299 2156 2377 2237 quia

376 2250 443 2318 est,
474 2248 511 2304 51
538 2239 712 2322 aliquando
746 2241 787 2303 ad
814 2239 939 2321 rehqua
961 2247 1174 2303 transeamus.
1219 2239 1270 2302 Ea
1292 2261 1350 2303 au·
1403 2259 1468 2302 non
1495 2242 1672 2305 cessaverit
1700 2261 1775 2305 cum
1803 2241 1957 2326 lacrymis
1985 2249 2078 2305 nocte
2105 2247 2139 2304 et
2161 2239 2213 2304 die
2242 2260 2377 2306 monere

376 2334 443 2391 tem
464 2327 611 2390 maxima
633 2336 789 2408 51115115
812 2346 831 2388 a
853 2332 1013 2408 potestate
1036 2323 1178 2389 clavium
1200 2331 1233 2388 et
1254 2326 1349 2406 spiri·
1403 2346 1676 2408 unumquemque.
1714 2328 1806 2391 Tunc
1829 2329 1916 2391 cuim
1938 2327 2007 2390 vim
2030 2347 2067 2391 ao
2089 2328 2297 2391 autoritatem
2319 2328 2375 2391 ob-

376 2413 457 2476 tuali
486 2411 710 2475 iurisdictione
738 2411 866 2494 pendet.
913 2409 1010 2490 Quod
1037 2418 1076 2474 ut
1096 2409 1222 2475 facilius
1251 2411 1349 2475 intel·
1402 2412 1487 2474 tinet
1515 2411 1679 2489 doctrina,
1710 2412 1766 2475 ubi
1794 2414 1947 2478 minister
1975 2433 2039 2476 non
2068 2421 2198 2476 tantum
2225 2413 2376 2478 omnibus

374 2498 511 2582 ligatur,
541 2495 724 2561 dividamus
746 2497 915 2561 eeclesiam
942 2498 977 2561 in
999 2496 1081 2560 duos
1103 2494 1234 2560 ordines
1255 2518 1350 2579 11155-
1403 2497 1500 2559 simul
1523 2498 1659 2580 exponit
1680 2497 1758 2579 quid
1781 2498 1913 2563 Christo
1936 2498 2092 2575 debeant,
2116 2498 2172 2562 sed
2195 2499 2247 2562 ius
2268 2506 2302 2563 et
2324 2519 2376 2561 15-

376 2586 501 2665 oipuos:
526 2583 651 2648 elerum
674 2583 851 2647 5511155151
873 2583 1008 2664 plebem.
1054 2581 1199 2647 Clericos
1221 2581 1350 2665 appello
1402 2583 1524 2645 tionem
1559 2583 1658 2647 habet
1690 2582 1723 2646 id
1755 2586 1864 2666 ipsum
1891 2584 2043 2668 exigendi
2077 2584 2117 2648 ab
2144 2583 2186 2647 iis
2216 2604 2296 2664 quos
2323 2583 2377 2648 vel

375 2671 494 2733 usitato
527 2670 657 2732 nomine
690 2670 746 2751 qui
774 2669 900 2750 publico
934 2668 1115 2733 ministerio
1147 2668 1183 2730 in
1215 2668 1350 2732 ecclesia
1402 2689 1521 2750 parum
1544 2669 1710 2734 doctrinae
1728 2670 1952 2752 obsequentes,
1975 2670 2027 2734 vel
2046 2671 2211 2753 segniores
2229 2669 2377 2733 animad-

375 2755 567 2838 fimguntun
602 2755 808 2846 ⁸Loquemur
834 2756 974 2836 primum
1004 2753 1043 2818 de
1066 2755 1231 2819 communi
1253 2746 1378 2819 disci-¹
1403 2756 1547 2818 15115111.
1583 2753 1621 2818 si
1641 2755 1714 2835 quis
1735 2756 1892 2819 eiusmodi
1913 2757 2110 2820 monitiones
2128 2755 2180 2819 vel
2200 2755 2377 2836 pervicaci-

375 2841 483 2924 plina,
511 2840 563 2904 cui
590 2842 723 2904 subesse
746 2862 858 2904 omnes
881 2840 1012 2917 debent;
1041 2838 1157 2903 deinde
1179 2840 1350 2904 veniemus
1403 2846 1453 2903 ter
1475 2851 1622 2922 respuat,
1652 2839 1704 2903 vel
1726 2841 1892 2922 pergendo
1912 2842 1947 2903 in
1969 2841 2037 2905 suis
2059 2842 2148 2905 vitiis
2170 2849 2377 2905 contemnere

377 2926 419 2990 ad
441 2926 574 3003 clerum,
597 2926 653 3007 qui
671 2936 801 3007 praeter
818 2926 911 2990 illam
929 2947 1142 3003 communem,
1162 2946 1349 3007 555151115-
1404 2946 1438 2989 se
1460 2926 1623 3002 ostendat,
1653 2925 1709 2989 ubi
1733 2925 1875 2990 secundo
1897 2927 2034 2990 testibus
2056 2926 2210 2989 adhibitis
2233 2928 2377 2992 monitus

375 3013 482 3096 priam
512 3012 619 3076 habet.
670 3010 738 3076 Sed
766 3014 842 3094 quia
864 3011 1031 3089 nonnulli,
1062 3013 1097 3074 in
1121 3011 1231 3075 odium
1254 3011 1350 3076 disci·
1402 3012 1510 3089 frierit,
1534 3012 1574 3075 ad
1597 3011 1751 3076 ecclesiae
1774 3011 1939 3088 iudicium,
1962 3013 2018 3093 qui
2041 3021 2090 3075 est
2112 3013 2277 3074 seniorum
2300 3000 2377 3076 con-

374 3098 499 3180 plinae,
534 3097 573 3161 ab
602 3098 671 3178 ipso
697 3119 824 3180 quoque
854 3099 986 3161 nomine
1014 3098 1206 3173 abhorrent,
1240 3097 1275 3160 hi
1304 3098 1350 3162 sic
1403 3119 1525 3176 sessus,
1554 3097 1662 3162 vocari
1692 3097 1845 3163 Christus
1873 3098 2031 3179 praecipit
2057 3096 2191 3179 (Matth.
2217 3101 2263 3172 18,
2287 3102 2323 3158 15
2343 3105 2378 3160 51

376 3184 531 3248 habeant:
561 3184 590 3247 si
616 3184 708 3247 nulla
736 3185 885 3260 societas,
914 3184 979 3246 imo
1008 3182 1101 3247 55115
1123 3182 1244 3246 domus
1266 3205 1349 3265 quae
1406 3182 1473 3267 17):
1502 3184 1569 3249 illie
1597 3183 1731 3266 gravius
1759 3182 1942 3258 admoneri,
1973 3184 2066 3264 quasi
2098 3181 2226 3264 publica
2254 3184 2376 3245 autori·

375 3268 429 3333 vel
461 3268 621 3332 modicam
655 3269 811 3333 familiam
839 3269 972 3347 habeat,
1008 3268 1165 3333 contineri
1199 3269 1233 3330 in
1261 3277 1349 3332 recto
1401 3277 1484 3344 1515,
1507 3278 1545 3333 51
1567 3271 1596 3333 51
1617 3278 1807 3333 1515155151
1829 3270 2012 3346 ecclesiam,
2036 3269 2186 3333 subiiciat
2207 3289 2241 3331 se
2263 3277 2297 3330 et
2317 3289 2376 3349 pa·

375 3360 464 3418 statu
490 3354 560 3417 sine
589 3353 760 3436 disciplina
782 3362 902 3436 potest,
930 3377 1001 3419 eam
1024 3377 1094 3419 esse
1115 3353 1219 3417 multo
1241 3355 1348 3438 magis
1401 3363 1481 3419 reat.
1532 3354 1570 3420 Si
1592 3377 1633 3419 55
1661 3356 1708 3419 515
1731 3353 1862 3437 quidem
1885 3356 2071 3438 frangatur,
2102 3352 2215 3418 sedin
2237 3375 2376 3418 55555-
2473 3352 2478 3363 ’

373 3440 590 3504 neeessariam
612 3440 647 3502 in
670 3440 814 3514 ecclesie,
838 3442 931 3523 55155
953 3450 1076 3506 5151515
1098 3461 1195 3522 quam
1217 3439 1348 3504 ordino·
1400 3443 1504 3523 quitia
1524 3447 1718 3522 perseveret,
1742 3451 1814 3504 tum
1836 3441 1933 3518 iubet,
1952 3447 2110 3522 tanquam
2127 3439 2281 3504 ecclesiae
2299 3461 2376 3504 con·

303 3529 316 3549 ‘
373 3527 536 3589 tissimum
564 3546 634 3589 esse
657 3525 757 3590 decet.
802 3526 954 3606 Proinde,
983 3525 1256 3610 quemadmodum
1283 3526 1348 3591 sal·
1400 3535 1604 3609 temptarem,
1628 3549 1647 3591 a
1669 3527 1823 3592 societate
1844 3526 1990 3590 fidehum
2015 3525 2167 3591 abdicari.

373 3613 470 3676 vifioa
492 3609 616 3676 Christi
642 3611 790 3676 doctrina
811 3614 921 3677 anima
943 3621 993 3677 est
1014 3612 1181 3689 ecclesiae,
1211 3613 1259 3675 ita
1279 3612 1348 3677 illio
1488 3617 1516 3677 3.
1562 3614 1689 3677 Verum
1721 3614 1797 3694 quia
1830 3611 1870 3677 de
1905 3612 2039 3677 occultis
2070 3611 2167 3675 modo
2194 3612 2282 3676 vitiis
2308 3611 2376 3678 illic

374 3697 546 3779 disciplina
573 3719 631 3780 pro
660 3700 770 3762 nervis
798 3707 859 3763 est:
888 3720 953 3781 que
980 3700 1019 3762 fit
1043 3708 1082 3761 ut
1108 3699 1256 3763 membra
1277 3720 1348 3762 cor-
1399 3698 1554 3781 loquitur,
1576 3698 1727 3780 ponenda
1749 3706 1799 3762 est
1819 3699 1885 3762 1515
1906 3696 2036 3762 divisio:
2063 3705 2196 3779 11555515
2218 3718 2288 3762 esse
2311 3697 2376 3763 alia

374 3784 472 3866 poris,
493 3803 551 3846 suo
571 3783 719 3866 quodque
742 3784 810 3850 loco
828 3786 914 3849 inter
932 3807 966 3849 se
984 3784 1188 3849 cohaereant.
1223 3782 1348 3864 Quam·
1400 3786 1538 3867 privata,
1562 3785 1625 3850 alia
1645 3784 1775 3866 publica
1796 3783 1850 3848 vel
1872 3783 1982 3866 palam
2004 3784 2185 3847 manifeste.
2217 3783 2270 3848 De
2286 3784 2376 3865 prio-

374 3868 486 3933 obrem
526 3870 711 3952 quicunque
752 3871 805 3934 vel
837 3871 1000 3936 sublatam
1046 3870 1251 3952 disciplinam
1292 3892 1347 3935 55-
1400 3871 1491 3935 ribus
1514 3870 1593 3934 dicit
1615 3869 1768 3933 Christus
1791 3871 1966 3952 unicuique
1988 3870 2132 3950 privato:
2163 3889 2266 3952 argue
2287 3869 2376 3934 inter
2430 3884 2445 3911 ⁰

373 3956 481 4037 piunt,
515 3954 569 4018 vel
597 3956 668 4019 eius
696 3956 878 4039 impediunt
905 3956 1159 4033 restitutionem,
1190 3957 1258 4020 sive
1285 3956 1347 4022 hoc
1399 3964 1433 4021 te
1456 3963 1489 4020 et
1510 3958 1618 4038 ipsum
1640 3955 1755 4019 solum.
1799 3955 1851 4019 De
1873 3956 2054 4020 manifestis
2075 3952 2153 4019 dicit
2173 3953 2300 4019 Paulus
2319 3955 2376 4018 vi-

251 4062 273 4086 ·
371 4042 493 4106 faciant
515 4039 591 4104 data
613 4061 721 4123 511515,
745 4044 813 4106 5115
836 4064 894 4124 per
915 4042 1169 4126 incogitantiam,
1193 4040 1348 4107 ecclesiae
1399 4043 1543 4106 motheo:
1573 4062 1683 4105 coram
1704 4039 1856 4105 omnibus
1879 4062 1995 4123 argue,
2025 4047 2064 4103 ut
2084 4040 2202 4121 reliqui
2223 4040 2376 4105 timorem
2429 4094 2433 4103 .

373 4135 460 4205 55115
482 4135 666 4190 extremam
688 4127 932 4209 dissipationem
950 4136 1119 4211 quaerunt.
1151 4124 1241 4205 Quid
1260 4129 1347 4191 enim
1400 4127 1543 4193 habeant
1564 4129 1597 4212 (1
1619 4128 1702 4190 vim.
1725 4131 1753 4204 5,
1773 4127 1838 4206 20).
1867 4127 1953 4191 Nam
1975 4124 2185 4210 praedixerat
2207 4124 2373 4190 Christus:

372 4213 524 4276 futurum
546 4222 596 4276 est
618 4213 645 4276 si
668 4214 844 4295 unicuique
867 4213 964 4278 liceat
980 4211 1071 4295 quod
1093 4211 1245 4276 libuerit?
1285 4214 1347 4278 Ae
1400 4215 1428 4278 si
1455 4215 1556 4277 frater
1583 4213 1721 4278 155515
1744 4219 1776 4277 15
1803 4212 1996 4294 peccaverit.
2042 4211 2152 4293 Quam
2178 4209 2375 4292 particulam

373 4299 428 4380 qui
456 4297 490 4362 id
517 4298 624 4376 fieret,
654 4299 717 4362 nisi
740 4299 781 4362 ad
804 4299 969 4364 doctrinae
997 4297 1271 4380 praedicationem
1294 4320 1347 4364 ae·
1400 4300 1496 4364 aliter
1528 4299 1605 4383 (nisi
1638 4300 1860 4363 contentiosus
1893 4319 1963 4363 esse
1992 4298 2089 4382 velis)
2129 4297 2274 4377 accipere
2307 4315 2374 4360 non

372 4384 525 4448 cederent
557 4384 704 4466 privatae
736 4386 946 4461 monitiones,
974 4385 1190 4450 correctiones
1218 4392 1250 4447 et
1282 4384 1348 4448 5115
1398 4394 1505 4468 potes,
1535 4406 1647 4467 quam:
1676 4385 1737 4450 sub
1765 4392 1822 4448 155
1848 4385 2061 4461 55555155115,
2091 4384 2137 4446 115
2158 4388 2285 4444 utnon
2307 4382 2375 4445 5151

373 4470 532 4534 eiusmodi
561 4469 776 4548 adminicula,
807 4492 889 4553 quae
917 4470 1100 4535 doctrinam
1122 4470 1288 4533 sustinent
1314 4478 1348 4534 et
1398 4472 1509 4554 plures
1542 4471 1673 4536 conscii
1734 4469 1831 4551 Quod
1869 4477 1979 4534 autem
2011 4466 2182 4531 Timotheo
2214 4466 2373 4549 praecipit

373 4555 511 4619 otiosam
537 4577 608 4620 5555
636 4577 701 4620 555
729 4558 850 4621 sinunt.
901 4555 1086 4638 Disciplina
1115 4555 1218 4637 igitur
1244 4555 1347 4620 veluti
1399 4556 1563 4640 apostolus
1590 4556 1630 4621 de
1657 4556 1833 4640 arguendis
1867 4556 1977 4639 palam
2005 4555 2045 4617 iis
2073 4553 2128 4635 qui
2155 4551 2265 4634 palam
2297 4573 2373 4635 peo-

372 4640 520 4703 freenum
549 4650 598 4705 est
625 4664 690 4724 quo
718 4645 922 4708 retineantur
949 4650 982 4707 et
1010 4641 1184 4706 domentur
1212 4641 1266 4724 qui
1290 4640 1347 4705 ad-
1399 4654 1488 4719 5551,
1521 4643 1591 4727 ipse
1612 4643 1648 4706 in
1669 4643 1769 4707 Petro
1797 4650 1955 4724 sequutus
1977 4645 2034 4704 est.
2079 4638 2166 4702 Nam
2194 4658 2295 4721 quum
2316 4636 2373 4702 ille

373 4747 487 4790 versus
521 4724 645 4791 Christi
679 4728 859 4795 doctrinam
898 4729 1072 4807 ferociunt;
1110 4727 1157 4792 vel
1196 4732 1347 4807 tanquam
1399 4729 1441 4793 ad
1462 4729 1631 4810 publicum
1652 4750 1756 4811 usque
1778 4725 2009 4792 offendiculum
2029 4730 2191 4805 peccaret,
2215 4745 2281 4787 non
2302 4744 2373 4787 mo·

372 4810 524 4875 stimulus
545 4831 608 4892 quo
626 4815 809 4880 excitentur
830 4837 947 4898 pamm
964 4813 1158 4887 voluntarii;
1181 4812 1347 4878 interdum
1398 4817 1471 4879 nuit
1493 4836 1654 4894 seorsum,
1677 4814 1791 4880 sedin
1813 4818 2021 4893 conspectum
2042 4808 2196 4873 ecclesiae
2218 4807 2374 4891 produxit

373 4897 474 4960 etiam
501 4891 594 4960 velut
619 4907 757 4978 paterna
778 4902 898 4980 ferula,
926 4922 992 4984 qua
1020 4901 1199 4967 clementer
1226 4908 1260 4964 ct
1287 4921 1346 4982 pro
1398 4900 1539 4986 (Gala,
1561 4901 1624 4987 14).
1668 4901 1744 4965 Erit
1770 4899 1872 4981 igitur
1899 4895 1980 4959 haec
2010 4895 2157 4978 legitima
2179 4895 2299 4978 agendi
2321 4915 2373 4960 se-

372 4983 508 5063 spiritus
530 4980 656 5047 Christi
682 4989 933 5052 mansuetudine
960 4989 1161 5070 castigentur
1188 4987 1244 5069 qui
1272 5006 1346 5070 gra-
1398 4988 1478 5067 1155,
1501 4988 1529 5053 51
1550 4989 1585 5052 15
1607 4986 1739 5052 occultis
1760 4979 1960 5064 corrigendis
1988 4980 2236 5063 progrediamur
2257 5001 2374 5046 secun·

371 5069 446 5134 vius
472 5068 554 5150 lapsi
582 5077 667 5130 sunt.
713 5066 825 5147 Quum
847 5094 924 5155 ergo
950 5074 1018 5137 1551
1039 5074 1210 5138 1151515515
1233 5092 1347 5137 cerna·
1399 5074 1479 5138 dum
1510 5074 1584 5137 illos
1613 5070 1735 5156 gradus
1762 5066 1934 5134 aChristo
1961 5066 2098 5149 positos,
2129 5068 2164 5131 in
2190 5067 2373 5132 manifestis

372 5175 446 5218 mus
476 5154 570 5219 initia
599 5151 759 5235 quaedam
787 5155 969 5220 horrendae
997 5158 1190 5222 1555515515
1209 5158 1347 5223 vastita—
1399 5162 1511 5225 statim
1532 5157 1745 5240 procedamus
1767 5153 1808 5219 ad
1831 5152 1998 5217 solennem
2020 5152 2175 5218 eeclesiae
2195 5153 2372 5236 correptio·

374 5241 425 5317 tis,
448 5262 549 5305 exeo
571 5237 657 5321 quod
680 5238 946 5306 5515551555
967 5262 1026 5305 nec
1051 5243 1135 5304 ratio
1157 5243 1347 5308 continendi
1398 5267 1484 5325 nem,
1507 5244 1537 5307 si
1578 5242 1689 5306 uidem
1709 5238 1943 5305 offendiculum
1965 5239 2009 5304 sit
2030 5238 2205 5321 publicum.

373 5327 501 5410 populi,
529 5328 601 5409 ipsa
628 5325 804 5391 necessitas
831 5326 951 5391 clamat
979 5325 1122 5389 remedio
1155 5346 1238 5408 opus
1266 5349 1345 5394 esse.
1485 5335 1514 5391 4.
1557 5265 1614 5392 bit
1645 5326 1748 5390 altera
1780 5345 1909 5410 quoque
1942 5324 2120 5391 fflsdnodo:
2156 5344 2199 5387 51
2230 5323 2372 5406 pcccatis

594 5444 597 5451 ¹
1398 5416 1465 5480 alia
1484 5434 1555 5478 esse
1575 5409 1706 5490 delicta,
1735 5412 1800 5477 alia
1829 5411 1951 5476 scelera
1971 5410 2026 5476 vel
2052 5409 2185 5494 flagitia.
2228 5407 2293 5474 His
2312 5428 2372 5491 po-

1399 5496 1590 5565 sterioribus
1619 5497 1819 5581 corrigendis
1847 5518 1915 5561 non
1947 5502 2077 5561 tantum
2105 5494 2289 5559 adhibenda
2321 5500 2372 5560 est

409 5615 938 5738 1111151111511
958 5620 1120 5684 “tm
1139 5613 1167 5668 ⁰·
1191 5613 1277 5669 ΠΗ·
1296 5614 1349 5670 ¹⁸⁴
1398 5583 1675 5753 attatei
1686 5582 2148 5752 1111111111
2164 5579 2370 5752 &liulf

370 5712 404 5722 ““
545 5725 551 5737 0
626 5724 632 5738 ι
693 5714 726 5725 -
765 5725 772 5738 ι
1290 5720 1294 5727 ’
1343 5734 1348 5743 .
2231 5717 2238 5731 ⁸
2290 5717 2300 5747 5
2360 5717 2370 5747 1
