5600 6809
377 765 460 828 1001
638 760 730 826 LIB.
753 760 813 823 IV.
858 761 922 826 DE
944 757 1180 824 EX'I'ERNIS
1203 758 1370 825 Munus
1392 760 1457 824 ΑΙ)
1481 758 1712 867 SALUTEM:
1757 758 1857 823 OAP.
1878 757 1974 823 XVI.
2003 757 2117 823 XVII.
2300 760 2383 824 1002

379 951 421 1015 ad
451 947 609 1014 &ndum
637 949 702 1012 nisi
730 949 785 1028 qui
818 968 839 1010 a
867 946 987 1012 Ioanne
1011 947 1130 1028 fuerint
1156 948 1354 1028 praeparati
1407 944 1521 1013 statim
1549 967 1569 1009 a
1595 957 1694 1029 partu
1720 947 1865 1012 filiorum
1891 945 1961 1011 loco
1989 969 2060 1012 esse
2088 946 2129 1012 ab
2155 947 2226 1029 ipso
2254 947 2384 1014 habitos

382 1035 483 1117 Quasi
514 1055 585 1098 uero
620 1054 681 1097 non
718 1034 817 1115 fucrit
847 1033 1011 1114 temporale
1045 1032 1178 1097 Ioannis
1209 1033 1354 1115 officium.
1407 1040 1440 1097 et
1461 1033 1597 1116 agnitos.
1612 1034 1637 1117 ¹)
1681 1031 1918 1114 Quamobrem,
1947 1033 2012 1096 nisi
2032 1034 2176 1117 maligne
2198 1033 2263 1098 Dei
2284 1033 2384 1098 bone·

380 1120 443 1186 Sed
469 1125 503 1183 ut
530 1120 584 1185 boc
611 1121 765 1197 omittam,
796 1119 857 1183 illa
878 1124 954 1182 certe
977 1119 1185 1199 praeparatio
1206 1139 1268 1182 non
1292 1120 1355 1200 fuit
1407 1119 1572 1184 licentiam
1595 1119 1770 1183 obscurare
1792 1119 1887 1194 libet,
1915 1118 2057 1183 infantes
2079 1118 2127 1182 illi
2151 1126 2282 1184 nostros
2304 1119 2383 1185 offe-

377 1207 413 1270 in
434 1207 556 1286 pueris,
584 1226 660 1287 quos
689 1204 851 1284 amplexus
877 1209 922 1269 est
951 1202 1095 1268 Christus
1127 1224 1164 1267 ac
1191 1204 1354 1268 benedixit.
1407 1226 1535 1280 ramus,
1564 1205 1683 1286 quibus
1710 1205 1817 1268 locum
1845 1205 1934 1267 inter
1962 1226 2039 1269 suos
2065 1205 2244 1270 familiares
2265 1225 2302 1270 aa
2326 1203 2383 1269 do-

383 1293 486 1373 Quare
507 1291 609 1356 valeat
629 1311 699 1354 cum
718 1291 802 1373 falso
823 1311 881 1354 suo
897 1290 1067 1371 principio.
1110 1289 1265 1354 Patronos
1287 1296 1354 1353 tan-
1406 1292 1567 1368 mcsticos,
1590 1289 1625 1353 id
1648 1299 1699 1354 est
1721 1291 1876 1356 ecclesiae
1897 1290 2055 1369 membra,
2078 1291 2236 1356 attribuit.

377 1379 448 1443 dem
476 1379 604 1442 acensit
628 1377 867 1459 Trisanepistum
898 1381 926 1438 et
955 1374 1103 1456 Sibyllae,
1137 1376 1218 1456 quod
1245 1396 1355 1440 sacrae

378 1463 550 1529 ablutiones
571 1483 630 1527 non
651 1463 831 1526 eonomiant
856 1461 922 1526 nisi
943 1461 1069 1526 adultm
1113 1460 1167 1524 En
1188 1483 1282 1543 quam
1303 1461 1354 1525 tro-

379 1550 504 1630 norifice
532 1550 643 1613 sentiat
671 1548 709 1613 de
738 1545 856 1611 Christi
883 1545 1048 1626 baptismo,
1078 1568 1168 1628 quem
1196 1549 1293 1630 eripit
1311 1548 1354 1612 ad

374 1636 528 1717 profanos
546 1635 685 1717 pontium
706 1635 805 1711 ritus,
828 1652 867 1697 ne
889 1633 980 1696 aliter
999 1634 1238 1698 administretur
1259 1640 1354 1715 q'uam
1554 1670 1557 1675 ·
1736 1612 1888 1679 CAPUT
1910 1612 2063 1698 XVH.²)

382 1720 584 1802 Trismepisto
605 1719 772 1799 placuerit.
824 1718 923 1783 Nobis
951 1738 1022 1783 cero
1046 1720 1155 1800 pluris
1178 1718 1243 1784 Dei
1269 1725 1355 1783 auto
1749 1774 1757 1790 ,
1807 1773 1815 1790 .
2183 1774 2190 1789 ,
2349 1775 2357 1792 ,

380 1809 476 1885 ritas,
504 1808 555 1870 cui
576 1807 681 1869 cisum
711 1809 754 1868 est
776 1804 912 1885 infantes
933 1803 995 1868 sibi
1017 1824 1207 1882 corrsecrare,
1235 1825 1272 1869 ac
1293 1807 1353 1869 ini·
1406 1777 1474 1858 De
1507 1805 1625 1858 sacra
1657 1773 1825 1857 Ohnstl·
1849 1802 1997 1879 coena,
2037 1784 2081 1855 0⁴⁰
2121 1775 2223 1883 quld
2261 1778 2382 1858 nobls

379 1895 460 1958 tiore
485 1911 574 1956 sacro
602 1890 737 1972 symbolo
766 1891 857 1954 cuius
886 1891 1023 1954 nondum
1046 1911 1106 1972 per
1133 1896 1262 1955 aetatem
1289 1892 1356 1954 cim
1797 1894 1995 1976 conferat,

378 1978 523 2042 tenebant.
569 1977 635 2041 Nec
658 1977 713 2058 fas
741 1995 806 2040 esse
834 1976 978 2039 ducimus
1000 1978 1186 2060 aprutium
1206 1978 1356 2057 expiatio

378 2064 472 2129 nibus
493 2063 636 2127 mutuari
665 2062 746 2142 quod
772 2066 929 2125 aeternam
951 2066 978 2125 et
999 2062 1208 2127 inviolabilem
1229 2061 1294 2126 Dei
1315 2062 1355 2126 le·
1497 2067 1522 2126 1.
1570 2061 1741 2140 Postquam
1767 2080 1823 2124 nos
1851 2060 1944 2123 sanet
1971 2060 2023 2122 ou
2030 2058 2193 2140 familiam
2219 2081 2312 2124 mam
2336 2082 2385 2126 re·

377 2170 454 2232 pem,
475 2149 625 2229 quamde
642 2148 874 2212 circumcisione
891 2148 1007 2224 sumit,
1030 2149 1066 2211 in
1083 2148 1236 2230 baptismo
1253 2153 1355 2212 nostro
1407 2149 1487 2228 cepit
1507 2148 1610 2225 Deus,
1639 2166 1692 2210 nec
1718 2150 1840 2209 tantum
1867 2150 1901 2208 ut
1922 2165 2082 2209 servorum
2104 2146 2167 2209 loco
2188 2166 2243 2210 nos
2265 2145 2383 2227 lrabeat,

379 2240 482 2299 mutet.
544 2232 659 2300 Ultimo
693 2235 755 2298 loco
786 2233 1007 2311 ratiocinatur,
1040 2235 1070 2298 si
1103 2235 1240 2314 infantes
1268 2234 1357 2299 liceat
1407 2235 1462 2298 sed
1489 2234 1642 2315 filiorum,
1671 2237 1705 2294 ut
1734 2236 1846 2312 partes
1872 2230 2000 2310 impleat
2026 2232 2136 2310 optimi
2159 2233 2267 2312 patris
2294 2238 2320 2297 et
2346 2233 2385 2297 de

363 2323 449 2385 *sine
470 2320 622 2399 intellectu
643 2319 816 2400 baptisare,
838 2318 1024 2400 baptismum
1052 2341 1073 2384 a
1094 2322 1206 2401 pueris
1227 2320 1357 2384 ludenti·
1408 2341 1468 2385 sna
1484 2320 1633 2402 properie
1654 2318 1797 2395 solliciti,
1828 2318 1970 2382 continuo
1991 2318 2085 2380 etiam
2106 2318 2190 2381 vitae
2211 2337 2306 2382 cursu
2327 2337 2384 2383 nos

382 2405 440 2471 bus
461 2407 584 2470 mimice
606 2410 633 2469 et
653 2426 714 2487 per
739 2406 841 2468 iocum
867 2425 961 2484 posse
983 2405 1212 2471 administrari.
1256 2406 1357 2487 Atqui
1409 2406 1537 2470 alerdos
1557 2405 1697 2486 scsnpe.
1743 2403 1809 2467 Nec
1830 2424 1864 2467 eo
1885 2407 2053 2479 comentes,
2075 2403 2148 2466 dato
2170 2404 2306 2485 pipnore
2326 2423 2385 2468 nos

381 2492 420 2556 de
441 2492 498 2556 bac
519 2513 553 2555 re
574 2511 644 2554 cum
665 2491 733 2556 Deo
755 2490 859 2572 litipet,
879 2511 917 2554 eu
939 2492 1029 2554 acius
1043 2497 1208 2573 praecepto
1227 2493 1357 2556 circum·
1408 2492 1504 2556 buius
1530 2491 1692 2554 continuae
1725 2489 1923 2554 liberalitatis
1956 2489 2099 2551 certiores
2127 2489 2252 2553 reddere
2277 2491 2383 2555 volui.

382 2579 460 2642 cisio
476 2578 647 2641 emmonis
666 2577 728 2658 fuit
745 2576 921 2652 infantibus
939 2581 1104 2658 uunquam
1122 2578 1368 2662 intellipentiam
1410 2577 1453 2641 ln
1480 2577 1560 2640 lvunc
1592 2597 1663 2657 erpo
1692 2575 1786 2655 finem
1814 2575 1956 2640 alterum
1984 2573 2138 2638 ecclesiae
2166 2594 2243 2638 suae
2276 2596 2385 2640 sacra·

381 2664 487 2743 adepti
508 2668 614 2727 essent.
659 2661 775 2725 Fuitne
801 2663 901 2743 ipitur
921 2682 971 2725 res
998 2663 1135 2740 ludicra,
1157 2663 1204 2726 cel
1225 2664 1358 2728 obrosio
1409 2670 1559 2727 mentum
1584 2661 1667 2725 dedit
1690 2682 1750 2742 per
1775 2681 1906 2725 uranum
1933 2661 2089 2743 uuipeniti
2110 2658 2187 2739 filii,
2215 2659 2385 2742 spirituale

376 2769 551 2828 puerum
578 2749 720 2830 ineptiis,
750 2753 785 2809 ut
804 2749 964 2827 potuerint
986 2755 1126 2813 sarratam
1147 2748 1212 2814 Dei
1233 2752 1357 2814 institu-
1410 2748 1542 2831 epulum
1564 2747 1692 2823 scilicet,
1723 2745 1779 2809 ubi
1808 2767 1843 2810 se
1865 2745 2021 2810 Christus
2043 2745 2213 2810 vivificum
2233 2767 2304 2810 esse
2326 2766 2384 2829 pa·

380 2836 493 2898 tionem
514 2834 668 2898 euertere?
713 2832 775 2898 Sed
796 2832 878 2898 nibil
898 2835 1017 2897 mirum
1037 2840 1094 2913 est,
1117 2836 1260 2916 reprobos
1282 2837 1358 2900 istos
1409 2855 1486 2899 nom
1507 2840 1647 2898 testatur
1669 2831 1797 2912 (Ioann.
1817 2836 1846 2909 6,
1866 2830 1932 2914 51),
1955 2852 2017 2912 quo
2040 2832 2169 2895 animae
2190 2840 2321 2896 nostrae
2342 2831 2385 2896 ad

380 2920 526 3001 spiritus,
564 2921 657 2999 quasi
689 2918 868 3000 phrenitide
900 2921 1107 3002 opilarentur,
1139 2924 1357 2988 crassissimas
1409 2941 1521 2986 veram
1543 2927 1577 2983 et
1601 2918 1732 2982 beatam
1760 2917 2040 2981 immortalitatem
2069 2927 2258 2997 pascuntur.
2306 2919 2386 2998 Quo-

380 3026 519 3086 quaspue
540 3004 749 3069 absurditates
770 3006 806 3068 in
833 3026 975 3068 errorum
1001 3027 1130 3070 suorum
1151 3008 1357 3089 defensionem
1409 3008 1498 3070 niam
1519 3026 1590 3070 cero
1616 3005 1761 3087 apprinw
1782 3003 1958 3068 necmsaria
1981 3006 2026 3065 est
2054 3004 2136 3065 tanti
2156 3003 2296 3082 mysterii
2318 3023 2385 3085 cop-

380 3093 533 3174 inperere:
550 3093 628 3172 quia
651 3089 741 3154 Deus
762 3110 866 3154 eorum
886 3091 1007 3172 fastum
1028 3097 1056 3156 et
1071 3095 1282 3173 pertinaciam
1299 3093 1357 3157 tali
1408 3093 1493 3168 nitio,
1512 3097 1617 3170 dpro
1637 3111 1698 3154 suo
1720 3089 1934 3172 mapnitndine
1954 3092 2133 3151 accuratam
2149 3088 2385 3166 explicationem

380 3178 528 3259 oertipine
556 3178 635 3240 iuste
662 3176 829 3240 adciscitur.
877 3176 962 3242 Certe
987 3198 1082 3258 quam
1110 3178 1264 3244 debilibus
1284 3200 1357 3260 sup
1403 3178 1559 3258 postulat,·
1580 3182 1607 3240 et
1628 3182 1730 3253 satan,
1753 3180 1788 3239 ut
1808 3175 1863 3240 boc
1883 3171 2108 3238 inaestimabili
2131 3172 2274 3236 tbesauro
2296 3173 2385 3238 eccle

374 3263 473 3342 petiis
500 3262 688 3344 fraterculos
711 3283 785 3326 suos
811 3263 1042 3344 Anabaptistas
1066 3263 1209 3328 Serestus
1232 3266 1357 3330 arliuue-
1408 3265 1492 3328 siam
1508 3264 1661 3345 privaret,
1678 3262 1805 3344 pridem
1825 3260 1967 3337 nebulas,
1990 3259 2100 3323 deinde
2120 3258 2260 3322 latebras
2282 3258 2385 3324 obscu-

380 3349 430 3419 rit‚
448 3347 584 3428 martum
605 3349 782 3429 prefecisse
808 3349 931 3430 confido.
1408 3351 1528 3414 randae
1552 3351 1622 3413 eius
1649 3350 1713 3414 tuci
1733 3349 1875 3424 induxit,
1902 3351 1968 3409 tum
1990 3346 2189 3409 contentrmes
2211 3349 2238 3408 et
2252 3364 2385 3427 pupnas

468 3437 517 3498 32.
568 3434 641 3497 Iam
668 3434 791 3497 nemini
821 3435 929 3499 sobrio
958 3434 1147 3519 ambiguum
1175 3438 1243 3502 lore
1270 3435 1355 3501 arbi·
1408 3437 1502 3500 moait
1522 3455 1602 3517 quoe
1629 3434 1667 3499 ab
1694 3433 1790 3498 buius
1812 3432 1897 3498 socri
1924 3431 2065 3496 alimenti
2089 3436 2184 3513 pustu
2211 3429 2385 3495 alienarent

384 3528 463 3598 tror,
487 3542 586 3601 quam
609 3527 732 3583 temere
755 3519 924 3584 ecclesiam
943 3521 1069 3585 christi
1088 3524 1283 3587 conturbent
1300 3522 1357 3605 qui
1408 3522 1600 3603 simplicium
1626 3526 1753 3598 martes,
1781 3522 1937 3583 dnostra
1963 3518 2059 3581 etiam
2080 3521 2177 3580 aetate
2199 3516 2281 3580 mem
2307 3517 2384 3580 arti-

381 3608 471 3670 rixas
503 3627 540 3670 ac
569 3607 794 3670 contentiones
815 3613 951 3671 movent
972 3608 1012 3671 ob
1041 3608 1353 3691 paedobaptismum.
1405 3607 1516 3687 licium
1535 3608 1675 3672 tentam&
1701 3607 1755 3670 ubi
1776 3625 1931 3670 simmam
1953 3624 2015 3684 pro
2035 3601 2166 3667 rudium
2187 3607 2278 3684 captu
2306 3623 2384 3666 cons-

381 3691 450 3758 sen
472 3692 559 3756 enim
582 3712 698 3772 operae
727 3693 871 3773 pretium
894 3701 944 3756 est
967 3692 1139 3758 observare
1162 3695 1242 3776 quid
1264 3701 1356 3758 tanta
1401 3693 1518 3775 plexus
1542 3695 1646 3775 fuero,
1674 3692 1769 3757 nodos
1796 3691 1869 3756 illos
1891 3689 2004 3770 quous
2031 3687 2184 3752 mundum
2210 3688 2384 3768 illaqueare

380 3780 443 3843 ista
471 3779 603 3842 vafritie
625 3786 719 3841 satan
747 3778 914 3842 moliatur:
944 3800 1061 3861 nempe
1088 3789 1127 3843 ut
1155 3781 1356 3864 singularem
1407 3786 1501 3843 satan
1521 3779 1647 3843 molitm
1667 3783 1726 3856 est,
1754 3778 1928 3858 expediam.
1974 3773 2086 3839 Primo
2107 3774 2202 3857 signa
2223 3781 2303 3837 sunt
2323 3794 2383 3856 pa-

380 3862 519 3929 fiduciae
542 3872 575 3927 et
597 3864 777 3946 spiritualis
799 3863 912 3946 gaudii
933 3865 1089 3943 fructum,
1112 3866 1168 3947 qui
1191 3867 1269 3932 hine
1290 3866 1355 3931 col·
1408 3865 1461 3928 nis
1489 3873 1523 3929 et
1544 3866 1676 3941 vinum,
1704 3883 1783 3944 quae
1803 3860 1962 3926 invisibile
1981 3860 2175 3936 alimentum,
2204 3860 2286 3939 quod
2308 3880 2384 3939 per·

380 3949 531 4034 ligandus
553 3961 612 4026 est,
636 3941 727 4014 nobis
749 3949 877 4033 eripiat,
900 3970 937 4013 ao
955 3950 995 4015 de
1013 3950 1169 4015 bonitatis
1189 3955 1288 4016 etiam
1306 3950 1355 4015 di·
1407 3953 1542 4033 cipimus
1569 3972 1608 4014 er
1634 3970 1728 4014 carne
1755 3955 1782 4013 et
1811 3949 1965 4030 sanquine
1988 3945 2121 4023 Clusini,
2150 3943 2239 4009 nobis
2259 3965 2384 4025 reprae-

380 4036 478 4100 vinae
502 4035 607 4118 gloria
629 4034 826 4098 tantundem
848 4035 975 4100 delibet.
1011 4035 1122 4116 Quam
1145 4038 1233 4101 enim
1255 4060 1355 4103 suave
1407 4042 1537 4101 sentam.
1587 4033 1682 4100 Sicut
1715 4036 1804 4100 enim
1837 4036 1872 4098 in
1904 4031 2067 4114 baptismo
2093 4051 2154 4095 nos
2181 4051 2382 4112 regenerans

380 4123 444 4204 piis
467 4121 601 4198 animis,
629 4140 695 4183 non
717 4121 817 4185 verbo
841 4130 985 4198 tantum,
1015 4123 1073 4186 sed
1101 4123 1223 4187 oculari
1256 4125 1355 4187 etiam
1407 4123 1509 4200 Deus,
1531 4124 1566 4186 in
1588 4121 1741 4187 ecclesiae
1763 4142 1841 4185 suae
1863 4119 2049 4184 sociotatem
2077 4115 2193 4181 inserit
2220 4123 2253 4178 et
2282 4114 2381 4197 adop-

381 4206 564 4290 speetaculo
591 4206 745 4270 certiores
771 4206 857 4284 fiori,
891 4215 1021 4270 tantum
1053 4229 1087 4271 se
1115 4210 1240 4292 gratiae
1269 4207 1356 4291 apud
1408 4210 1495 4272 tione
1517 4230 1591 4273 suos
1613 4207 1701 4286 facit,
1723 4208 1770 4270 ita
1789 4206 1932 4270 dicimus
1952 4204 2095 4268 officium
2111 4200 2241 4280 prandi
2261 4200 2380 4282 patris·

380 4309 509 4376 patrem
541 4291 714 4357 coelestem
745 4292 907 4369 obtinere,
941 4300 980 4356 ut
1012 4294 1186 4375 posteritas
1221 4315 1281 4359 sua
1307 4295 1356 4358 illi
1407 4294 1548 4359 familias
1576 4295 1611 4356 in
1637 4313 1670 4358 eo
1689 4297 1869 4375 praestare,
1898 4290 1980 4372 quod
2001 4288 2109 4353 cibum
2130 4285 2256 4348 assidue
2284 4285 2381 4350 mini·

381 4401 478 4445 curae
501 4376 564 4441 sit?
609 4377 675 4442 Hic
696 4378 785 4442 enim
806 4377 917 4442 videre
939 4386 997 4457 est,
1020 4390 1058 4442 ut
1078 4380 1357 4461 providentissimi
1408 4389 1506 4460 strat,
1535 4401 1599 4462 quo
1621 4400 1682 4443 nos
1702 4379 1738 4443 in
1760 4399 1800 4443 ea
1821 4378 1891 4443 vita
1912 4376 2072 4441 sustineat
2093 4393 2131 4435 ac
2155 4380 2324 4434 conservet
2344 4370 2381 4433 in

382 4486 461 4546 erga
487 4486 547 4529 nos
579 4463 824 4545 patrisfamilias
856 4484 1031 4545 personam
1064 4466 1200 4548 suscipit
1226 4468 1282 4549 qui
1314 4487 1356 4531 ne
1408 4487 1507 4548 quam
1528 4486 1589 4529 nos
1611 4465 1710 4530 verbo
1737 4486 1797 4529 suo
1825 4462 1947 4548 genuit
1990 4462 2094 4524 Porro
2115 4455 2230 4519 unicus
2252 4455 2382 4519 animae

381 4559 457 4696 post
478 4559 618 4613 mortem
639 4549 772 4631 quidem
794 4558 940 4614 nostram
968 4550 1222 4616 sollicitudinem
1251 4553 1356 4618 nostri
1408 4558 1530 4617 nostrae
1552 4549 1643 4617 cibus
1665 4551 1820 4616 Christus
1841 4557 1899 4622 est,
1921 4546 2047 4624 ideoque
2069 4542 2112 4606 ad
2134 4560 2204 4638 eum
2224 4562 2280 4605 nos
2301 4541 2382 4638 inci

404 4634 522 4715 eponit,
545 4637 625 4716 quin
643 4636 755 4700 liberis
785 4637 906 4701 nostris
928 4635 1078 4700 consulat
1104 4657 1142 4702 ac
1167 4638 1353 4721 prospiciat.
1406 4642 1452 4702 tat
1479 4637 1626 4702 coelestis
1647 4637 1763 4715 Pater,
1793 4643 1831 4699 ut
1857 4635 1927 4698 eius
1948 4632 2240 4695 commumcatroue
2268 4626 2381 4691 refectr

381 4722 504 4783 Annon
532 4718 585 4784 hic
612 4723 762 4804 exemplo
782 4721 923 4786 Davidis
950 4730 1018 4787 toto
1043 4722 1140 4787 corde
1162 4723 1203 4788 ad
1232 4725 1354 4808 gratia·
1406 4725 1538 4808 ciperem
1567 4723 1697 4789 subinde
1723 4722 1917 4804 collipamus,
1953 4715 2046 4779 donec
2074 4712 2116 4776 ad
2143 4711 2295 4775 melotem
2322 4712 2381 4774 im·

381 4827 456 4868 rum
484 4804 645 4868 sobonem
672 4807 827 4873 debemus
850 4808 1029 4887 exsultare,
1059 4818 1096 4872 ut
1117 4810 1176 4873 tali
1199 4810 1354 4875 bonitatis
1405 4812 1623 4876 mortalitatem
1650 4813 1831 4892 perventum
1856 4803 1960 4885 suerit
2009 4797 2175 4895 Quoniam
2202 4817 2278 4894 rere
2304 4818 2379 4880 my·

379 4889 556 4972 specimine
578 4889 648 4953 eius
665 4913 786 4958 nomen
804 4894 1047 4960 sanctificetur?
1081 4895 1163 4973 Hoc,
1183 4896 1245 4962 hoc
1265 4905 1354 4962 certe
1406 4898 1542 4962 sterium
1570 4897 1632 4961 hoe
1658 4912 1793 4959 orcanae
1822 4888 1941 4954 Christi
1967 4905 2038 4948 cum
2057 4904 2128 4966 prr-s
2160 4903 2289 4947 ursionis
2319 4904 2379 4948 ns-

379 4975 449 5058 agit
470 4983 562 5039 satan
585 4974 889 5059 paedobaptismum
911 4982 1011 5045 tantis
1033 4981 1133 5063 copiis
1150 4982 1352 5066 impetendo:
1404 4991 1481 5046 tura
1502 4975 1831 5063 incomprehensibile
1853 4980 1917 5050 est,
1947 4972 2087 5054 figuram
2110 4968 2180 5032 eius
2201 4980 2234 5032 et
2261 4969 2379 5053 imagi·

378 5082 442 5144 quo
469 5061 605 5138 scilicet,
633 5061 860 5127 testificatione
886 5066 950 5129 ista
972 5069 1097 5147 gratiae
1119 5068 1183 5132 Dei
1206 5069 1353 5134 emedio
1404 5090 1481 5134 uem
1508 5070 1545 5133 in
1572 5067 1675 5147 signis
1696 5060 1879 5129 visibilibus
1900 5057 2047 5135 exhibet,
2075 5055 2119 5120 ad
2144 5053 2306 5119 modulum
2327 5075 2379 5120 no

378 5147 514 5226 sublata,
543 5168 627 5229 quae
659 5166 718 5227 per
750 5147 857 5228 ipsam
884 5150 987 5213 oculis
1015 5154 1135 5216 nostris
1161 5153 1353 5219 obversatur
1403 5160 1503 5219 strum
1524 5150 1715 5234 aptissimis3
1743 5148 1808 5210 imo
1830 5144 1922 5210 velut
1943 5142 2029 5207 detis
2055 5140 2164 5206 arrhis
2187 5161 2225 5205 aa
2246 5141 2378 5205 tesseris

377 5233 548 5316 promissio
592 5233 713 5296 sensim
746 5231 879 5296 tandem
913 5245 1094 5298 evanescat
1153 5236 1247 5302 Unde
1285 5263 1352 5305 non
1404 5248 1472 5304 tam
1494 5246 1620 5302 certum
1648 5233 1743 5298 nobis
1770 5232 1849 5296 iacit
1875 5251 1974 5314 quum
1999 5229 2028 5292 si
2049 5226 2152 5292 oculis
2174 5234 2377 5303 cerneretur3

377 5319 479 5468 {rpppla
511 5317 839 5469 tantummpdvergus
867 5316 935 5469 Dffil,
957 5318 1220 5471 misertilcorf'dffi
1239 5322 1352 5406 ingra-
1403 5327 1478 5405 quia
1491 5326 1524 5387 in
1537 5313 2113 5399 mmsissimasquosquementeebaec
2126 5311 2379 5390 tamtamitiaris

392 5427 440 5469 ιιι
464 5426 483 5469 o
510 5424 645 5469 nascere
707 5457 714 5483 ,
744 5426 778 5470 se
827 5426 864 5468 m
937 5424 1002 5468 ons
1029 5426 1049 5468 a
1121 5427 1152 5470 re
1220 5427 1255 5472 m
1276 5430 1351 5473 eru-
2125 5438 2130 5451 <-

379 5488 540 5589 ciendis·
590 5491 664 5554 avia
687 5490 856 5573 quaedam.
902 5427 1141 5589 nequeuntis
1160 5512 1278 5588 porum
1300 5495 1350 5559 in-
1472 5544 1502 5605 ιι
1522 5551 1550 5596 o
1568 5544 1674 5613 ignem
1691 5528 1774 5596 ortu.
1794 5538 1869 5594 reon.
1888 5537 1964 5592 ren.
2048 5534 2079 5602 n)
2097 5533 2192 5586 saco
2209 5532 2316 5601 mam
2333 5532 2379 5587 ne

376 5585 517 5673 namur
569 5598 606 5642 ⁰⁰
628 5577 740 5676 aculeo
767 5576 808 5641 ad
837 5598 891 5641 ⁰⁰⁸
918 5599 954 5641 ¹¹1
973 5596 1059 5642 seno
1079 5575 1145 5642 Der
1165 5585 1282 5643 umore
1303 5580 1350 5646 le-
1402 5613 1590 5681 praeoaam
1606 5613 1736 5666 conns
1756 5611 1824 5679 sap.
1841 5607 1962 5662 xrrn.
1981 5606 2004 5673 §-
2024 5602 2119 5657 1-48
2142 5600 2189 5655 ea
2207 5600 2304 5656 oram
2320 5617 2378 5656 me

377 5681 491 5745 gnsque
528 5663 756 5728 observatrone
793 5662 992 5742 educandos,
1032 5661 1111 5727 dum
1148 5671 1369 5753 reputamus„
1402 5682 1533 5736 renam
1550 5688 1576 5738 e
1593 5683 1740 5736 emesam
1756 5680 1834 5735 aare
1852 5678 1968 5733 turcam
