5600 6809
393 755 456 817 aa
1028 744 1639 815 :msrmomoannonursn
1664 749 1757 812 reso.
2318 752 2411 839 *aas

393 940 490 1005 sisset
510 935 596 1019 qnod
618 935 660 1000 ad
681 954 776 1000 suam
796 933 926 1001 laudem
942 935 1090 1001 aceres,
1105 934 1225 1000 Falsus
1242 943 1294 999 est
1309 935 1372 1018 igi·
1424 934 1715 1019 stantinopolitano
1736 934 1910 1000 damnatus
1931 943 2026 1015 esset,
2049 935 2137 1019 apud
2156 937 2304 1004 Leonem
2322 960 2408 1007 con-

393 1031 449 1089 tur
469 1024 505 1087 in
526 1043 565 1087 eo
583 1021 766 1106 Gregorius
786 1019 872 1102 quod
890 1020 1027 1085 titulum
1043 1019 1139 1085 illum
1154 1020 1285 1102 putavit
1302 1021 1372 1086 sedi
1424 1027 1558 1104 questus
1581 1028 1632 1086 est
1663 1021 1786 1086 factam
1817 1019 1879 1085 sibi
1908 1041 1979 1087 esse
2011 1021 2178 1087 iniuriam
2222 1024 2285 1089 Ille
2314 1027 2406 1092 nihil

392 1128 547 1175 romanae
567 1107 667 1173 fnisse
690 1106 836 1171 delatum
857 1128 877 1171 a
897 1105 1025 1190 synodo
1050 1105 1312 1186 chalcedonensi3
1334 1112 1373 1172 ut
1423 1114 1583 1186 moratos,
1611 1106 1831 1189 patrocinium
1861 1106 1968 1172 malae
1988 1127 2107 1173 causae
2127 1128 2195 1174 non
2220 1110 2333 1179 minus
2353 1120 2409 1178 te-

393 1204 519 1260 taoeam
546 1192 723 1259 ridiculum
750 1192 931 1275 essequod
955 1212 975 1255 a
1001 1198 1116 1258 sancta
1143 1191 1270 1277 synodo
1296 1213 1372 1275 pro-
1424 1213 1514 1257 mere
1535 1213 1636 1274 quam
1656 1191 1763 1258 subito
1784 1191 1940 1275 suscepit;
1967 1192 2003 1258 in
2029 1193 2231 1259 Flavianum
2258 1198 2410 1280 graviter

392 1282 516 1346 fectum
537 1285 690 1357 testatur,
713 1285 747 1343 et
767 1277 864 1342 simul
886 1276 1074 1357 scelestum,
1103 1278 1291 1360 profanum,
1313 1299 1371 1342 ne-
1424 1279 1574 1344 invectos
1603 1283 1666 1357 est,
1700 1277 1794 1360 quasi
1825 1277 1991 1362 incognita
2022 1299 2122 1344 causa
2153 1280 2321 1347 hominem
2352 1284 2411 1348 in·

392 1366 544 1443 fandum,
575 1365 753 1447 superbum
781 1370 814 1428 et
834 1363 1030 1447 sacrilegum
1052 1371 1235 1446 nuncupat,
1263 1364 1329 1427 imo
1352 1384 1373 1428 a
1424 1365 1563 1429 noxium
1584 1363 1787 1442 damnasset,
1809 1370 1907 1446 atque
1929 1364 1993 1430 bae
2014 1385 2075 1429 sua
2096 1364 2274 1432 ambitione
2295 1369 2411 1436 effecit

394 1451 521 1517 diabolo
550 1453 771 1534 excogitatum
792 1456 827 1513 et
852 1449 893 1514 ab
919 1449 1104 1515 antichristi
1131 1470 1290 1532 praecone
1311 1470 1373 1532 pu·
1425 1457 1465 1513 ut
1492 1449 1692 1533 eutychiana
1717 1448 1870 1532 impietas
1904 1448 2012 1532 spatio
2039 1451 2197 1533 temporis
2223 1474 2258 1517 se
2285 1455 2410 1520 confir-

393 1537 559 1604 blieatum.
586 1537 633 1602 Et
650 1544 762 1600 tamen
780 1535 956 1619 subiungit,
970 1535 995 1619 ι)
1012 1555 1253 1617 praesessorem
1275 1533 1373 1600 stium
1425 1541 1539 1600 maret.
1584 1534 1627 1599 Ιη
1647 1534 1761 1599 Africa
1787 1533 1822 1598 id
1850 1535 1980 1618 saepius
2008 1534 2164 1604 accidisse
2185 1546 2327 1619 constat3
2361 1541 2410 1606 si-
2443 1537 2446 1540 ’

377 1644 571 1702 ‚recusasse
592 1643 635 1686 ne
657 1620 736 1685 dum
757 1620 915 1702 privatim
933 1620 1057 1703 aliquid
1079 1620 1212 1686 daretur
1229 1621 1298 1699 uni,
1321 1639 1373 1684 sa-
1424 1621 1495 1685 mnl
1523 1621 1612 1684 enim
1638 1641 1676 1685 ao
1703 1618 1825 1684 nebulo
1846 1621 2010 1704 quispiam
2034 1624 2072 1685 in
2092 1622 2259 1689 ordinario
2284 1624 2410 1692 iudioio

394 1707 541 1775 oerdotes
557 1708 681 1772 honore
699 1706 806 1771 debito
823 1707 1034 1789 privarentur
1049 1707 1206 1773 universi.
1234 1704 1373 1789 Alibi22)
1425 1705 1654 1784 succubuerat,
1687 1704 1863 1772 advolabat
1892 1705 2049 1785 Romam,
2087 1708 2200 1773 multis
2231 1710 2413 1777 calumniis·

393 1794 507 1861 nullus
533 1813 679 1876 unquam
707 1792 767 1856 tali
791 1791 949 1858 vocabulo
971 1792 1128 1875 appellari
1149 1792 1270 1871 voluit,
1298 1791 1373 1856 nul·
1425 1812 1502 1855 suos
1528 1791 1700 1875 gravabat:
1728 1811 1867 1855 romana
1889 1798 2000 1859 autem
2026 1791 2120 1858 sedes
2141 1793 2351 1877 interponere
2370 1817 2410 1862 se

393 1879 446 1944 lus
472 1878 534 1945 sibi
561 1878 625 1943 hoo
651 1877 865 1943 temerarium
891 1898 1014 1942 nomen
1039 1878 1192 1962 arripuit:
1222 1899 1265 1942 ne
1288 1877 1373 1942 siin
1425 1897 1555 1959 semper
1581 1884 1654 1941 erat
1678 1882 1803 1957 parata
1853 1874 1947 1956 Quae
1972 1878 2164 1961 improbitas
2192 1881 2300 1962 coegit
2328 1882 2410 1946 afri·

392 1965 600 2048 pontificatus
628 1963 734 2048 gradu
762 1963 823 2029 sibi
852 1963 991 2048 gloriam
1024 1964 1263 2048 singularitatis
1289 1962 1372 2028 arri·
1425 1983 1523 2028 canos
1550 1962 1717 2045 episcopos
1743 1961 1871 2027 sancire
1896 1983 1939 2027 ne
1960 1964 2042 2045 quis,
2065 1964 2125 2029 sub
2146 1985 2252 2048 poena
2273 1988 2409 2033 excom·

393 2057 494 2134 peret,
517 2050 604 2115 hanc
625 2049 782 2114 fratribus
804 2049 954 2114 omnibus
976 2049 1157 2132 denegasse
1177 2047 1352 2116 videretur.
1424 2048 1666 2125 munioationis‚
1689 2047 1778 2111 ultra
1798 2068 1890 2112 mare
1910 2056 2110 2131 provocaret

482 2141 509 2200 5.
554 2136 661 2201 Venio
689 2157 779 2201 nuno
807 2135 850 2199 ad
881 2133 1139 2200 iurisdictionem
1171 2156 1270 2217 quam
1301 2135 1373 2199 sine
1511 2137 1540 2198 6.
1575 2131 1742 2221 Quidquid
1762 2141 1874 2198 tamen
1894 2133 2001 2214 luerit,
2022 2135 2235 2218 inspiciamus
2253 2138 2334 2220 quid
2355 2140 2409 2205 iu·

393 2222 617 2288 controversia
644 2242 679 2286 se
705 2221 827 2286 habere
848 2222 883 2285 in
904 2241 1019 2286 omnes
1045 2220 1197 2286 eeclesias
1228 2221 1374 2303 pontifex
1424 2221 1472 2284 ris
1494 2225 1553 2283 aut
1573 2220 1743 2301 potestatis
1765 2218 1918 2284 habuerit
1935 2226 2015 2286 tuno
2032 2242 2169 2286 romana
2186 2221 2288 2288 sedes.
2318 2223 2410 2289 (lon-

292 2319 296 2329 ‘
393 2327 551 2373 romanus
573 2307 698 2372 asserit.
744 2304 820 2372 Scio
841 2312 983 2388 quantae
1004 2307 1129 2371 fuerint
1149 2306 1228 2371 olim
1249 2305 1290 2371 de
1311 2305 1374 2372 hae
1425 2306 1551 2370 tinetur
1572 2311 1684 2369 autem
1710 2310 1856 2387 potestas
1878 2305 2096 2372 ecelesiastica
2116 2307 2169 2372 his
2190 2316 2331 2391 quatuor
2353 2329 2410 2376 oa-

394 2393 654 2477 disoeptationes.
698 2391 837 2457 Nullum
864 2392 952 2455 enim
979 2391 1042 2456 fuit
1068 2399 1284 2475 tempusque
1307 2411 1373 2456 non
1425 2391 1558 2473 pitibns,
1580 2389 1784 2455 ordinatione
1805 2391 2045 2478 episcoporum,
2066 2393 2281 2459 conciliorum
2301 2395 2409 2460 indie-

393 2500 533 2544 romana
555 2476 648 2543 sedes
668 2478 845 2559 imperium
871 2478 907 2541 in
934 2477 1015 2542 alias
1035 2478 1186 2543 eeclesias
1208 2478 1374 2560 appetive-
1425 2477 1529 2554 tione,
1562 2475 1734 2541 audiendis
1766 2476 2037 2558 appellationibus
2073 2487 2131 2543 aut
2172 2479 2406 2561 iurisdictione,

394 2565 449 2630 rit
492 2564 605 2646 Atque
634 2563 697 2629 hoo
725 2562 796 2629 loeo
817 2583 884 2628 non
906 2563 970 2627 erit
990 2564 1060 2627 inte
1136 2564 1273 2641 stivum,
1303 2563 1375 2645 qui·
1425 2562 1659 2627 monitionibus
1696 2561 1915 2645 castigatoriis
1946 2570 2004 2627 aut
2041 2565 2197 2629 censuris.
2248 2563 2409 2633 Ordinari

394 2650 457 2716 bus
489 2648 597 2714 modis
625 2649 747 2715 sensim
774 2655 853 2715 tunc
882 2583 1135 2714 οιηοηοοιιιᾜθ
1145 2647 1290 2731 aliquam
1316 2668 1375 2730 po-
1427 2649 1593 2731 episcopos
1621 2669 1641 2712 a
1668 2647 1736 2712 suis
1762 2647 1977 2731 metropolitis
2002 2649 2119 2715 iubent
2138 2670 2252 2717 omnes
2277 2658 2407 2720 veteres

395 2734 549 2815 tentiam,
573 2733 782 2818 investigare:
826 2734 983 2799 Nondmn
1005 2733 1045 2799 de
1073 2734 1136 2800 hoc
1157 2734 1285 2799 infinito
1312 2734 1374 2798 im·
1428 2732 1556 2817 synodi
1611 2733 1785 2816 Nusquam
1824 2733 1976 2800 advocari
2008 2755 2185 2800 romanum
2216 2736 2408 2821 episcopum

291 2897 295 2903 ¹
395 2821 486 2904 perio
517 2820 646 2903 loquor,
680 2819 767 2902 quod
799 2839 867 2885 non
899 2821 946 2884 ita
971 2818 1096 2902 pridem
1130 2819 1193 2887 sibi
1221 2820 1374 2904 arripuit;
1426 2819 1541 2884 iubent
1561 2819 1627 2884 nisi
1654 2818 1690 2883 in
1711 2838 1771 2882 sua
1796 2819 2005 2901 patriarchia
2049 2818 2183 2887 Sensim
2203 2831 2313 2888 autem
2333 2845 2408 2890 mos

394 2926 475 2971 nam
495 2904 531 2970 id
546 2906 582 2969 in
602 2926 699 2970 suum
718 2905 828 2971 locum
845 2905 1043 2971 differemus.
1075 2906 1203 2970 Verum
1220 2905 1274 2971 hic
1293 2925 1375 2989 pau·
1427 2903 1569 2970 obtinuit
1595 2911 1633 2968 ut
1659 2903 1762 2970 italici
1788 2904 1931 2989 episcopi
1957 2906 2000 2973 ad
2030 2906 2207 2988 petendam
2237 2928 2405 2974 conseera-

394 2992 443 3058 cis
458 2991 604 3057 indicare
621 3011 739 3074 operae
759 2992 903 3074 pretium
921 2999 979 3070 est,
996 2991 1139 3074 qualiter
1156 2991 1235 3056 olim
1252 2998 1286 3056 et
1302 2992 1374 3074 qui-
1426 2991 1551 3055 tionem
1576 3010 1690 3055 omnes
1717 2990 1860 3056 Romam
1880 2991 2046 3071 venirent,
2076 2994 2219 3076 exceptis
2238 3000 2404 3077 metropo-

395 3077 457 3143 bus
479 3077 660 3143 rationibus
688 3098 724 3142 sc
745 3077 917 3157 extulerit,
946 3084 985 3143 ut
1006 3077 1131 3160 aliquid
1151 3078 1232 3142 iuris
1254 3076 1323 3149 sibi
1338 3077 1374 3141 in
1425 3076 1509 3156 litis,
1543 3076 1599 3159 qui
1631 3096 1666 3140 se
1692 3075 1731 3140 in
1757 3075 1844 3142 banc
1869 3077 2063 3143 servitutem
2083 3078 2196 3163 {redigi
2220 3079 2308 3162 passi
2332 3100 2406 3145 non

394 3163 477 3228 alias
499 3162 651 3228 ecelesias
678 3169 830 3229 sumeret.
876 3161 990 3244 Quum
1017 3163 1191 3228 orientales
1219 3162 1374 3229 ecclesiae
1426 3169 1517 3242 sunt,
1545 3160 1603 3227 sed
1628 3182 1731 3244 quum
1758 3161 1960 3228 ordinandus
1991 3168 2063 3228 erat
2090 3163 2207 3247 aliquis
2237 3172 2405 3248 metropo-

394 3247 520 3314 divisae
552 3256 664 3314 essent
695 3270 735 3315 ae
760 3248 910 3318 turbatae
935 3248 1138 3315 almanorum
1168 3249 1372 3328 factionibus,
1425 3248 1494 3326 lita,
1516 3246 1669 3312 mittebat
1688 3246 1768 3313 illue
1789 3269 1893 3312 unum
1919 3269 1962 3313 ex
1985 3249 2053 3313 suis
2074 3249 2274 3334 presbyteris
2294 3271 2406 3317 roma·

394 3335 456 3401 sub
485 3333 678 3400 Constantio
708 3341 741 3400 ot
762 3333 943 3401 Constante
964 3333 1177 3415 Caesaribus,
1210 3333 1373 3400 Oonstan·
1425 3355 1489 3399 nus
1510 3333 1690 3417 episcopus,
1713 3333 1768 3416 qui
1789 3339 1921 3398 tantum
1937 3333 2074 3415 adesset,
2096 3357 2164 3400 non
2181 3343 2294 3402 autem
2309 3358 2406 3420 prae·

394 3420 458 3485 tini
477 3421 592 3504 magni
613 3420 706 3498 filiis,
734 3440 772 3484 ao
800 3418 876 3485 sede
897 3440 958 3485 sua
977 3420 1094 3503 pulsus
1116 3425 1203 3486 esset
1222 3420 1374 3485 Athana·
1426 3425 1521 3485 esset
1549 3418 1653 3485 (iuius
1669 3419 1719 3484 rei
1736 3418 1924 3502 exemplum
1940 3427 2049 3486 exstat
2066 3419 2153 3503 apud
2169 3421 2405 3508 Gregorium1)

394 3507 464 3572 sius
484 3505 561 3571 fidei
583 3504 784 3570 orthodoxae
805 3506 998 3589 praecipuus
1019 3505 1088 3572 illic
1105 3505 1265 3586 defensor,
1288 3506 1374 3572 eius-
1425 3505 1463 3569 in
1480 3505 1722 3571 consecratione
1740 3503 1928 3571 Constantii
1936 3506 2202 3587 Mediolanensis,
2222 3517 2297 3591 post
2313 3510 2405 3576 Lau-

394 3592 484 3656 modi
505 3591 675 3658 calamitas
696 3592 806 3675 ipsum
826 3592 968 3657 Romam
989 3593 1103 3658 venire
1125 3592 1240 3676 coegit,
1262 3597 1301 3656 ut
1321 3612 1374 3656 ro-
1426 3591 1527 3656 rentii
1549 3591 1682 3656 obitum
1716 3588 1915 3673 Quanquam
1935 3613 2002 3656 non
2023 3601 2101 3676 puto
2122 3593 2205 3658 illud
2226 3595 2327 3661 firism
2348 3616 2405 3662 ve·

394 3697 513 3741 manae
534 3677 620 3742 sedis
642 3678 819 3742 autoritate
836 3685 911 3742 tum
932 3678 1075 3744 hostium
1092 3698 1228 3743 snorum
1249 3676 1375 3743 rabiem
1427 3678 1648 3742 tristissimum
1668 3677 1873 3756 institutum
1896 3676 1954 3742 sed
1973 3698 2075 3760 quum
2097 3678 2230 3745 honoris
2252 3688 2287 3745 et
2306 3681 2405 3747 bone·

394 3769 561 3844 utcunque
593 3763 802 3845 reprimeret,
839 3770 912 3828 tum
942 3765 1013 3847 pios
1039 3763 1227 3830 laborantes
1254 3764 1375 3828 confir·
1426 3762 1592 3829 velentiae
1614 3781 1713 3828 causa
1736 3762 1831 3826 initio
1857 3763 2030 3828 mitterent
2049 3764 2174 3849 ultr02)
2198 3773 2233 3829 et
2253 3766 2337 3832 citro
2358 3767 2405 3833 le·

394 3855 511 3912 maret
563 3845 743 3931 Susceptus
769 3856 821 3914 est
848 3849 918 3933 ipse
946 3849 1126 3916 honorifice
1147 3870 1168 3914 a
1186 3848 1273 3914 Iulio
1294 3855 1375 3915 tuno
1428 3855 1539 3933 gatos,
1562 3849 1619 3931 qui
1639 3855 1741 3914 testes
1761 3848 1869 3913 forent
1888 3847 2117 3928 ordinationis,
2141 3850 2184 3915 ad
2205 3853 2406 3919 communio·

394 3933 561 4015 episcopo,
593 3953 631 3998 ao
663 3933 805 3999 obtinuit
836 3942 873 3999 nt
900 3956 1018 4001 causae
1045 3956 1124 4000 suae
1153 3933 1375 4001 defensionem
1428 3955 1506 3998 nem
1527 3933 1724 3999 testandam:
1751 3932 1839 4016 quod
1858 3934 2082 4000 voluntarium
2103 3943 2189 4017 erat,
2211 3959 2271 4021 pro
2294 3960 2407 4006 neces·

395 4016 610 4083 occidentales
642 4020 853 4103 susciperent
910 4018 1023 4101 Quum
1049 4041 1128 4105 ergo
1161 4021 1208 4104 pii
1239 4027 1375 4086 externo
1428 4021 1515 4086 sario
1547 4019 1663 4085 haberi
1694 4026 1807 4102 postea
1838 4021 1952 4103 coepit
1996 4021 2171 4105 Utcunque
2199 4025 2255 4103 sit,
2278 4032 2408 4091 constat

394 4102 556 4187 praesidio
581 4124 781 4189 magnopere
807 4105 1009 4191 indigerent,
1037 4108 1073 4171 in
1092 4126 1237 4172 romana
1264 4113 1376 4172 summ
1428 4104 1602 4170 ordinandi
1628 4112 1823 4189 potestatem
1844 4127 1912 4171 non
1938 4106 2039 4173 fuisse
2060 4109 2139 4173 olim
2164 4130 2299 4174 romano
2321 4112 2409 4193 epis-

393 4189 533 4255 eeclesia
552 4198 725 4256 comerent
745 4192 808 4259 sibi
829 4193 991 4276 optimum
1012 4213 1084 4258 esse
1104 4191 1313 4275 praesidium,
1335 4191 1376 4256 li-
1428 4213 1508 4275 oopo
1528 4191 1594 4256 nisi
1614 4193 1650 4256 in
1671 4191 1839 4275 provincia
1857 4211 1936 4257 suae
1958 4194 2192 4276 patriarchiae,
2215 4196 2277 4260 hoo
2299 4203 2350 4260 est
2371 4197 2409 4262 in

394 4275 510 4341 beuter
532 4276 563 4341 ei
585 4275 776 4342 deferebant
795 4277 1093 4361 quamplurimum
1114 4284 1266 4362 poterant
1283 4283 1375 4343 auto-
1428 4277 1573 4344 eeclesiis
1594 4277 1836 4357 suburbicariis,
1858 4285 1897 4343 ut
1918 4299 2025 4344 canon
2042 4279 2160 4363 synodi
2180 4281 2335 4345 nicaenae
2357 4281 2409 4346 lo-

393 4361 510 4427 ritatis.
561 4361 690 4427 Verum
717 4362 752 4426 id
779 4370 887 4428 totum
914 4363 1000 4428 nihil
1022 4363 1112 4429 aliud
1133 4370 1222 4444 erat,
1249 4363 1315 4428 nisi
1336 4370 1375 4427 ut
1427 4363 1549 4446 quitur.
1583 4361 1795 4428 Ordinationi
1816 4384 1946 4428 annexa
1967 4373 2039 4430 erat
2058 4365 2212 4448 epistolae
2229 4362 2411 4447 synodicae

393 4447 508 4530 magni
540 4447 770 4513 aestimaretur
802 4449 872 4514 eius
898 4450 1098 4530 communio,
1132 4450 1172 4514 ab
1200 4470 1240 4514 ea
1264 4456 1375 4514 autem
1427 4449 1554 4528 missio,
1584 4448 1622 4513 in
1643 4470 1708 4533 qna
1732 4447 1836 4513 nihilo
1858 4452 2006 4531 superior
2026 4457 2096 4515 erat
2121 4449 2201 4513 aliis.
2247 4446 2410 4518 Solebant

393 4533 671 4600 excommunicari
687 4533 945 4618 ignominiosum
962 4533 1145 4601 duceretur.
1164 4537 1285 4601 Postea
1296 4535 1375 4598 mali
1427 4534 1634 4618 patriarchae
1651 4534 1762 4601 statim
1781 4543 1856 4617 post
1873 4556 1967 4601 suam
1984 4534 2259 4600 consecrationem
2277 4535 2409 4603 solenni

393 4624 429 4683 et
454 4617 596 4702 improbi
624 4619 767 4684 multum
793 4620 858 4702 ipsi
884 4641 1013 4704 quoque
1039 4620 1244 4687 addiderunt.
1287 4619 1376 4685 Nam
1411 4620 1550 4703 rscripto
1571 4621 1672 4687 fidem
1692 4641 1787 4685 auam
1804 4622 2005 4705 consignare,
2049 4641 2093 4684 uo
2113 4620 2352 4704 profitebantur
2368 4644 2408 4690 se

393 4708 433 4767 ut
463 4703 611 4788 legitima
637 4704 760 4771 indicia
787 4705 986 4791 effugerent,
1015 4706 1057 4771 ad
1092 4708 1155 4773 boc
1180 4706 1311 4792 asylum
1340 4727 1375 4772 se
1427 4706 1549 4772 sanetis
1566 4714 1601 4772 et
1621 4704 1812 4772 orthodoxis
1834 4707 1979 4772 conciliis
2000 4726 2040 4771 su
2062 4706 2212 4771 scribere.
2246 4707 2308 4785 Ita,
2330 4706 2407 4773 red·

395 4789 637 4889 conferebant..
665 4791 783 4891 Itaque
813 4792 842 4857 si
867 4793 941 4875 quis
967 4794 1141 4878 presbyter
1162 4814 1182 4857 a
1208 4791 1375 4892 suotepis-
1428 4791 1498 4856 dita
1518 4792 1597 4892 fidei
1618 4813 1698 4858 suae
1717 4792 1852 4869 ratione,
1864 4801 1990 4889 'mutio
2012 4812 2048 4856 se
2069 4791 2127 4890 alii
2148 4792 2222 4857 aliis
2244 4794 2408 4892 approba·

395 4891 571 5023 &ab
584 4877 1050 5047 {nimietati
1070 4898 1376 5029 §fueruit
1427 4879 1546 5029 ffb
1561 4876 2408 5049 Stffltttftftttitftffitttbtftu

396 5041 631 5124 appellationes
663 5047 794 5112 romani
824 5050 965 5132 episcopi
997 5049 1149 5134 cupidius
1181 5068 1281 5132 quam
1314 5069 1376 5132 par
1428 5050 1587 5132 superior,
1604 5047 1661 5114 sed
1678 5067 1781 5130 quum
1797 5049 1978 5133 oportuerit
1996 5071 2064 5114 non
2081 5050 2191 5116 minus
2210 5050 2289 5115 dare
2306 5070 2409 5133 quam

394 5134 468 5193 erat
488 5128 703 5210 recipiebant:
724 5133 810 5213 qnod
832 5134 1006 5200 videbatur
1027 5156 1098 5201 esse
1120 5135 1244 5219 species
1266 5142 1375 5199 extra-
1429 5134 1469 5200 ab
1498 5135 1571 5202 aliis
1596 5134 1745 5219 exigere,
1773 5142 1808 5200 et
1828 5135 1994 5200 communi
2022 5135 2091 5220 legi
2116 5157 2187 5201 esse
2212 5137 2408 5216 subiectum,

395 5212 581 5279 ordinariae
606 5219 793 5300 potestatis,
822 5241 857 5286 se
885 5221 983 5305 longe
1010 5221 1139 5305 lateque
1166 5222 1213 5286 ita
1234 5216 1375 5304 negotiis
1428 5227 1516 5286 certe
1543 5219 1705 5287 woietatis
1726 5222 1860 5305 signnm
1880 5218 1916 5285 id
1942 5222 2014 5300 fuit,
2037 5242 2106 5287 non
2134 5221 2278 5287 dominii.
2322 5222 2433 5288 Itius·

395 5299 613 5384 interponere.
659 5299 717 5368 Sic
738 5324 842 5386 quum
862 5307 1033 5392 Eutyches
1062 5330 1083 5374 a
1103 5306 1265 5373 Flaviano
1287 5304 1375 5371 Oon-
1428 5306 1477 5369 rei
1499 5305 1685 5389 exemplrnn
1707 5307 1850 5373 habetur
1870 5308 1905 5371 in
1928 5307 2066 5390 epistola
2082 5307 2235 5392 Gregorii
2252 5307 2295 5373 ad
2314 5307 2411 5373 Ana·

397 5509 601 5521 ———————

1497 5597 1527 5666 1)
1574 5595 1666 5651 ‘ura
1691 5596 1944 5652 ristocano.
2015 5594 2045 5662 f)
2070 5606 2098 5648 et
2123 5597 2203 5650 ultro.
2239 5596 2314 5650 Eud.
2340 5615 2416 5656 rece.

467 5657 495 5724 1)
512 5660 630 5747 Libra.
650 5664 728 5732 epist.
747 5662 788 5717 76.
858 5663 888 5732 2)
906 5665 993 5733 Epist.
1011 5663 1053 5718 69.
1072 5666 1132 5718 libr.
1152 5665 1176 5719 7.
1428 5666 1544 5721 mecm
1561 5671 1587 5721 ct
1608 5615 1818 5721 Tbeluchionac.
