5600 6809
414 765 476 828 257
770 761 861 827 ΙιΙΒ.
883 760 930 827 Π.
973 762 1038 828 DE
1052 761 1349 829 ,COGNITIONE
1371 762 1456 829 DEI
1476 762 1822 829 REDEMPTORIS.
1867 762 1968 830 OAP.
1989 764 2070 828 VII.
2363 769 2429 830 258

412 950 501 1016 dicat
525 951 598 1014 fieri
624 971 690 1014 non
716 970 811 1032 posse
837 947 923 1031 quod
951 970 1020 1013 non
1041 949 1189 1014 futurum
1211 951 1392 1034 scripturae
1446 953 1670 1035 concupisces3
1698 951 1789 1033 quia,
1811 951 1875 1015 nisi
1896 951 2066 1032 perillam
2088 960 2258 1037 retegatur
2279 975 2320 1017 ex
2342 954 2426 1018 late-

410 1037 637 1122 pronuntiant.
682 1035 810 1098 Verum
837 1036 864 1098 si
892 1034 932 1099 de
958 1035 1059 1099 verbo
1092 1035 1294 1119 disputatur,
1323 1037 1392 1100 Do-
1445 1038 1513 1102 bris
1535 1039 1617 1114 suis,
1642 1037 1799 1102 occultius
1820 1037 1978 1100 miserum
2000 1036 2167 1102 hominem
2188 1040 2297 1121 perdit
2325 1061 2425 1122 quam

410 1124 522 1187 minus
541 1119 732 1208 rogantibus
755 1119 933 1202 discipulis,
957 1120 1029 1202 quis
1055 1123 1158 1203 possit
1178 1122 1289 1186 salvus
1311 1143 1390 1200 csse,
1445 1122 1479 1186 id
1501 1123 1631 1187 exitiale
1653 1124 1723 1187 eius
1744 1122 1847 1186 telum
1869 1121 2038 1186 sentiatur.

410 1207 588 1292 respondet
609 1205 745 1292 (Matth.
768 1210 816 1283 19,
836 1205 901 1289 25),
927 1205 1014 1289 apud
1036 1206 1187 1272 homines
1209 1206 1242 1271 id
1260 1207 1391 1290 quidem
1462 1270 1468 1289 ,
1531 1212 1559 1272 7.
1604 1209 1657 1272 Ita
1679 1207 1733 1272 lex
1753 1209 1860 1273 instar
1880 1213 1932 1271 est
1952 1207 2075 1289 speculi
2096 1208 2279 1288 cuiusdam,
2302 1211 2339 1274 iu
2359 1231 2425 1294 quo

409 1291 618 1378 impossibile,
641 1291 729 1374 apud
745 1292 855 1356 Deum
872 1312 950 1356 vero
972 1293 1083 1356 omnia
1098 1292 1272 1374 pbssibilia.
1296 1294 1391 1357 Vali-
1444 1302 1589 1358 nostram
1611 1294 1854 1376 impotentiam,
1877 1299 1949 1356 tum
1973 1314 2015 1357 ex
2038 1293 2099 1358 hac
2120 1294 2340 1376 iniquitatem,
2365 1318 2424 1379 po·

409 1379 546 1445 dissima
579 1379 678 1442 etiam
709 1378 835 1442 ratione
867 1376 901 1441 id
935 1377 1102 1442 contendit
1134 1379 1349 1462 Augustinus,
1365 1379 1389 1461 ¹)
1443 1386 1565 1444 stremo
1602 1401 1644 1444 ex
1677 1386 1815 1460 utraque
1852 1376 2114 1443 maledictionem
2147 1382 2422 1463 contemplamur;

289 1530 295 1543 ,
408 1486 581 1548 uunquam
606 1464 643 1527 in
671 1463 733 1528 hac
756 1484 853 1528 carne
875 1462 1012 1528 reddere
1033 1485 1092 1528 nos
1114 1484 1212 1545 quem
1234 1463 1389 1529 debemus
1442 1463 1717 1546 quemadmodum
1743 1463 1809 1528 oris
1834 1464 1939 1528 nostri
1967 1464 2112 1529 macinas
2136 1466 2306 1547 speculum
2327 1469 2422 1532 nobis

408 1550 596 1636 legitimum
615 1548 689 1613 Dco
707 1570 860 1613 amorem.
894 1550 1006 1627 Amor,
1028 1549 1142 1630 inquit,
1172 1551 1324 1614 notitiam
1341 1551 1389 1615 ita
1442 1556 1678 1632 repraesentat.
1720 1546 1829 1629 Quem
1856 1549 1944 1613 enim
1972 1549 2014 1612 ad
2043 1550 2242 1632 sequendam
2263 1553 2423 1617 iustitiam

407 1637 565 1720 sequitur,
588 1642 625 1698 ut
646 1635 756 1699 Deum
778 1655 889 1699 amare
911 1656 1008 1699 nemo
1029 1635 1171 1716 perfecte
1192 1636 1303 1718 possit,
1332 1638 1388 1718 qui
1441 1635 1589 1701 destituit
1620 1635 1774 1712 facultas,
1808 1634 1863 1700 hic
1894 1637 1929 1698 in
1956 1635 2025 1699 luto
2051 1645 2259 1718 peccatorum
2287 1638 2424 1703 haereat

407 1743 474 1789 non
496 1722 661 1807 cognitam
688 1720 779 1803 prius
807 1719 849 1785 ad
875 1720 1009 1803 plenum
1030 1721 1182 1785 habuerit
1203 1721 1273 1786 eius
1295 1721 1387 1786 boni-
1440 1719 1568 1786 defixus
1595 1741 1728 1786 necesse
1756 1727 1813 1784 est.
1858 1721 2035 1785 Peccatum
2060 1722 2214 1787 continuo
2236 1724 2421 1790 maledictio

408 1814 520 1874 tatem
564 1806 647 1884 Nos,
678 1805 757 1870 dum
780 1807 815 1870 in
837 1806 960 1870 mundo
982 1808 1247 1889 peregrinamur,
1282 1809 1386 1872 cerni·
1439 1809 1594 1889 sequitur.
1638 1805 1734 1884 Ideo,
1762 1826 1825 1888 quo
1854 1807 1987 1870 maioris
2013 1810 2283 1891 transgressionis
2305 1809 2421 1892 depre-

407 1915 482 1960 mus
514 1914 573 1977 per
599 1892 768 1975 speculum
798 1900 830 1956 et
849 1891 885 1955 in
907 1893 1105 1975 aenigmate,
1139 1894 1287 1974 sequitur
1308 1914 1386 1976 ergo
1439 1893 1561 1958 hensos
1589 1892 1818 1973 convictosque
1845 1892 1900 1956 lex
1924 1899 2028 1971 tenet,
2063 1915 2100 1957 eo
2128 1895 2290 1976 gravioris
2318 1897 2417 1963 simul

401 1980 634 2064 'imperfectum
653 1998 724 2043 esse
746 1984 895 2042 nostrum
917 1999 1069 2044 amorem.
1115 1976 1170 2043 Sit
1192 2000 1269 2061 ergo
1291 1988 1386 2043 extra
1438 1978 1635 2044 iudiciireos
1649 1979 1726 2060 agit.
1756 1977 1832 2043 Huc
1850 1977 1991 2059 pertinet
2008 1980 2143 2060 apostoli
2162 1979 2286 2045 dictum
2304 1981 2415 2067 (Rom.

406 2064 675 2141 controversiam,
704 2063 902 2146 impossibile
931 2084 1001 2127 esse
1029 2063 1065 2126 in
1091 2064 1153 2128 hac
1178 2085 1276 2128 carne
1302 2065 1384 2148 legis
1440 2068 1473 2143 3,
1493 2065 1564 2147 20),
1593 2063 1679 2147 quod
1707 2084 1766 2145 per
1792 2064 1900 2146 legem
1928 2072 1979 2128 est
2000 2066 2140 2147 cognitio
2161 2067 2295 2147 peccati.
2340 2068 2417 2135 Bri·

405 2151 670 2235 implementum,
700 2149 728 2213 si
755 2155 893 2213 naturae
919 2156 1050 2214 nostrae
1077 2150 1304 2232 impotentiam
1332 2152 1383 2214 in·
1436 2172 1529 2215 mum
1550 2151 1639 2215 enim
1660 2149 1731 2213 eius
1753 2150 1896 2214 officium
1916 2148 1983 2213 illic
2004 2155 2133 2214 tantum
2154 2159 2262 2230 notat,
2285 2153 2377 2219 cuius
2389 2156 2416 2241 ¹)

404 2244 546 2315 tuemur,
565 2232 840 2318 quemadmodum
859 2241 892 2298 et
910 2256 953 2299 ex
963 2234 1068 2298 Paulo
1086 2235 1163 2300 alibi
1181 2235 1292 2319 (Rom.
1305 2241 1334 2314 8,
1349 2235 1383 2320 3)
1436 2237 1697 2317 experimentum
1723 2242 1773 2298 cst
1798 2235 1833 2298 in
1861 2232 2084 2318 peccatoribus
2112 2236 2258 2300 nondum
2279 2259 2415 2321 regene-

404 2323 513 2389 adhuc
535 2318 732 2387 ostendetur.
1435 2323 1524 2385 ratis.
1569 2321 1659 2386 Huic
1686 2322 1860 2386 coniuncta
1888 2327 1966 2386 sunt
1990 2321 2072 2398 ista,
2106 2321 2213 2405 legem
2240 2345 2311 2388 esse
2338 2325 2414 2390 sub·

489 2411 518 2472 6.
563 2403 631 2472 Sed
659 2427 722 2488 quo
748 2411 817 2470 tota
843 2427 896 2470 res
923 2405 1040 2482 melius
1061 2407 1210 2488 patefiat,
1239 2408 1382 2473 officium
1434 2408 1618 2491 ingressam
1647 2413 1684 2468 ut
1712 2406 1895 2471 abundaret
1922 2416 2090 2488 peccatum
2113 2407 2203 2490 (ibid.
2225 2415 2260 2488 5,
2281 2410 2352 2495 20),
2376 2433 2415 2478 ac

401 2492 563 2576 usumque
584 2492 683 2575 legis,
710 2512 805 2571 qaam
826 2492 1117 2571 nonannoeane,
1143 2493 1307 2558 succincto
1330 2515 1382 2557 or·
1434 2493 1571 2577 proinde
1603 2514 1674 2557 esse
1702 2491 2021 2556 administrationem
2047 2492 2177 2570 mortis,
2214 2515 2297 2576 quae
2330 2498 2416 2562 iram

401 2578 478 2645 dine
496 2577 732 2661 recolligamus.
761 2576 867 2641 Porro
887 2577 994 2641 tribus
1010 2577 1083 2642 istis
1101 2578 1257 2660 partibus,
1276 2600 1382 2661 quan·
1434 2585 1587 2661 operetur
1613 2585 1647 2644 et
1674 2578 1804 2643 occidat·
1820 2576 1854 2660 (2
1874 2577 1948 2643 Cor.
1969 2581 2003 2656 3,
2024 2580 2057 2656 7;
2079 2579 2176 2642 Rom.
2195 2583 2231 2659 4,
2255 2580 2318 2665 15).
2363 2583 2415 2649 Eo

400 2672 473 2732 tnm
493 2663 651 2746 intelligo,
675 2662 868 2728 continetur.
909 2663 1024 2727 Prima
1045 2670 1103 2741 cst,
1127 2671 1165 2728 ut
1186 2662 1265 2728 dum
1287 2665 1381 2730 iusti·
1434 2666 1522 2730 enim
1544 2665 1650 2748 magis
1671 2662 1761 2728 haud
1784 2662 1881 2729 dubie
1904 2665 2020 2729 crescit
2040 2665 2212 2747 iniquitas,
2231 2687 2294 2748 quo
2315 2667 2414 2750 liqui-

400 2753 481 2817 tiam
503 2750 568 2816 Dei
595 2746 753 2826 ostendit,
786 2747 821 2812 id
849 2754 911 2826 est,
945 2769 1029 2830 quae
1057 2749 1127 2814 sola
1148 2750 1221 2814 Deo
1248 2756 1382 2833 accepta
1434 2751 1523 2815 dicre
1549 2751 1675 2833 peccati
1704 2749 1922 2834 intelligentia
1949 2750 2148 2815 conscientia
2168 2751 2298 2831 feritur;
2326 2755 2415 2836 quod

400 2843 469 2917 est,
509 2856 588 2901 snae
625 2854 890 2915 unumquemque
928 2834 1108 2899 iniustitiae
1123 2834 1152 2919 ²)
1195 2834 1378 2915 admoneat,
1434 2837 1476 2901 ad
1493 2836 1804 2919 praevaricationem
1826 2843 1905 2900 tunc
1923 2835 2080 2900 adversus
2096 2836 2317 2920 legislatorem
2336 2862 2415 2905 con·

399 2922 572 2991 certiorem
598 2920 710 2999 faciat,
741 2919 913 2984 convincat
940 2919 1080 3003 denique
1108 2941 1145 2984 ac
1175 2921 1377 2986 condemnet
1433 2923 1576 2986 tumacia
1596 2920 1728 2986 accedit.
1773 2922 1892 2985 Restat
1912 2921 2014 3004 igitur
2034 2928 2072 2984 nt
2090 2922 2175 2986 iram
2196 2924 2261 2988 Dei
2282 2925 2317 2988 in
2339 2947 2414 3007 pec·

399 3005 457 3076 Sic
484 3008 574 3074 enim
601 3026 683 3089 opus
710 3012 773 3082 est,
808 3026 941 3070 caecum
974 3012 1007 3069 et
1034 3006 1161 3070 ebrium
1188 3027 1299 3071 amore
1329 3009 1379 3072 sui
1433 3007 1552 3075 catoris
1585 3007 1722 3072 exitium
1755 3014 1879 3084 armet;
1919 3007 1995 3089 quia
2032 3007 2117 3070 nihil
2150 3028 2209 3089 per
2241 3031 2275 3074 se
2308 3018 2415 3092 potest

399 3093 567 3161 bominem
599 3091 642 3157 ad
673 3091 824 3155 notitiam
852 3091 950 3156 simul
978 3098 1012 3155 et
1038 3093 1274 3157 confessionem
1301 3114 1379 3158 suae
1432 3116 1531 3176 quam
1558 3113 1727 3172 accusare,
1756 3092 1912 3157 damnare
1940 3099 1974 3157 et
1993 3091 2138 3173 perdere.
2183 3094 2230 3157 Et
2257 3097 2414 3176 quemad-

399 3185 472 3246 tnm
503 3177 737 3244 imbecillitatis
776 3185 847 3240 tum
878 3178 1078 3259 impuritatis
1111 3177 1214 3262 adigi3
1254 3180 1379 3260 qnando
1433 3178 1569 3244 modum
1608 3179 1722 3245 scribit
1754 3177 2015 3262 Augustinus:²)
2054 3178 2082 3242 si
2116 3176 2200 3242 desit
2209 3179 2238 3264 ⁸)
2277 3182 2412 3262 spiritus

400 3267 465 3333 nisi
484 3265 614 3332 vanitas
644 3263 713 3328 eius
736 3261 905 3329 evidenter
926 3262 1158 3346 redarguatur,
1186 3265 1303 3329 insana
1329 3267 1379 3331 vi-
1433 3267 1567 3348 gratiae,
1589 3266 1626 3328 in
1648 3264 1711 3331 hoc
1733 3272 1862 3329 tantum
1885 3264 1977 3329 admt
2001 3271 2038 3328 ut
2059 3284 2131 3327 reos
2153 3264 2252 3329 faciat
2274 3274 2307 3330 et
2328 3270 2412 3332 occi-

399 3352 489 3419 rinm
518 3370 653 3417 suarum
684 3348 880 3413 confidentia
907 3349 1042 3414 inflatus
1070 3357 1136 3429 est,
1170 3372 1230 3416 nec
1261 3349 1379 3417 adduci
1432 3350 1496 3415 dat
1524 3351 1564 3416 Id
1586 3358 1697 3416 autem
1719 3372 1822 3433 quum
1839 3349 1967 3430 dicitur,
1989 3371 2051 3415 nec
2072 3350 2253 3434 ignominia
2270 3351 2414 3419 afficitur

337 3486 340 3491 -
400 3442 544 3521 unquam
567 3442 677 3519 potest
697 3441 735 3500 ut
756 3435 795 3500 de
814 3456 928 3500 earum
946 3435 1106 3500 tenuitate
1123 3437 1253 3516 sentiat,
1275 3458 1378 3518 quan·
1431 3437 1495 3516 lex,
1516 3459 1576 3504 nec
1599 3437 1668 3502 eins
1689 3437 1821 3519 quidem
1843 3437 2054 3502 excellentiae
2075 3434 2253 3518 quidquam
2275 3436 2412 3522 deroga·

398 3525 501 3607 tisper
528 3543 585 3588 eas
606 3521 733 3587 arbitrii
766 3521 816 3585 sui
851 3520 948 3585 modo
975 3521 1118 3586 metitur.
1167 3523 1271 3605 Atqui
1279 3524 1308 3608 ⁸)
1336 3524 1379 3587 si·
1431 3531 1495 3588 tur.
1541 3522 1630 3589 Sane
1652 3523 1680 3587 si
1701 3523 1854 3588 voluntas
1875 3530 1990 3587 nostra
2017 3527 2086 3585 tota
2112 3521 2149 3584 in
2171 3522 2240 3587 eius
2260 3521 2412 3589 obedien·

400 3609 515 3675 mulae.
547 3629 602 3674 eas
635 3628 824 3691 comparare
852 3604 894 3672 ad
927 3606 1009 3690 legis
1045 3606 1273 3675 difficultatem
1307 3629 1379 3674 coe-
1431 3610 1511 3674 tiam
1533 3610 1674 3674 formata
1695 3608 1939 3692 compositaque
1960 3609 2057 3686 foret,
2085 3606 2182 3689 plane
2209 3607 2276 3672 iam
2298 3610 2340 3674 ad
2360 3632 2413 3676 sa·

399 3695 464 3780 pit,
498 3693 599 3759 habet
629 3693 696 3758 illic
728 3692 815 3775 qnod
840 3692 995 3758 ferociam
1021 3694 1158 3760 minuat.
1203 3694 1378 3777 Utcunque
1430 3694 1533 3760 lutem
1550 3697 1715 3760 sufficeret
1733 3695 1804 3759 sola
1820 3695 1923 3777 ipsius
1941 3693 2097 3776 cogniti0;
2121 3700 2156 3757 at
2172 3714 2274 3776 quum
2292 3702 2415 3762 natura

399 3782 489 3848 enim
507 3781 676 3865 ingentem
694 3778 735 3843 de
752 3779 791 3843 iis
809 3779 996 3861 opinionem
1012 3782 1277 3863 praesumpserit,
1300 3803 1378 3845 mox
1430 3789 1544 3846 nostra
1572 3781 1712 3846 carnalis
1734 3787 1768 3844 et
1790 3786 1944 3863 corrupta
1971 3800 2047 3845 cum
2068 3778 2231 3861 spirituali
2252 3781 2319 3846 Dei
2339 3781 2414 3867 lege

399 3873 514 3933 amen
530 3888 586 3931 eas
603 3865 664 3931 sub
683 3871 775 3929 tanto
792 3864 935 3947 pondere
953 3865 1109 3930 anhelare
1127 3867 1237 3945 sentit,
1262 3866 1378 3932 deinde
1430 3867 1593 3932 hostiliter
1608 3872 1742 3950 pugnet,
1755 3887 1816 3931 nec
1833 3866 1903 3930 eius
1921 3864 2092 3947 disciplina
2108 3863 2284 3948 quidquam
2302 3889 2414 3933 emen·

400 3953 542 4018 titubare
574 3973 612 4018 ac
638 3951 816 4029 labascere,
850 3949 984 4015 tandem
1016 3951 1185 4018 concidere
1213 3955 1313 4018 etiam
1340 3975 1378 4019 ac
1430 3953 1535 4032 detur,
1559 3959 1708 4034 superest
1729 3958 1767 4016 ut
1787 3951 1842 4015 lex
1860 3972 1944 4033 quae
1965 3953 2002 4015 in
2025 3951 2165 4015 salutem
2188 3951 2231 4036 (si
2249 3953 2415 4022 auditores

399 4037 546 4104 deficere.
592 4036 649 4103 Sic
672 4036 754 4120 legis
775 4037 963 4120 magisterio
986 4037 1151 4114 eruditus,
1175 4040 1267 4103 exuit
1286 4039 1379 4104 illam
1430 4037 1562 4104 idoneos
1583 4043 1680 4103 nacta
1696 4035 1826 4121 fuisset)
1849 4036 1926 4101 data
1943 4043 2023 4115 erat,
2047 4036 2083 4101 in
2101 4037 2225 4118 peccati
2247 4046 2280 4103 et
2298 4042 2413 4106 mortis

397 4145 463 4209 qua
484 4125 575 4208 prins
596 4123 796 4189 caecutiebat
816 4124 1045 4206 arrogantiam.
1085 4122 1245 4189 Similiter
1266 4124 1377 4202 altero,
1431 4126 1632 4189 occasionem
1665 4123 1767 4187 cedat
1777 4123 1807 4208 ⁴)
1858 4120 2130 4204 Quandoquidem
2170 4121 2260 4187 enim
2298 4145 2412 4192 omnes

397 4230 460 4294 qno
489 4210 600 4294 ipsum
632 4209 780 4274 laborare
814 4207 938 4274 dictum
965 4216 1031 4288 est,
1063 4210 1234 4291 superbiae
1265 4211 1378 4275 morbo
1431 4212 1501 4276 eius
1523 4217 1783 4293 transgressores
1812 4229 1883 4273 esse
1905 4208 2145 4286 convincimur,
2169 4230 2233 4290 quo
2253 4210 2412 4275 iustitiam

397 4295 565 4363 sanandus
584 4301 642 4360 est
688 4292 854 4375 Quamdiu
881 4292 999 4359 iudicio
1027 4315 1086 4359 suo
1108 4304 1196 4360 stare
1217 4297 1378 4378 permitti·
1431 4296 1495 4362 Dei
1506 4295 1627 4361 clarius
1646 4301 1779 4372 reserat,
1789 4291 1819 4379 ⁵)
1842 4315 1880 4360 eo
1901 4303 2048 4360 nostram
2070 4316 2111 4359 ex
2135 4293 2271 4358 adverso
2292 4294 2412 4374 iniqui-

397 4381 675 4467 tur‚'hypocrisin
695 4379 953 4446 comminiscitur
974 4401 1033 4464 pro
1055 4381 1192 4461 iustitia3
1215 4403 1280 4464 qua
1301 4401 1378 4446 con·
1430 4390 1534 4448 tatem
1554 4380 1661 4466 magis
1683 4380 1821 4464 detegit3
1842 4402 1906 4463 quo
1927 4382 2014 4446 vitae
2032 4380 2208 4460 salutisque
2230 4379 2413 4459 praemium

397 4473 510 4535 tentus
538 4467 671 4537 factitiis
699 4467 808 4531 nescio
835 4466 952 4547 quibus
980 4466 1113 4531 iustitiis
1136 4467 1293 4533 adversus
1314 4468 1378 4533 Dei
1431 4469 1574 4534 iustitiae
1603 4467 1783 4552 repositum
1811 4468 1931 4533 certius
1959 4467 2144 4540 confirmat,
2175 4484 2212 4527 co
2238 4462 2413 4531 certiorem

397 4553 706 4640 gratiamerigitur.
751 4552 932 4634 Postquam
951 4574 1030 4617 vero
1052 4552 1093 4616 ad
1116 4552 1198 4636 legis
1218 4555 1378 4618 trutinam
1431 4554 1619 4637 iniquorum
1639 4554 1799 4618 inanum
1820 4552 1935 4618 reddit.
1965 4554 2107 4617 Tantum
2129 4569 2206 4631 crgo
2224 4545 2317 4612 abest
2333 4552 2410 4632 quin

397 4640 588 4706 examinare
609 4640 711 4704 vitam
729 4659 824 4703 suam
841 4637 978 4721 cogitur,
1001 4639 1122 4703 omissa
1139 4639 1379 4704 commentitiae
1431 4641 1497 4724 legi
1520 4639 1752 4706 eontumdiosa
1773 4640 1840 4704 sint
1858 4641 1922 4704 ista
1943 4638 2056 4720 elogia,
2079 4641 2116 4696 ut
2135 4631 2178 4695 ad
2197 4632 2413 4703 illustriorem

396 4725 487 4791 illius
504 4725 647 4790 iustitiae
664 4725 938 4807 praesumptione,
961 4725 1120 4790 immenso
1141 4727 1247 4807 spatio
1264 4748 1300 4790 sc
1322 4727 1378 4791 ab·
1431 4726 1562 4793 divinae
1578 4726 1812 4791 beneficentiae
1830 4722 2146 4791 commendationem
2163 4719 2343 4800 plurimum
2354 4745 2412 4788 va·

398 4832 472 4878 esee
503 4832 523 4875 a
553 4811 726 4876 sanctitate
753 4811 872 4890 cernit3
906 4832 1019 4876 rursus
1051 4811 1192 4877 infinitis
1224 4812 1313 4877 vitiis
1344 4834 1379 4877 se
1431 4812 1529 4878 leant
1574 4813 1661 4877 Nam
1682 4810 1758 4876 inde
1779 4812 1923 4893 profecto
1945 4815 2048 4890 patet,
2077 4812 2190 4868 nostra
2211 4808 2357 4888 nequitia
2379 4817 2413 4875 et

395 4896 579 4976 abundas,
603 4896 720 4979 quibus
742 4918 844 4978 purus
867 4904 965 4961 antea
985 4895 1167 4962 videbatur.
1200 4898 1282 4963 'Pam
1304 4920 1379 4981 pro·
1431 4900 1595 4982 pravitate
1623 4919 1684 4963 nos
1712 4896 1864 4980 impediri
1891 4893 2063 4976 quominus
2091 4890 2179 4956 vitae
2207 4892 2411 4962 beatitudine

397 4982 511 5049 fundis
549 4983 637 5048 euim
670 5002 708 5047 ac
741 4982 882 5048 sinuosis
915 4981 1095 5048 recessibus
1134 4983 1379 5050 absconduntur
1430 5008 1490 5068 per
1509 4985 1617 5068 legem
1638 4986 1673 5048 in
1694 4981 1867 5067 propatulo
1889 4979 1996 5063 posita
2018 4977 2174 5042 fruamur.
2215 4978 2312 5045 Unde
2335 5003 2411 5047 sua-

397 5069 682 5152 concupiscentiae
709 5067 811 5146 mala,
845 5076 883 5132 ut
909 5069 1052 5133 hominis
1092 5078 1258 5152 aspectum
1285 5071 1379 5137 facile
1431 5073 1503 5138 vior
1524 5069 1681 5147 redditur,
1705 5088 1787 5152 qnae
1809 5067 1880 5131 sine
1901 5063 1983 5146 legis
2005 5062 2149 5129 subsidio
2167 5065 2261 5130 nobis
2279 5088 2413 5133 succur-

396 5154 525 5221 fallant
568 5154 639 5220 Nec
661 5155 730 5219 eine
751 5175 849 5220 causa
871 5153 950 5219 dicit
971 5155 1134 5238 apostolus
1153 5155 1264 5239 (Rom.
1285 5161 1314 5237 7,
1334 5156 1378 5242 7),
1432 5159 1476 5223 rit
1497 5159 1561 5222 Dei
1583 5157 1704 5240 gratia3
1733 5164 1766 5218 et
1787 5149 1970 5228 amabilior,
2001 5149 2196 5231 quae-illam
2219 5151 2312 5217 nobis
2334 5173 2410 5217 cou-

397 5261 438 5308 ae
464 5232 760 5325 concupiscentiain
788 5240 957 5324 ignorasse
984 5241 1049 5305 nisi
1070 5241 1125 5306 lex
1148 5242 1282 5309 diceret:
1312 5266 1379 5309 non
1431 5244 1510 5322 fert,
1543 5240 1779 5318 misericordia,
1817 5255 1882 5318 qua
1914 5235 2069 5301 discimus
2101 5237 2280 5302 identidem
2312 5238 2411 5303 bene-

1504 5480 1532 5547 1)
1553 5479 1627 5533 Edd.
1645 5493 1710 5531 rece.
1728 5477 1813 5530 neck:
1831 5476 1889 5529 eius
1908 5474 1990 5543 (1607
2047 5479 2095 5547 q).
2137 5475 2167 5537 2)
2185 5475 2225 5527 De
2243 5479 2360 5543 corrept.
2380 5482 2410 5529 et

471 5547 500 5616 1)
522 5549 563 5602 De
586 5549 732 5618 apiritnet
753 5549 874 5602 literae.
893 5543 927 5598 36
950 5554 978 5599 et
1001 5560 1083 5613 saepe
1105 5546 1179 5599 alias.
1249 5547 1279 5614 2)
1303 5548 1378 5602 Edd.
1481 5551 1521 5601 tia
1537 5566 1559 5602 c
1579 5549 1603 5600 1.
1691 5544 1721 5610 3)
1741 5544 1815 5600 Ena
1832 5562 1898 5600 rece.
1916 5547 1999 5601 ende:
2050 5541 2187 5666 (11851607
2204 5543 2411 5680 Ξῖᾳρέᾱάοηὲ)

394 5619 566 5675 'amnem
582 5619 667 5672 anab:
684 5618 804 5671 institiae
821 5614 904 5684 (1607
922 5614 1014 5685 seqq).
1090 5612 1120 5682 3)
1140 5613 1213 5669 Ede.
1232 5617 1380 5671 nonnullae
1461 5618 1506 5670 ide
1522 5617 1620 5670 Ambr.
1638 5630 1661 5667 c.
1681 5614 1704 5669 L
1723 5615 1757 5669 de
1773 5614 1826 5670 Iac.
1846 5622 1875 5668 et
1892 5616 1951 5670 vita
1969 5617 2051 5668 besta
2067 5630 2090 5666 c.

393 5686 522 5757 adeoque
538 5688 616 5755 rpem
634 5687 820 5741 authenticae:
837 5684 950 5754 At'qui.
1432 5686 1534 5738 reserat
1550 5685 1592 5737 vel
1610 5685 1703 5738 refert
2047 5732 2049 5737 ,

506 5770 618 5828 want
629 5787 721 5841 open.
761 5772 819 5828 Vol.
836 5769 881 5827 11.
2171 5766 2204 5818 11
