5600 6809
300 729 304 736 '
397 754 458 816 251
840 727 845 744 '
1046 739 1313 811 msnlnurlo
1333 743 1438 809 aab.
1462 740 1643 809 oflnlsn.
1667 746 1758 807 1559.
1858 784 1861 798 .
2346 747 2413 809 252

393 939 521 1022 piorum
542 957 603 1002 nou
631 933 710 999 alibi
736 951 877 1013 uuquam
902 933 1004 1015 fuisse
1024 931 1191 1011 repositam
1218 952 1313 1012 qnam
1340 933 1376 995 in
1428 931 1504 1014 lepis
1526 930 1636 1015 (Rom.
1660 935 1707 1008 10,
1726 931 1778 1014 4),
1794 923 1895 1011 ‘quam
1917 936 2018 996 nmen
2038 952 2146 997 aarum
2166 934 2207 996 sit
2229 952 2267 998 ac
2283 938 2413 1013 udum,

398 1022 529 1090 Christo.
575 1020 745 1085 Sucoinunt
765 1021 860 1085 etiam
882 1019 942 1084 alii
963 1037 1068 1082 omnes
1084 1016 1260 1099 prophetae,
1281 1018 1375 1082 sicuti
1428 1038 1467 1081 ar
1487 1016 1551 1098 lepe
1572 1018 1645 1098 ipsa
1667 1016 1873 1097 etpuopbetis
1900 1017 2018 1098 lrpuido
2040 1022 2134 1100 patet.
2178 1016 2229 1083 De
2248 1017 2312 1098 fide
2333 1039 2413 1084 nori·

396 1110 483 1191 apud
509 1107 621 1173 Oseam
643 1104 821 1187 dicitur(l,
844 1102 1376 1189 11):eonprepabunturtttii1uda
1428 1103 1503 1166 dnm
1524 1104 1658 1180 dissero,
1686 1103 1762 1183 quia
1790 1102 1868 1166 alibi
1895 1105 2099 1184 opportunior
2120 1104 2181 1168 erit
2201 1104 2293 1168 loom.
2339 1104 2413 1172 Hoc

397 1195 512 1276 ancti
541 1192 645 1257 Israel
667 1191 805 1272 pan'ter,
845 1196 873 1254 et
899 1194 1014 1270 parient
1046 1189 1108 1252 sibi
1141 1194 1235 1268 caput
1267 1209 1374 1252 unum.
1427 1189 1516 1252 moda
1541 1189 1642 1268 furum
1675 1188 1837 1253 ledmibus
1869 1195 2009 1254 manual:
2035 1189 2166 1269 pmruus
2194 1189 2236 1253 ad
2256 1191 2411 1272 pietatem

401 1281 488 1362 Quoad
504 1284 613 1360 postea
639 1278 683 1363 (3,
709 1277 743 1361 5)
772 1277 891 1341 clarius
920 1274 1068 1355 applicat:
1099 1279 1286 1339 reeertentnr
1312 1274 1375 1356 filii
1425 1273 1548 1356 pradus
1568 1275 1619 1352 sit,
1643 1293 1804 1355 apnoscere
1814 1272 1919 1338 Deum
1940 1295 2004 1339 esse
2025 1275 2113 1339 uobis
2128 1280 2271 1354 patron,
2294 1281 2328 1339 nt
2350 1296 2412 1342 uas

398 1366 511 1444 Israel,
535 1370 563 1429 et
583 1366 740 1445 inquirent
762 1361 907 1426 Idiouam
929 1360 1034 1424 Deum
1054 1380 1147 1424 suum
1168 1365 1196 1424 et
1217 1359 1375 1425 Davidem
1427 1364 1559 1436 tueatur,
1580 1358 1727 1440 preberent
1746 1379 1783 1423 ac
1804 1360 1913 1438 toneat,
1936 1361 2029 1425 donec
2050 1361 2175 1443 collipat
2192 1362 2227 1424 in
2247 1367 2412 1428 adernam

397 1473 498 1534 repom
519 1470 621 1514 snum.
666 1447 828 1512 Michaeas
849 1447 952 1523 etiam,
974 1446 1012 1510 dc
1027 1446 1140 1527 populi
1160 1445 1264 1510 reditu
1284 1446 1375 1510 uerba
1427 1444 1644 1509 munnam
1661 1445 1749 1527 repui
1768 1446 1838 1523 sui,-
1865 1445 1936 1509 binc
1956 1447 2070 1527 palam
2094 1446 2167 1525 fieri
2195 1448 2277 1528 quod
2305 1467 2418 1530 nuper-

396 1539 531 1620 faciens,
561 1537 673 1600 diserte
701 1533 849 1614 exprimit
876 1533 1016 1616 (2,13).·
1048 1531 1194 1596 transibit
1219 1552 1276 1597 ren
1305 1535 1376 1595 ante
1427 1531 1583 1608 diximus,
1616 1530 1791 1611 salvificam
1819 1531 1883 1595 Dei
1916 1532 2115 1614 caproitiouem
2140 1531 2254 1613 absque
2283 1531 2413 1600 Gltrista

397 1626 482 1704 ipsos
502 1628 529 1686 et
551 1619 685 1684 Iebonab
707 1620 742 1682 in
764 1618 863 1700 capite
890 1639 1004 1682 eorum.
1050 1616 1105 1682 Sic
1131 1618 1231 1682 Anias
1253 1616 1297 1702 (9,
1320 1616 1374 1700 ll)
1427 1636 1490 1680 non
1510 1617 1667 1695 constare}
1687 1617 1813 1697 ideoque
1835 1617 1874 1682 ab
1895 1617 2020 1682 acordio
2040 1618 2151 1682 mundi
2172 1618 2279 1699 ipsum
2305 1620 2413 1701 fuisse

392 1709 508 1792 populi
537 1705 762 1770 renovationem
783 1704 964 1785 promittere
992 1703 1112 1768 nolens:
1144 1703 1305 1782 suscitabo,
1327 1703 1376 1766 in·
1422 1702 1619 1783 propositum
1640 1702 1782 1766 annuas
1802 1703 1904 1768 electis
1924 1705 1960 1767 in
1981 1724 2071 1785 quem
2091 1705 2289 1784 respicerent,
2322 1710 2352 1770 et
2374 1706 2414 1770 iu

398 1795 479 1875 quit,
502 1795 537 1857 in
559 1792 608 1856 die
635 1790 693 1854 illa
713 1789 945 1854 tabernaculum
966 1788 1077 1854 Dauid
1103 1789 1184 1869 quod
1203 1788 1374 1868 collapsum
1427 1807 1487 1867 quo
1508 1789 1710 1868 acquiesceret
1731 1808 1838 1853 eorum
1856 1790 1983 1870 fiducia.
2018 1789 2085 1854 Hoc
2105 1809 2198 1854 semu
2215 1790 2326 1855 scribit
2339 1789 2412 1856 Ire-

398 1884 454 1958 est,
476 1883 503 1943 et
524 1879 644 1958 sepiam
670 1875 922 1955 interruptiones,
950 1879 977 1937 et
1004 1874 1216 1974 subversiones
1241 1877 1375 1971 eripam5
1427 1893 1525 1970 naeus
1542 1879 1674 1954 patrem,
1697 1875 1752 1953 qui
1774 1876 1944 1940 immensus
1965 1879 2018 1953 est,
2041 1876 2075 1939 in
2095 1875 2164 1955 filio
2185 1897 2251 1974 esse
2265 1875 2412 1957 finanum,

397 1982 754 2129 burdella
771 1960 1376 2129 litttttlttttlltibtl
1427 1960 1620 2109 dudd
1636 1960 2302 2130 ildubldwll'm‘bbdae
2316 1983 2413 2130 w

398 2138 459 2215 dis,
476 2136 557 2216 quod
576 2136 612 2198 iu
635 2132 758 2198 Christo
779 2133 939 2213 impletum
961 2137 1013 2216 est.
1059 2131 1171 2212 ltaque
1199 2131 1375 2196 Zacharias
1426 2130 1561 2212 fanatici
1581 2151 1641 2194 non
1662 2137 1845 2212 reputandas,
1867 2133 1975 2197 utilem
2002 2134 2186 2198 smmum
2206 2135 2249 2198 ad
2270 2134 2424 2216 impium,

398 2223 496 2290 sicuti
522 2222 591 2285 cius
623 2219 782 2284 saeculum
816 2216 935 2282 Christi
968 2218 1214 2298 manifestationi
1239 2219 1376 2299 propius
1424 2215 1614 2297 phantasma
1631 2217 1823 2298 detorquent,
1851 2239 1888 2282 aa
1916 2220 1947 2282 si
1962 2221 2068 2298 portio
2088 2223 2210 2283 tantum
2226 2220 2413 2286 diuinitatis

398 2312 480 2387 mat,
509 2306 651 2388 apertius
672 2304 821 2368 inclamat
848 2303 893 2386 (9,
914 2301 966 2387 9).·
993 2303 1106 2367 laetare
1125 2302 1197 2383 tilia
1221 2302 1306 2382 Sion,
1328 2305 1376 2368 iu·
1428 2323 1449 2365 a
1470 2306 1532 2366 tota
1549 2302 1733 2383 perfect-iane
1759 2304 1895 2382 defluens
1922 2305 1957 2367 in
1981 2304 2103 2369 Obristo
2124 2309 2215 2384 esset;
2241 2326 2340 2386 quum
2359 2307 2413 2370 ui·

287 2402 292 2412 '
398 2394 463 2459 bila
478 2392 549 2473 filia
571 2391 755 2469 Ierusalem,
785 2409 848 2454 ecce
868 2409 925 2453 ren
946 2394 1020 2453 tuus
1040 2390 1123 2452 auoit
1145 2389 1203 2453 tibi
1225 2391 1328 2454 inustus
1349 2394 1376 2453 et
1428 2387 1475 2452 bil
1499 2388 1590 2451 alirul
1617 2389 1690 2452 oelr't
1715 2408 1811 2469 quam
1832 2389 1938 2453 Deum
1964 2390 2001 2454 in
2030 2389 2153 2455 Christo
2177 2390 2243 2471 solo
2270 2409 2412 2474 compre·

397 2483 546 2544 sueatns.
596 2477 683 2557 Quod
715 2477 776 2540 mco
808 2474 931 2539 Psalmi
960 2479 1030 2539 ante
1058 2476 1150 2538 citato
1179 2474 1246 2559 (28,
1266 2475 1301 2559 8)
1329 2495 1376 2539 ro
1427 2473 1530 2538 bendi.
1577 2473 1711 2538 Omnino
1737 2496 1844 2539 ouum
1871 2496 1991 2557 semper
2019 2475 2080 2555 suit
2107 2476 2188 2541 illud
2210 2475 2348 2542 Ioannis
2371 2479 2409 2564 (l

398 2565 541 2646 spondet:
560 2561 695 2627 Iebonab
717 2561 811 2626 robur
832 2561 971 2625 salutum
985 2558 1102 2625 Gliristi
1121 2562 1188 2638 sui,
1211 2581 1303 2624 serra
1325 2560 1375 2624 Ie·
1427 2559 1545 2623 Ioann.
1565 2563 1594 2637 2,
1615 2560 1686 2644 23).·
1705 2562 1760 2641 qui
1781 2581 1843 2624 non
1863 2557 1951 2626 bdbet
1970 2561 2075 2641 filium
2091 2583 2188 2642 neque
2202 2567 2331 2643 patrem
2351 2562 2412 2628 lsa-

400 2649 514 2729 baeab;
535 2648 589 2712 ubi
611 2648 699 2712 salus
720 2669 742 2711 a
763 2647 862 2727 capite
882 2646 925 2710 ad
950 2651 1045 2710 totum
1062 2666 1174 2725 corpus
1194 2647 1375 2711 ostenditur.
1428 2646 1481 2709 bet.
1527 2645 1615 2709 Nam
1636 2647 1693 2709 etsi
1714 2646 1787 2710 alirn
1808 2647 1938 2728 plormti
1964 2652 2037 2711 sunt
2057 2648 2148 2711 multi
2168 2668 2328 2712 sununum
2348 2669 2413 2714 rori·⁸

486 2740 516 2798 4.
550 2734 616 2797 His
636 2734 797 2798 omuiniis
814 2733 859 2796 ita
880 2730 981 2795 imbui
1001 2731 1098 2796 uoluit
1119 2731 1208 2796 Deus
1229 2731 1374 2811 Iudaeas,
1427 2751 1505 2807 men,
1528 2731 1662 2811 coeliano
1682 2737 1710 2796 et
1729 2737 1832 2797 terrae
1851 2733 1990 2814 opificem
2010 2754 2043 2798 se
2063 2732 2173 2811 colere,
2202 2735 2280 2816 qaia
2302 2739 2412 2801 tornea

399 2826 435 2885 ut
457 2819 649 2885 liberationis
663 2818 815 2901 petendae
830 2837 943 2896 causa,
970 2823 1050 2882 reda
1070 2817 1185 2881 ‘oculos
1212 2817 1255 2882 ad
1284 2815 1375 2882 Obri-
1427 2816 1535 2880 nullus
1556 2817 1624 2881 ili-is
1644 2823 1712 2881 erat
1732 2817 1894 2898 mediatm,
1913 2819 1986 2899 fieri
2007 2839 2069 2882 non
2086 2820 2189 2901 patuit
2208 2823 2245 2883 ut
2264 2819 2330 2884 Dei
2346 2821 2411 2885 rui-

399 2913 482 2972 dum
503 2907 712 2970 concuterent.
758 2904 823 2968 Nec
842 2923 914 2968 uero
934 2903 1079 2983 quamuis
1100 2904 1233 2983 turpiter
1254 2902 1375 2986 depase-
1425 2902 1631 2966 sericordiam
1656 2924 1725 2967 aere
1749 2909 1924 2986 pustareut,
1951 2910 2042 2986 atque
2067 2905 2113 2969 ita
2133 2906 2286 2984 persuasi
2306 2911 2413 2972 asem

399 2996 529 3068 raserat,
545 2991 650 3071 potuit
670 2994 772 3054 mmen
793 2988 909 3054 aboleri
935 2990 1084 3054 maneria
1101 2989 1258 3071 penerali's
1285 2989 1375 3054 illius
1427 2988 1488 3051 sibi
1504 2993 1631 3067 patrem
1651 3008 1724 3053 esse.
1773 2988 1855 3070 Quia
1877 3010 1947 3073 erpo
1968 2995 2060 3072 caput
2080 3012 2143 3054 non
2168 2990 2319 3069 undam,
2348 2989 2412 3056 bac

393 3077 565 3160 principii,
597 3075 703 3140 Deum
723 3096 784 3157 per
810 3094 941 3139 marium
970 3074 1101 3153 Obristi,
1135 3076 1229 3139 eunti
1251 3074 1376 3140 Danieli
1426 3077 1471 3139 est
1505 3072 1676 3150 Christum,
1709 3076 1844 3140 manida
1874 3075 1938 3157 furt
1968 3077 2055 3157 apud
2084 3096 2135 3141 eos
2161 3074 2225 3141 Dei
2254 3077 2411 3160 eapreitio3

391 3163 556 3244 pollicitus
574 3162 693 3243 fuerat,
724 3161 792 3243 sore
809 3161 950 3240 emusiae
971 3160 1178 3259 liberatorum
1209 3166 1302 3241 atque
1322 3159 1374 3225 de·
1426 3160 1508 3257 unde
1529 3161 1624 3224 diam
1643 3160 1762 3242 factum
1783 3167 1836 3238 est,
1857 3166 1893 3224 ut
1913 3163 1949 3260 in
1963 3182 2089 3261 nassas
2108 3162 2272 3245 fmdasque
2291 3182 2411 3246 super·

396 3245 1375 3413 albswind.fniltltlitttldd
1426 3246 1736 3409 mmm
1747 3247 1896 3411 llll}
1913 3249 2414 3416 ambulem

396 3440 505 3485 rorum
513 3424 699 3502 personaret
716 3420 869 3484 canticum
892 3417 974 3483 illud
997 3416 1375 3502 (Matth.21,9),qaum
1426 3415 1527 3481 duerit
1559 3417 1635 3482 coeli
1667 3423 1695 3482 et
1727 3423 1829 3483 terrm
1859 3424 2026 3484 creatorem
2064 3440 2158 3485 surim
2189 3439 2255 3485 esse
2287 3418 2412 3500 Deum,

398 3505 543 3573 Obristns
565 3504 813 3587 Hierosolymam
834 3502 933 3586 paula
950 3508 1034 3569 -ante
1061 3508 1189 3568 morteri
1215 3505 1374 3586 inpressus
1425 3501 1617 3567 urbstitumrt
1641 3505 1799 3569 tamenin
1820 3505 1920 3570 mcum
1945 3507 2012 3570 ocri
2033 3506 2098 3572 Dei
2120 3505 2256 3585 idolum
2284 3505 2367 3571 dum
2390 3527 2414 3574 a

396 3599 455 3657 est:
475 3591 632 3655 lemanna
650 3591 717 3672 noto
743 3589 861 3654 Dauid.
912 3589 1010 3672 Vulpo
1037 3590 1121 3653 enim
1144 3594 1249 3653 natum
1271 3609 1309 3655 ac
1331 3609 1374 3655 oe-
1429 3585 1552 3655 Obristo
1573 3586 1745 3654 abborrent.
2453 3642 2456 3649 .

397 3678 478 3741 lebre
505 3676 607 3757 fuisse
633 3681 773 3757 apparet,
796 3680 887 3757 atque
908 3695 946 3740 en
976 3676 1131 3739 commum
1158 3695 1221 3739 usu
1241 3676 1373 3755 petitum
1654 3732 1656 3735 .
1748 3688 1751 3696 ·
1817 3701 1824 3712 ·

398 3762 479 3843 quad
500 3761 656 3839 canebant,
678 3764 806 3826 nauum
826 3760 889 3826 sibi
910 3766 1028 3826 restare
1049 3761 1279 3826 miseriemdiae
1309 3760 1374 3825 Dei

393 3848 513 3928 pipnus
533 3847 569 3910 in
590 3847 722 3911 adierim
743 3848 953 3929 redemptoris.
998 3846 1070 3912 Hac
1090 3847 1212 3912 ratione
1231 3845 1375 3911 Christus
2149 3891 2154 3903 ι

398 3931 747 4081 minema
773 3934 913 4082 dnn
931 3938 966 4031 t
981 3932 1374 4084 enormen
1656 3997 1659 4002 ·
1769 3915 1920 3983 ΟΜ
1940 3916 2018 3980 m
2034 3916 2060 4001 ¹>

398 4039 476 4182 iera,
492 4102 595 4182 amun
616 4039 744 4187 (1021132
766 4039 814 4180 ii
836 4039 896 4187 1)⁸,⁸
922 4040 996 4169 iuge
1013 4040 1100 4170 eom,
1107 4106 1239 4187 proprie
1255 4104 1376 4185 nm.
1428 4072 1595 4184 Legem
1615 4073 1746 4156 fuisse
1769 4075 1932 4181 datam,
1961 4105 2046 4158 nan
2068 4105 2176 4185 quae
2197 4075 2414 4188 populum

398 4190 438 4254 do
467 4209 488 4252 a
513 4186 637 4252 cartae
662 4187 751 4286 pus·
775 4189 818 4252 aa
844 4194 970 4287 adrem
1002 4191 1187 4289 munda,
1219 4189 1377 4274 sipntfieat
1428 4206 1618 4277 veterem
1637 4195 1681 4277 in
1704 4224 1749 4278 se
1770 4196 1987 4302 retineret,
2013 4196 2088 4278 sed
2111 4225 2220 4306 quae
2241 4197 2414 4280 foverat

404 4281 507 4338 tamen
528 4293 604 4351 eam,
627 4276 752 4338 etiamsi
761 4273 829 4338 Deo
849 4279 1005 4356 innuitur,
1021 4277 1180 4356 paulatim
1190 4295 1374 4354 marmure,

400 4361 468 4425 aar
489 4360 657 4424 oneum
685 4360 753 4440 lpse
772 4360 902 4438 murus,
924 4361 980 4440 quo
1001 4382 1070 4426 eam
1096 4363 1132 4426 u
1152 4362 1256 4426 sam
1274 4361 1377 4442 firma
1430 4345 1549 4426 spem
1580 4315 1730 4398 salutis
1767 4316 1811 4398 in
1843 4316 2025 4446 0¹³1sz
2055 4346 2191 4428 usque
2228 4316 2282 4400 ad
2315 4317 2413 4400 eius

404 4452 464 4511 tate
490 4447 634 4525 retineat,·
661 4444 782 4526 alioqui
809 4445 903 4509 altior
927 4466 1046 4528 queque
1072 4452 1116 4510 est
1145 4446 1207 4512 Dei
1228 4449 1377 4512 maiestas
1796 4437 2035 4519 adventum.
2139 4479 2144 4494 ¹

399 4552 496 4612 quam
516 4537 552 4596 ut
573 4530 615 4595 ad
636 4550 707 4596 eam
721 4536 882 4613 penetrent
901 4533 1053 4611 mortales,
1074 4533 1130 4612 qui
1141 4537 1291 4614 tauquam
1309 4554 1376 4598 ver-

403 4617 511 4680 miculi
542 4637 637 4699 super
668 4622 786 4681 terram
816 4621 946 4698 reptant.
1000 4619 1105 4699 Quare
1135 4617 1218 4682 illud
1248 4619 1377 4702 oulpme
1516 4624 1544 4684 l.
1588 4619 1643 4682 Eu
1663 4619 1810 4683 continua
1829 4619 1900 4698 illa,
1924 4640 2021 4701 quarn
2042 4619 2216 4700 retulimus,
2248 4620 2330 4684 serie
2350 4621 2413 4688 cal·

402 4701 518 4765 dictum
540 4704 586 4767 sic
607 4703 751 4768 admitto:
778 4701 884 4766 Deum
908 4723 972 4768 esse
995 4702 1071 4782 fidei
1097 4703 1244 4768 obiectum
1270 4710 1305 4768 ut
1331 4709 1376 4769 ta·
1429 4706 1523 4789 lipere
1543 4705 1620 4783 licet,
1643 4705 1736 4786 lopun
1757 4725 1818 4768 nou
1839 4706 1906 4770 idea
1921 4712 1995 4786 pest
2014 4713 2140 4772 amntem
2162 4704 2310 4773 Abrabae
2331 4727 2411 4788 aua-

403 4806 474 4850 men
494 4790 676 4854 correctione
697 4808 776 4870 opus
793 4787 918 4866 babeat;
944 4790 1021 4870 quia
1050 4810 1112 4853 non
1138 4789 1262 4870 frustra
1290 4811 1375 4856 noca
1428 4792 1600 4874 drinpenti's
1621 4791 1741 4855 circiter
1762 4792 1856 4854 arinis
1875 4790 1975 4871 fuisse
1995 4795 2246 4874 superadditam,
2274 4797 2309 4856 ut
2335 4793 2410 4860 elec·

298 4920 302 4929 ,
400 4876 452 4934 tur
480 4869 622 4937 Obristns
648 4874 818 4938 irruisibilis
845 4873 910 4939 Dei
936 4876 1038 4957 imapo
1061 4873 1288 4958 (001.1,15);
1321 4878 1375 4941 sul
1428 4882 1493 4940 tum
1515 4876 1670 4958 papulum
1697 4898 1717 4940 a
1741 4876 1862 4940 Christo
1887 4877 2061 4959 abduceret,·
2088 4880 2151 4944 ima
2179 4884 2213 4943 ut
2239 4898 2410 4960 suspensus

401 4955 455 5020 boc
472 4956 566 5038 alapia
583 4979 749 5038 monemur,
772 4961 836 5023 nisi
858 4966 999 5025 occurrat
1019 4960 1106 5023 nobis
1124 4959 1215 5025 Dens
1236 4962 1271 5025 in
1284 4960 1374 5026 Cbri·
1427 4968 1536 5027 uneret
1568 4963 1691 5025 animos
1727 4982 1824 5040 rosque
1856 4963 1898 5026 ad
1927 4965 1994 5027 eins
2022 4966 2201 5044 adventum,
2234 4965 2409 5030 unauna

400 5046 456 5119 sto,
477 5061 539 5104 nou
554 5062 648 5123 posse
668 5046 702 5107 in
722 5047 854 5111 salutem
874 5046 963 5111 nabis
984 5048 1177 5111 innotescere.
1221 5046 1297 5111 Etsi
1318 5069 1375 5111 au
1425 5049 1519 5112 etiam
1539 5049 1609 5112 eius
1620 5047 1824 5126 desiderium,
1848 5050 1920 5112 etin
1930 5052 2151 5132 auspicantium
2162 5050 2408 5131 confirmaretue

400 5133 460 5192 mm
492 5128 578 5206 apud
594 5127 746 5194 ·Iudaeos
776 5132 872 5213 salsis
904 5132 1079 5197 coumientis
1111 5131 1375 5196 obtenebrauerant
1426 5134 1560 5216 brnpiare
1580 5154 1670 5197 nima
1689 5133 1852 5214 deficerent.
1896 5135 1990 5218 lepis
2008 5137 2128 5201 riunire
2149 5158 2210 5202 nou
2231 5136 2334 5202 solum
2353 5135 2407 5201 de·

400 5212 520 5278 scribae
556 5214 637 5294 quod
675 5215 713 5278 dc
750 5218 936 5299 redemptore
961 5217 1131 5298 prophetae
1168 5218 1372 5296 tradiderant,
1425 5239 1488 5283 ceni
1501 5225 1675 5301 praecepta,
1693 5240 1772 5301 quae
1783 5221 1839 5303 pie
1858 5221 1996 5302 iusteque
2012 5223 2139 5308 uiuendi
2151 5222 2293 5306 repulam
2310 5241 2409 5305 prae·

398 5300 533 5380 sumpsit
561 5304 664 5363 tamen
683 5320 744 5380 pra
777 5304 913 5385 confesso
943 5303 1102 5382 Christus,
1134 5306 1227 5385 quasi
1247 5303 1374 5385 publico
1426 5304 1572 5383 scriberet,
1599 5306 1749 5389 intellipO,
1771 5307 1826 5396 sed
1844 5309 1980 5389 formam
2007 5309 2169 5392 relipronis
2192 5331 2254 5392 per
2275 5328 2407 5374 nmirum

397 5405 545 5450 consensu
566 5390 732 5467 receptum,
759 5407 822 5451 nan
851 5390 942 5454 aliud
969 5389 1061 5454 rebus
1082 5391 1219 5470 perditis
1239 5409 1305 5454 esse
1325 5410 1373 5453 re-
2172 5461 2175 5464 Α

397 5471 1087 5641 ministeriasecundum
1106 5475 1373 5644 tltlt’btl
2022 5602 2027 5613 .

397 5646 433 5705 a
458 5642 593 5722 aean,
625 5643 706 5724 quo
720 5608 814 5709 'aar
840 5582 978 5724 raud
1009 5645 1166 5712 einum
1188 5583 1372 5728 utun
1424 5664 1477 5720 a,
1494 5596 1633 5722 3αέἴῶ
1647 5597 2040 5735 Zuidmbi'ii‘m
2059 5599 2207 5724 ⁰23}st
2227 5601 2250 5668 ἓ·
2270 5599 2406 5656 ⁹¹·¹⁰⁶
