5600 6809
438 780 498 841 911
621 817 627 824 .
1083 766 1349 835 ΙΝΒΤΙΤΠΤΙΟ
1370 767 1475 834 Rau.
1499 765 1682 834 ouals'u
1708 771 1799 832 1559.

437 965 525 1029 tione
553 982 627 1026 cum
654 960 856 1042 poenitentia
877 965 1093 1034 revertentes,
1121 965 1293 1038 peccatum
1314 976 1412 1020 suum
1466 964 1525 1021 est.
1561 954 1714 1033 Proinde,
1734 955 1864 1019 tametsi
1881 922 2076 1019 familiarius
2094 955 2219 1019 versari
2231 960 2289 1016 aut
2304 953 2448 1019 interio-

437 1048 656 1115 satisfactione
684 1045 802 1109 humili
830 1052 863 1109 et
890 1045 1029 1127 simplici
1056 1043 1257 1108 confitentes.
1303 1040 1413 1126 Chry-
1466 1063 1535 1106 rem
1574 1039 1843 1106 consuetudinem
1880 1041 2001 1106 habero
2035 1061 2112 1103 cum
2150 1041 2447 1105 excommunicatis
2522 1054 2526 1061 “

436 1142 598 1200 aostcmus
632 1131 802 1213 aliquanto·
828 1130 954 1202 durior,
989 1132 1036 1194 616
1059 1139 1170 1192 tamen
1192 1127 1353 1210 loquitur:
1384 1128 1412 1191 si
1464 1149 1531 1191 non
1560 1127 1656 1192 liceat
1682 1148 1741 1208 per
1763 1125 2015 1191 ecclesiasticam
2037 1125 2259 1207 disciplinam,
2283 1124 2446 1190 debemus

435 1219 529 1284 Deus
551 1227 619 1282 tam
639 1217 803 1300 benignus
831 1225 897 1291 661,
925 1214 1063 1297 utquid
1089 1213 1239 1279 sacerdos
1262 1215 1331 1277 eius
1353 1234 1412 1276 au·
1465 1221 1578 1278 tamen
1607 1212 1820 1290 contendere,
1854 1211 1971 1294 quibus
1992 1232 2167 1294 possumus
2189 1210 2308 1288 modis,
2337 1217 2376 1275 ut
2399 1210 2447 1275 ad

436 1312 542 1372 sterus
564 1303 639 1369 vult
660 1302 787 1368 videri?
833 1300 963 1366 Scimus
983 1309 1236 1384 praetereaque
1257 1299 1413 1364 facilitate
1465 1298 1634 1364 meliorem
1661 1299 1789 1381 frugem
1817 1299 1966 1362 conversi
1994 1299 2029 1360 in
2055 1297 2244 1362 societatem
2265 1316 2302 1359 ac
2328 1297 2447 1360 unita-

436 1412 516 1456 usus
538 1390 583 1455 sit
603 1390 809 1472 Augustinus
836 1408 914 1470 erga
935 1387 1143 1464 Donatistae,
1172 1393 1297 1450 utnon
1318 1383 1413 1448 dubi·
1466 1391 1534 1448 tem
1556 1383 1710 1449 ecclesiae
1732 1406 1767 1448 66
1790 1384 1957 1466 recipiant.
2004 1380 2289 1463 Quemadmodum
2310 1391 2446 1463 aposto-

436 1476 559 1542 taverit
580 1476 616 1539 in
638 1477 858 1557 episcopatum
880 1474 1023 1555 recipere
1043 1473 1099 1554 qui
1121 1493 1140 1535 a
1161 1471 1337 1536 schismate
1359 1491 1412 1533 rc·
1465 1471 1517 1534 lus
1546 1491 1674 1552 quoque
1704 1469 1796 1534 docet
1822 1469 1989 1551 (211666.
2015 1468 2140 1552 3,15):
2176 1468 2289 1545 nolite,
2323 1469 2444 1551 inquit,

437 1562 581 1640 dietant,
615 1559 710 1642 idque
733 1560 844 1623 statim
871 1568 946 1641 post
973 1559 1238 1639 resipiscentiam.
1284 1557 1412 1619 Verum
1465 1556 1655 1620 existimare
1687 1557 1780 1638 quasi
1802 1555 1966 1632 inimicos,
1997 1554 2055 1618 scd
2077 1554 2229 1635 corripite
2252 1562 2289 1617 ut
2311 1554 2444 1618 fratres.

437 1650 515 1731 quia
535 1648 698 1712 contraria
723 1646 807 1708 ratio
833 1645 1033 1721 invaluerat,
1060 1644 1161 1708 coacti
1183 1649 1260 1708 sunt
1280 1643 1411 1724 proprio
1464 1641 1557 1706 Haec
1578 1642 1766 1705 humanitas
1788 1641 1852 1704 nisi
1873 1651 1942 1703 tam
1963 1641 2116 1722 privatim
2138 1660 2236 1721 quam
2258 1640 2447 1704 communi-

2380 769 2450 830 912
2542 814 2548 832 .

436 1733 556 1800 iudicio
578 1731 690 1797 cedere
712 1739 749 1794 ut
770 1752 840 1795 eam
863 1736 1086 1812 sequerentur.

525 1873 553 1932 9.
599 1864 885 1947 Quemadmodum
903 1875 1013 1931 autem
1030 1867 1065 1929 in
1084 1874 1151 1929 toto
1170 1864 1323 1929 ecclesiae
1341 1886 1411 1929 cor-

436 1976 515 2038 pore
536 1955 618 2018 haec
639 1951 858 2017 mansuetudo
881 1953 1067 2033 requiritur,
1091 1963 1128 2014 ut
1150 1950 1328 2016 clementer
1350 1971 1411 2015 nec

436 2061 539 2122 usque
562 2039 603 2103 ad
625 2060 792 2103 summum
813 2039 956 2121 rigorem
976 2037 1217 2101 animadvertat
1236 2037 1271 2099 in
1293 2036 1409 2119 lapsos,

395 2132 405 2155 '
436 2125 493 2191 sed
515 2125 641 2208 potius,
672 2124 853 2188 secundum
874 2123 972 2187 Pauli
992 2130 1217 2206 praeceptum,
1241 2123 1411 2186 caritatem

434 2212 472 2276 in
503 2233 557 2276 eos
589 2211 774 2289 confirmet,
808 2211 856 2272 ita
884 2230 943 2292 pro
973 2230 1007 2273 se
1030 2210 1164 2291 quisque
1192 2208 1340 2289 privatus
1370 2207 1411 2271 ad

434 2297 521 2362 hanc
553 2296 762 2362 clementiam
794 2301 827 2358 61
860 2295 1101 2359 humanitatem
1127 2302 1343 2374 attemperare
1376 2315 1411 2358 se

436 2382 541 2447 debet.
584 2382 661 2446 Non
690 2402 767 2463 ergo
790 2389 941 2444 nostrum
963 2390 1025 2457 est,
1047 2380 1143 2457 tales,
1167 2379 1223 2460 qui
1246 2379 1286 2444 ab
1309 2378 1411 2443 eccle-

435 2470 484 2535 sia
510 2475 589 2533 sunt
617 2467 746 2549 expulsi
775 2487 964 2550 expungere
993 2489 1034 2530 ex
1060 2464 1238 2530 electorum
1264 2486 1410 2543 numere,

436 2563 494 2618 aut
521 2554 693 2635 desperare
713 2554 807 2633 666-61
828 2551 894 2615 iam
921 2551 1076 2633 perditos.
1122 2550 1257 2614 Alienos
1279 2549 1412 2633 quidem

418 2640 478 2704 ‘ab
506 2638 642 2704 ecclesia
667 2636 812 2701 iudicare
840 2637 888 2702 fas
910 2645 973 2716 est,
1003 2645 1035 2701 et
1062 2635 1198 2719 proinde
1221 2658 1241 2700 a
1262 2634 1409 2700 Christo:

437 2723 495 2790 sed
516 2745 576 2807 pro
598 2744 635 2787 eo
656 2732 803 2804 tempore
824 2744 888 2804 quo
911 2724 947 2787 iu
969 2723 1108 2788 divortio
1131 2728 1274 2785 manent
1314 2719 1412 2801 Quod

437 2811 465 2876 si
487 2818 560 2873 tum
582 2808 710 2891 quoque
728 2810 885 2872 maiorem
917 2809 1116 2890 pervicaciae
1138 2829 1237 2889 quam
1258 2807 1411 2871 humani-

311 2973 314 2983 *
436 2896 515 2960 tatis
537 2896 676 2977 speciem
698 2895 900 2976 praeferunt,
924 2916 978 2958 eos
1000 2903 1111 2958 tamen
1133 2893 1252 2958 iudicio
1274 2891 1411 2956 Domini

438 2979 718 3058 commendemus,
751 2980 886 3044 meliora
907 2980 947 3044 de
967 2981 1008 3045 iis
1030 2981 1254 3062 inposterum
1277 2999 1412 3060 speran-

437 3074 488 3132 tes
510 3087 608 3149 quam
629 3065 781 3129 videmus
803 3067 837 3129 in
859 3086 1030 3147 praesens,
1053 3087 1113 3129 nec
1134 3072 1307 3147 propterea
1327 3063 1412 3128 desi·

437 3171 555 3241 namus
586 3173 646 3234 pro
679 3151 718 3216 iis
740 3151 851 3215 Deum
882 3151 1018 3235 precari.
1062 3153 1124 3229 Et,
1158 3158 1196 3214 ut
1217 3151 1316 3215 verbo
1346 3171 1411 3214 uno

438 3238 642 3320 complectar,
665 3259 732 3300 non
753 3258 928 3319 personam
948 3239 1063 3319 ipsam,
1086 3258 1170 3318 quac
1191 3237 1225 3298 in
1243 3257 1344 3300 manu
1362 3244 1412 3300 at-

437 3345 500 3408 que
528 3323 662 3388 arbitrio
685 3324 748 3387 Dei
771 3324 871 3387 solius
892 3333 957 3401 661,
987 3324 1023 3386 16
1051 3330 1191 3387 mortem
1213 3321 1411 3400 addicamus,

437 3409 495 3477 sed
520 3417 652 3473 tantum
674 3410 783 3492 qualia
809 3411 875 3472 sint
901 3410 1057 3491 cuiusque
1083 3429 1182 3491 opera
1203 3409 1413 3474 aestimemus

437 3517 480 3562 ex
512 3496 585 3578 lege
616 3495 760 3560 Domini.
806 3494 915 3576 Quam
942 3495 1091 3578 regulam
1124 3494 1203 3560 dum
1236 3495 1411 3577 sequimur,

437 3589 562 3648 stamus
583 3583 692 3664 potius
713 3581 824 3646 divino
844 3579 964 3646 iudicio
985 3602 1083 3663 quam
1104 3589 1254 3646 nostrum
1275 3580 1413 3662 proferi-

436 3689 519 3732 mus.
564 3667 647 3732 Plus
668 3667 819 3732 licentiae
839 3688 881 3731 ne
905 3668 998 3732 nobis
1021 3668 1066 3731 in'
1083 3666 1256 3731 iudicando
1279 3686 1412 3748 arroge-

436 3774 526 3831 mus,
549 3753 613 3817 nisi
635 3753 788 3818 volumus
809 3753 874 3818 Dei
895 3755 1052 3818 virtutem
1074 3753 1232 3831 limitare,
1255 3774 1293 3817 ac
1314 3752 1412 3815 mise·

437 3837 595 3903 ricordiae
617 3840 688 3902 eius
715 3840 822 3923 legem
849 3839 971 3905 dicere:
999 3840 1054 3905 cui
1075 3840 1202 3921 quoties
1223 3839 1331 3903 visum
1353 3844 1411 3915 est,

436 3924 571 4009 pessimi
604 3925 641 3988 in
674 3925 812 4007 optimos
850 3932 1037 4001 mutantur,
1077 3925 1175 3988 alieni
1208 3925 1411 4001 inseruntur,

438 4010 586 4076 extranei
618 4017 810 4092 cooptantur
836 4011 870 4075 in
899 4011 1078 4077 ecclesiam.
1122 4010 1226 4092 quue
1247 4008 1413 4074 Dominus

437 4096 507 4180 agit
534 4100 572 4158 ut
598 4096 643 4161 616
671 4095 842 4160 hominum
864 4097 1051 4179 opinionem
1073 4095 1199 4174 eludat,
1228 4103 1262 4161 61
1282 4097 1415 4161 temeri·

437 4187 541 4245 tatem
562 4180 732 4247 retundat:
755 4202 837 4263 quac
860 4183 923 4248 nisi
946 4190 1141 4260 coerceatur,
1165 4183 1228 4247 sibi
1246 4181 1414 4248 iudicandi

1464 1735 1516 1791 ter
1545 1734 1706 1804 servetur,
1741 1726 1921 1809 periculum
1954 1735 2004 1790 est
2029 1748 2072 1789 ne
2094 1747 2136 1788 ox
2163 1723 2336 1808 disciplina
2361 1745 2447 1790 mox

1465 1811 1655 1877 delabamur
1676 1811 1718 1877 ad
1739 1813 1969 1877 camificinam.

1553 1902 1601 1963 11.
1646 1899 1718 1963 Η66
1738 1920 1865 1980 quoque
1894 1898 1935 1962 ad
1963 1897 2154 1980 disciplinae
2181 1895 2443 1961 moderationem

1464 1985 1499 2046 in
1521 1984 1635 2065 primis
1656 1985 1842 2065 requiritur,
1863 1982 1949 2067 quod
1967 1984 2175 2066 Augustinus
2192 1991 2306 2047 contra
2324 1981 2442 2047 Dona·

1464 2071 1559 2133 tistas
1582 2070 1741 2152 disputat,
1769 2092 1810 2134 ne
1832 2070 1885 2134 vel
1906 2071 2026 2152 privati
2049 2068 2213 2146 homines,
2237 2069 2266 2133 si
2288 2068 2444 2134 viderent

1464 2156 1574 2219 minue
1602 2155 1777 2238 diligenter
1806 2178 1825 2219 a
1854 2156 2022 2219 seniorum
2048 2153 2184 2219 concilio
2207 2155 2287 2219 vitia
2309 2156 2441 2237 corrigi,

1464 2240 1695 2305 discessionem
1716 2248 1889 2323 propterea
1910 2241 2064 2305 continuo
2086 2239 2127 2303 ab
2145 2239 2281 2304 ecclesia
2302 2241 2442 2320 faciant3

1464 2335 1521 2390 aut
1553 2329 1615 2410 ipsi
1648 2336 1810 2409 posterea,
1839 2328 1866 2390 si
1895 2333 2058 2408 nequeant
2086 2348 2128 2389 ex
2156 2327 2256 2388 animi
2286 2327 2336 2390 sui
2364 2333 2442 2391 voto

1463 2413 1572 2476 omnia
1594 2432 1772 2495 repurgare
1793 2433 1877 2494 quae
1899 2411 2099 2477 correctione
2120 2411 2278 2494 indigent,
2296 2410 2370 2475 ideo
2384 2413 2443 2477 ab·

1463 2498 1577 2563 1161661
1602 2498 1837 2577 ministerium,
1870 2499 1922 2562 vel
1951 2499 2110 2561 inusitata
2131 2498 2305 2579 asperitate
2335 2505 2442 2562 totam

1464 2583 1633 2649 ecelesiam
1662 2584 1863 2666 perturbent.
1913 2585 1976 2648 Est
2002 2584 2090 2647 enim
2116 2583 2324 2648 verissimum
2352 2582 2441 2666 quod

1464 2670 1584 2746 scribit,
1598 2670 1624 2751 ¹)
1646 2691 1778 2750 nempe:
1802 2669 1946 2751 quisquis
1967 2669 2020 2733 vel
2038 2668 2122 2750 quod
2142 2677 2250 2752 potest
2272 2669 2442 2752 arguendo

1464 2756 1606 2838 corrigit,
1618 2756 1670 2819 vel
1689 2753 1774 2837 quod
1786 2756 1948 2838 corrigere
1961 2776 2027 2818 non
2042 2761 2149 2837 potest
2163 2755 2254 2820 salvo
2265 2756 2354 2837 pacis
2365 2757 2443 2820 vin·

1464 2841 1535 2905 culo
1558 2840 1711 2918 excludit,
1735 2841 1787 2906 vol
1799 2839 1884 2922 quod
1906 2842 1996 2905 salvo
2017 2842 2107 2922 pacis
2120 2842 2250 2906 vinculo
2264 2840 2443 2906 excludere

1464 2946 1532 2990 non
1553 2933 1675 3009 potest,
1699 2927 1861 3009 aequitate
1878 2928 2056 3008 improbat,
2080 2927 2236 2991 firmitate
2253 2934 2441 3008 supportat,

1464 3012 1554 3077 huno
1572 3034 1591 3076 a
1607 3011 1834 3077 maledictione
1853 3013 1993 3077 liberum
2011 3034 2048 3076 66
2060 3013 2202 3077 solutum
2214 3034 2291 3077 esse.
2320 3013 2442 3076 Ratio-

1463 3119 1540 3162 nem
1558 3099 1634 3162 alibi
1656 3097 1773 3173 reddit,
1785 3097 1813 3183 2)
1837 3100 1913 3180 quio
1936 3100 2041 3163 omnis
2064 3100 2119 3180 pia
2135 3099 2234 3175 ratio,
2264 3109 2297 3162 61
2319 3097 2442 3163 modus

1464 3184 1700 3249 ecclesiasticae
1713 3183 1916 3266 disciplinae,
1935 3186 2097 3248 unitatem
2108 3185 2243 3266 spiritus
2255 3186 2290 3247 in
2304 3184 2441 3249 vinculo

1464 3270 1554 3352 pacis
1581 3271 1703 3334 intueri
1729 3291 1857 3351 semper
1884 3268 1994 3348 debet,
2023 3269 2108 3353 quod
2141 3270 2306 3352 apostolus
2339 3271 2442 3334 suffe-

1466 3355 1567 3420 rendo
1594 3377 1654 3420 nos
1682 3356 1824 3421 invicem
1851 3356 2011 3439 praecipit
2032 3355 2202 3434 custodiri,
2233 3365 2266 3420 61
2287 3377 2349 3439 666
2371 3378 2442 3420 666

1466 3441 1626 3506 custodito
1659 3442 1823 3507 vindictae
1855 3442 2017 3507 medicina
2048 3464 2115 3507 non
2154 3449 2285 3508 tantum
2324 3462 2443 3523 super-

1465 3547 1585 3605 vacua,
1617 3525 1675 3592 sed
1701 3529 1801 3592 etiam
1829 3529 2010 3611 perniciosa
2036 3550 2107 3593 esse
2139 3529 2267 3610 incipit,
2302 3528 2442 3611 ideoque

1465 3612 1628 3679 medicina
1649 3635 1721 3678 esse
1744 3613 1870 3678 desinit.
1915 3614 2017 3694 Haec,
2039 3615 2161 3696 inquit,
2183 3615 2239 3696 qui
2262 3612 2442 3698 diligenter

1466 3701 1595 3782 cogitat,
1618 3721 1679 3764 nec
1700 3701 1735 3763 in
1756 3696 2002 3765 conservatione
2022 3701 2159 3765 unitatis
2181 3701 2321 3784 negligit
2342 3699 2442 3764 disci-

1465 3785 1574 3868 plinae
1597 3786 1818 3863 severitatem,
1841 3807 1902 3852 nec
1924 3786 2117 3869 intemperie
2139 3787 2351 3852 correctionis
2373 3785 2442 3849 dis·

1466 3871 1591 3952 rumpit
1616 3871 1784 3936 vinculum
1813 3873 1984 3937 societatis.
2035 3873 2174 3937 Fatetur
2196 3872 2337 3953 quidem,
2371 3892 2441 3935 non

1465 3963 1612 4040 pastores
1638 3957 1734 4022 modo
1761 3956 1879 4022 debere
1905 3959 1941 4022 in
1969 3958 2054 4023 hanc
2081 3965 2208 4039 partem
2235 3958 2437 4035 incumbere,

1466 4064 1508 4107 ne
1535 4043 1613 4125 quid
1644 4044 1681 4106 in
1707 4043 1844 4109 ecelesia
1871 4045 1943 4108 vitii
1975 4051 2157 4123 remaneat,
2186 4043 2243 4108 661
2265 4045 2443 4126 unicuique

1466 4126 1580 4193 eodem
1612 4129 1804 4194 enitendum
1834 4151 1894 4213 pro
1926 4152 1987 4196 666
2014 4130 2119 4209 virili;
2151 4152 2211 4194 neo
2245 4130 2442 4209 dissimulat,

1465 4235 1541 4278 eum
1563 4215 1620 4296 661
1641 4215 1746 4281 malos
1767 4237 1909 4296 monere,
1932 4238 2084 4300 arguere,
2108 4216 2269 4300 corrigere
2291 4215 2444 4298 negligit,

359 4326 364 4337 ¹
437 4268 491 4333 ius
512 4288 611 4349 supra
632 4288 731 4351 quam
752 4267 845 4333 dem
865 4288 1025 4350 usurpare
1046 4267 1153 4333 audet·
1466 4300 1595 4365 etiamsi
1621 4301 1662 4366 iis
1688 4323 1755 4366 non
1783 4303 1905 4380 faveat,
1933 4325 1993 4368 nec
2021 4325 2096 4369 oum
2117 4303 2158 4366 iis
2185 4309 2311 4385 peccet,
2345 4322 2445 4367 reum

527 4393 575 4486 11).
620 4389 708 4453 Nam
735 4387 820 4469 quod
846 4389 1010 4471 promittit
1031 4387 1185 4454 Christus
1205 4388 1351 4486 (Matth3
1364 4393 1412 4466 18,
1466 4407 1537 4451 esse
1558 4407 1669 4486 peram
1690 4389 1847 4452 Domino:
1875 4388 1961 4470 quod
1983 4390 2010 4453 si
2032 4389 2133 4453 talem
2160 4388 2246 4471 gerit
2267 4407 2445 4486 personam

440 4477 506 4557 18),
534 4474 674 4557 hgatum
703 4475 739 4537 in
767 4473 855 4537 coelo
884 4473 951 4537 fore
973 4472 1061 4555 quod
1083 4475 1133 4539 sui
1161 4474 1198 4538 in
1220 4482 1308 4539 terra
1329 4475 1413 4557 liga
1466 4481 1505 4536 61
1526 4482 1624 4537 etiam
1646 4494 1666 4536 a
1687 4482 1967 4538 sacramentorum
1995 4475 2244 4557 participatione
2266 4479 2368 4554 possit
2389 4494 2444 4537 se-

436 4560 561 4637 verint,
591 4558 718 4643 ligendi
740 4560 809 4623 vim
836 4558 877 4622 ad
900 4558 1053 4624 ecclesiae
1075 4581 1248 4624 censuram
1276 4561 1412 4624 limitat:
1466 4578 1598 4641 parare,
1621 4567 1655 4624 et
1675 4581 1742 4623 non
1764 4560 1857 4638 facit,
1879 4561 1948 4624 iam
1973 4581 2039 4624 non
2061 4560 2165 4623 611666
2187 4558 2274 4622 malo
2296 4579 2443 4641 peecare,
2545 4630 2553 4649 ,

435 4665 501 4729 qua
521 4666 589 4710 non
610 4646 828 4710 coniiciuntur
849 4646 885 4709 in
901 4652 1094 4727 perpetuam
1114 4645 1245 4709 ruinam
1265 4668 1302 4712 66
1321 4644 1413 4710 dam·
1467 4644 1524 4709 sed
1547 4665 1615 4708 suo.
1666 4646 1810 4710 Tantum
1837 4645 1870 4709 id
1899 4647 1970 4710 fieri
1991 4644 2064 4711 vult
2091 4642 2237 4708 adhibita
2265 4645 2444 4726 prudentia

396 4754 404 4761 ·
434 4732 605 4795 nationem
625 4732 682 4813 661
709 4731 1048 4811 excommunicantur,
1078 4731 1135 4796 sed
1157 4732 1260 4796 vitam
1289 4753 1413 4797 mores·
1466 4750 1566 4812 qnam
1587 4731 1751 4796 Dominus
1772 4751 1900 4812 quoque
1922 4731 2074 4813 requirit,
2089 4752 2149 4807 ne,
2172 4727 2251 4794 dum
2273 4730 2444 4796 eradican-

435 4837 498 4899 que
525 4836 602 4881 suos
630 4816 780 4881 damnari
812 4816 997 4895 audientes,
1032 4839 1110 4882 suae
1140 4818 1240 4882 etiam
1266 4808 1413 4900 ipsorum
1466 4824 1522 4879 tur
1544 4817 1678 4893 zizania,
1707 4817 1873 4880 frumenta
1894 4816 2075 4881 laedantur.
2127 4814 2211 4880 Inde
2244 4816 2367 4899 colligit
2400 4839 2444 4882 ex

462 4909 615 4984 erpetuae
637 4900 865 4982 damnationis,
888 4903 953 4967 nisi
974 4903 1188 4985 resipuerint,
1213 4905 1292 4969 certi
1317 4906 1411 4969 fiunt
1466 4901 1649 4984 Cypriane:
1672 4900 1924 4966 misericorditer
1944 4902 2045 4984 igitur
2063 4903 2218 4984 corripiat
2239 4903 2335 4967 homo
2354 4902 2445 4985 quod

437 4922 611 5068 Diquidem
630 4988 691 5052 hoc
709 4987 819 5053 differt
836 4990 876 5054 ab
889 4989 1098 5054 anathemate
1111 4991 1411 5069 excommunicatio,
1465 4994 1586 5069 potest;
1616 4986 1703 5070 quod
1725 4994 1834 5050 autem
1856 5008 1925 5051 nou
1950 4995 2074 5070 potest,
2102 4989 2265 5072 patienter
2286 4989 2385 5066 ferat,
2409 4996 2445 5053 et

436 5070 527 5155 quod
552 5071 647 5150 illud,
671 5073 822 5157 adempta
844 5077 933 5140 omni
955 5076 1060 5152 venia,
1084 5076 1252 5140 hominem
1274 5075 1413 5139 devovet
1466 5092 1541 5136 cum
1563 5070 1736 5136 dilectione
1758 5082 1869 5157 gemat
1890 5082 1987 5157 61666
2009 5074 2130 5159 lugeat

436 5164 472 5224 et
492 5156 615 5223 addicit
635 5167 768 5225 aeterno
790 5161 903 5240 exitio;
927 5161 1009 5227 haec
1029 5162 1065 5225 in
1086 5182 1194 5226 mores
1216 5161 1321 5245 magis
1340 5160 1412 5224 vin·
1452 5202 1466 5215 -
1554 5160 1601 5221 12.
1657 5159 1730 5224 Hoc
1763 5168 1873 5225 autem
1904 5160 1983 5227 dicit
2021 5167 2155 5243 propter
2189 5160 2444 5226 Donatistarum

436 5243 525 5310 dicat
566 5252 664 5329 atque
702 5245 944 5311 animadvertit
1004 5248 1050 5311 Et
1081 5267 1268 5330 quanquam
1299 5245 1414 5329 plectit
1465 5242 1704 5325 morositatem,
1727 5246 1783 5330 qui
1805 5267 1908 5330 quum
1929 5254 2100 5311 cernerent
2128 5248 2165 5310 in
2188 5245 2330 5312 ecclesiis
2358 5245 2442 5311 vitia

436 5331 537 5396 etiam
567 5331 638 5414 ipsa
666 5331 849 5407 hominem,
878 5332 924 5396 sic
951 5339 1063 5397 tamon
1088 5333 1203 5415 plectit
1222 5339 1259 5396 ut
1280 5332 1412 5396 futurae
1465 5349 1548 5412 quae
1576 5331 1685 5396 verbis
1719 5331 1851 5416 quidem
1884 5332 2163 5415 reprehenderent
2195 5332 2351 5415 episcopi,
2380 5330 2441 5396 sed

437 5435 515 5482 suae
548 5416 767 5484 damnationis
799 5416 908 5498 ipsum
934 5416 1175 5501 praemonendo
1206 5417 1242 5482 in
1272 5419 1412 5484 salutem

438 5509 576 5568 revocet.
623 5501 771 5584 Quodsi
793 5501 991 5583 obtineatur,
1014 5511 1130 5586 parata
1151 5511 1202 5568 est
1223 5505 1413 5570 reconcilia·
1467 5505 1671 5514 ’ὴ

437 5587 483 5650 110
517 5595 550 5652 ⁰t
581 5589 618 5651 in
650 5588 913 5653 wmmunifflem
950 5590 1122 5654 millum·
1179 5589 1412 5690 Anffth‘lmatis
1534 5622 1563 5686 1)
1588 5624 1663 5677 Libr.
1687 5621 1712 5674 2.
1736 5630 1831 5675 contra
1855 5623 1979 5677 Pannen.
2005 5639 2064 5692 cap.
2088 5623 2111 5675 1.
2135 5621 2160 5676 2.
2271 5621 2300 5689 2)
2323 5622 2398 5679 Libr.
2417 5621 2446 5677 3.

437 5690 534 5753 porro
563 5681 621 5738 aut
647 5685 808 5756 perquam
834 5694 930 5739 rarus
957 5682 1015 5740 661
1036 5674 1149 5740 nullus
1172 5695 1306 5743 ommno
1332 5698 1413 5743 6666
1465 5709 1523 5760 cap.
1544 5693 1558 5745 1
1578 5710 1634 5761 seq.
