5600 6809
437 763 499 825 643
1084 754 1351 823 INSl'Iffl-UTIO
1373 756 1478 822 REL.
1502 755 1682 823 auulsa.
1710 762 1800 821 1559.
1870 856 1872 861 V
2381 762 2444 823 044

437 951 566 1029 spectat,
593 948 737 1028 55555515
762 945 816 1013 hoe
842 952 935 1029 eaput
960 967 1047 1012 55555
1071 946 1215 1028 fidetium
1230 950 1417 1028 praetereat,
1462 946 1559 1026 prtae
1590 945 1708 1027 equitio
1734 945 1848 1027 procul
1878 944 1996 1027 501555,
2029 945 2121 1010 donec
2152 946 2275 1011 nudius
2306 952 2447 1010 5555555

437 1034 574 1098 sentiunt
604 1036 707 1096 tomen
735 1034 791 1113 qui
823 1054 892 1098 aere
917 1038 989 1098 suut
1017 1033 1053 1097 in
1074 1032 1221 1113 precihus
1248 1034 1416 1111 edacitati,
1471 1028 1629 1108 Christus,
1662 1031 1719 1110 qui
1746 1031 1862 1114 sotium
1885 1030 2097 1112 formidabitis
2123 1032 2244 1113 pieriae
2270 1032 2306 1094 in
2332 1033 2447 1096 sotium

438 1119 494 1184 eie
521 1118 673 1183 decimam
695 1119 763 1182 eius
788 1119 941 1200 sacrificii
962 1123 1088 1200 purtem
1109 1140 1143 1183 se
1164 1119 1279 1199 affare
1299 1119 1336 1184 de
1358 1138 1416 1198 que
1465 1116 1588 1199 pratiae
1609 1122 1785 1196 5555555555,
1812 1116 1906 1180 santi
1934 1117 2028 1180 etiarn
2045 1117 2129 1181 decet
2149 1116 2305 1197 apostolus
2326 1116 2445 1198 (Hehr.

436 1204 575 1285 loquitur
596 1202 706 1268 Dauid
725 1204 826 1288 (Paul.
848 1209 897 1283 51,
920 1204 990 1289 19).·
1012 1203 1203 1284 sacrificium
1225 1204 1292 1268 Deo
1314 1224 1416 1285 accep-
1468 1210 1498 1281 4,
1521 1202 1574 1286 16)
1595 1207 1632 1267 ut
1653 1223 1728 1267 eum
1749 1203 1837 1266 omni
1855 1201 1975 1265 fiduaia
1995 1222 2152 1285 apparere
2174 1202 2361 1280 audeamus,
2383 1205 2447 1266 mi·

437 1294 518 1367 tum,
545 1290 680 1370 spiritus
707 1291 857 1371 afflictus·
889 1310 940 1355 cor
972 1291 1137 1354 contritam
1163 1296 1190 1354 et
1215 1289 1416 1354 hurniiiatum
1468 1287 1679 1353 seriaordiam
1711 1288 1955 1372 consequuturi¹
1976 1295 2009 1350 et
2037 1288 2178 1370 gratiam
2211 1288 2379 1352 inventuri
2410 1290 2447 1353 in

436 1374 527 1441 Deus
551 1396 613 1439 555
640 1376 799 1455 despicies.
850 1375 903 1440 Ita
924 1396 1044 1455 semper
1072 1375 1189 1457 duplex
1210 1376 1346 1455 petenda
1373 1379 1417 1439 est
1469 1374 1592 1439 auxilio
1615 1382 1805 1456 opportuno.
1850 1375 1961 1455 Atque
1984 1380 2022 1436 ut
2042 1372 2097 1437 lex
2119 1372 2160 1436 de
2180 1374 2361 1438 invocando
2374 1376 2447 1440 Deo

435 1462 542 1539 amia,
570 1462 653 1542 quod
679 1466 707 1524 et
727 1462 788 1525 sihi
809 1463 925 1526 conscii
945 1463 1010 1527 sint
1036 1462 1205 1526 55505555
1226 1461 1414 1538 delictorum,
1468 1460 1574 1542 posita
1595 1470 1654 1537 est,
1677 1466 1717 1523 ut
1737 1459 1909 1542 promissio
1931 1457 2016 1537 data,
2039 1458 2231 1523 exauditum
2253 1459 2295 1522 iri
2317 1461 2371 1540 qui
2394 1461 2447 1524 in-

437 1567 570 1628 quorum
590 1551 691 1610 tamen
710 1567 803 1611 sensu
824 1568 885 1611 555
906 1547 952 1611 ita
973 1552 1157 1629 tanpuntur,
1180 1552 1215 1610 ut
1235 1546 1298 1611 sibi
1319 1567 1417 1627 quau
1469 1545 1673 1623 vocaverint,
1695 1546 1743 1608 ita
1768 1546 1804 1608 in
1825 1544 1957 1608 nomine
1979 1543 2104 1609 Christi
2125 1546 2278 1610 invooare
2301 1546 2446 1627 penalia·

437 1638 504 1696 tum
525 1637 640 1712 oportet
658 1632 857 1712 displiceaut;
885 1638 912 1697 et
938 1637 1091 1712 quatenus
1118 1633 1362 1714 inpoenitentia
1389 1637 1416 1697 ct
1468 1633 1550 1696 riter
1559 1632 1727 1709 iubemur;
1751 1640 1785 1695 et
1800 1630 2049 1713 promissionem
2068 1630 2226 1695 habemus
2238 1633 2446 1712 propositam,

436 1719 545 1783 timere
567 1717 630 1781 Dei
645 1719 793 1798 proficere
814 1719 883 1783 iilis
903 1719 1013 1783 datum
1034 1723 1093 1795 est,
1121 1719 1203 1783 iusto
1224 1738 1360 1782 55555555
1380 1717 1417 1782 50
1469 1718 1702 1799 impetraturos
1723 1717 1810 1798 quod
1830 1716 1867 1780 in
1888 1716 1958 1780 eius
1975 1716 2108 1780 nomine
2124 1717 2324 1797 petierimus.
2357 1717 2448 1782 Haa-

437 1824 517 1868 suas
537 1804 669 1883 offensas
690 1804 846 1884 prostrati
872 1804 989 1868 iudicis
1014 1804 1186 1869 uindictam
1206 1804 1414 1883 deprecentur.
1468 1809 1575 1880 tenus,
1597 1803 1704 1884 inquit
1725 1802 1853 1886 (Ioann.
1875 1805 1923 1879 14,
1946 1804 1984 1864 13
2006 1811 2041 1864 55
2064 1806 2113 1880 16,
2133 1801 2199 1884 24),
2221 1823 2287 1866 non
2309 1803 2449 1884 petiistis

436 1887 583 1952 Maccirne
601 1888 678 1968 fidei
698 1888 845 1955 debilitas
866 1890 913 1954 ud
935 1889 1126 1970 imperfectio
1152 1888 1293 1970 fidetium
1311 1909 1419 1970 preces
1469 1886 1648 1970 quidquam
1668 1889 1705 1952 in
1726 1888 1859 1952 nomine
1881 1907 1968 1951 meo:
1992 1888 2110 1970 petite,
2133 1898 2166 1950 et
2188 1889 2362 1970 accipietis.
2406 1888 2449 1952 Iu

436 1974 537 2053 vitiat,
559 1974 625 2037 nisi
646 1980 835 2040 succurreret
856 1975 920 2040 Dei
941 1974 1150 2057 indulpentid·
1179 1975 1233 2038 sed
1253 1974 1336 2039 nihil
1356 1976 1417 2038 rni-
1469 1973 1526 2037 illo
1548 1972 1601 2036 die
1622 1973 1659 2036 in
1681 1975 1812 2037 nomine
1833 1993 1906 2037 meo
1926 1973 2060 2054 petetis3
2083 1981 2116 2036 et
2137 1972 2296 2055 quidquid
2317 1973 2450 2055 petieri-

436 2078 509 2122 ruru
530 2064 574 2123 est
594 2059 675 2123 hunc
697 2060 846 2141 defectum
866 2083 887 2123 a
909 2059 978 2125 Deo
999 2062 1125 2142 ipnosci,
1148 2061 1203 2140 qui
1225 2061 1348 2141 asperis
1368 2061 1421 2124 de
1471 2060 1529 2137 tis,
1551 2060 1670 2124 faniam
1691 2067 1729 2122 ut
1750 2058 1952 2141 glorificetur
1974 2071 2068 2140 pater
2088 2058 2123 2121 in
2145 2058 2221 2121 filio.
2267 2058 2355 2123 Hine
2377 2061 2449 2124 sine

437 2144 590 2208 sumentis
617 2164 709 2225 saepe
739 2166 814 2210 suos
840 2151 970 2224 5555555,
998 2166 1035 2210 ac
1061 2147 1092 2211 si
1120 2147 1196 2210 data
1214 2146 1420 2228 5555511555
1471 2145 1693 2210 oontrovorsia
1712 2144 1839 2210 clarum
1861 2151 1920 2221 est,
1943 2163 1999 2209 eos
2020 2144 2079 2226 qui
2099 2144 2135 2207 in
2157 2143 2220 2208 ulio
2237 2165 2334 2226 quam
2349 2143 2459 2209 ohri-'

439 2250 546 2296 eorum
568 2230 654 2295 uellet
676 2232 878 2313 eustinpuere.
916 2230 1105 2296 Durissiuea
1126 2237 1171 2296 est
1190 2231 1265 2295 hoec
1285 2233 1418 2310 tentatia
1471 2230 1514 2295 sti
1539 2231 1674 2295 nomine
1695 2231 1808 2295 Deum
1828 2230 1998 2308 invocant,
2025 2229 2115 2294 illius
2140 2229 2230 2294 iussa
2251 2231 2449 2295 contumaci-

437 2316 493 2380 aar?
518 2316 655 2380 ciamare
682 2322 831 2399 coquntur
859 2316 965 2387 sidetes
993 2316 1084 2398 (ibid.
1103 2322 1159 2395 80,
1180 2316 1232 2401 5);
1264 2338 1420 2398 quousque
1470 2324 1523 2380 ter
1544 2317 1771 2398 praevaricari,
1794 2335 1832 2380 55
1853 2315 2055 2382 voluntatem
2076 2336 2135 2396 pro
2156 2315 2261 2378 nihilo
2279 2325 2433 2398 reputare
2440 2339 2449 2394 ;

440 2402 590 2466 irasceris
610 2421 705 2482 super
725 2404 861 2466 natione
882 2404 965 2467 serui
987 2403 1059 2470 tui?
1086 2422 1122 2466 ec
1150 2404 1180 2466 si
1201 2423 1309 2484 preces
1330 2404 1420 2484 ipsae
1472 2403 1601 2466 nullam
1620 2423 1699 2467 vero
1721 2402 1971 2484 promissionem
1998 2399 2119 2465 habore
2145 2399 2324 2484 quidquam
2345 2402 2449 2482 impe·

440 2486 546 2553 Deum
568 2487 791 2551 exacerbarent.
820 2488 882 2565 Sic,
904 2509 1001 2569 quum
1022 2489 1098 2554 dicit
1115 2487 1268 2552 Ieremias
1279 2488 1417 2572 (Thren
1471 2487 1590 2552 trandi.
1637 2486 1816 2570 Siquidem,
1851 2497 1888 2551 ut
1920 2488 1967 2551 ait
1998 2486 2123 2551 Paulus
2156 2486 2190 2565 (2
2215 2486 2289 2552 (tor.
2318 2490 2353 2565 1,
2381 2487 2449 2572 20),

441 2574 472 2650 3,
491 2572 543 2655 8)·
563 2572 694 2637 cadusit
714 2572 805 2638 Deus
825 2575 994 2638 5551555555
1013 2593 1123 2652 naam,
1144 2594 1205 2636 non
1226 2573 1356 2638 dubium
1373 2579 1420 2639 eet
1471 2594 1584 2638 omnes
1606 2572 1671 2638 Dei
1690 2573 1927 2654 promissiones
1955 2572 1990 2635 in
2022 2571 2154 2637 Christo
2183 2580 2262 2635 sunt
2288 2572 2388 2637 etiarn
2415 2580 2450 2636 et

439 2657 574 2721 55515555
579 2658 810 2739 perturbatione
825 2659 925 2740 fuisse
940 2679 1129 2724 wneussurn.
1159 2657 1334 2723 Innumero
1349 2661 1420 2724 eius
1472 2680 1585 2737 amen;
1607 2657 1641 2722 id
1662 2667 1714 2724 est
1735 2660 1973 2724 oonfirmantur
1995 2666 2028 2721 et
2049 2655 2236 2738 implentur.

436 2743 562 2824 pencris
578 2743 718 2823 exempla
734 2750 897 2809 occurrunt
908 2746 943 2807 in
958 2745 1134 2826 seripturis,
1153 2765 1191 2808 55
1207 2744 1321 2825 quihus
1331 2749 1419 2829 patet
1560 2747 1608 2808 18.
1652 2745 1703 2809 Ac
1723 2745 1887 2827 dilipentcr
1906 2743 2046 2808 notanda
2062 2749 2107 2808 est
2122 2743 2358 2808 circumstantia
2374 2749 2447 2807 tern-

436 2825 534 2906 fidem
553 2833 729 2892 sarcarum
750 2850 841 2910 saepe
861 2831 994 2894 miratam
1007 2831 1108 2911 fuisse
1129 2829 1375 2896 dubitationibus
1390 2834 1419 2896 et
1465 2831 1567 2912 poris,
1587 2830 1663 2894 dum
1677 2830 1822 2896 Christus
1842 2829 2013 2911 disciputus
2034 2829 2076 2893 ad
2097 2848 2189 2893 suane
2200 2829 2449 2893 intercessionem

438 2913 605 2995 opitatarn,
632 2918 667 2978 ut
693 2915 839 2980 credendo
866 2920 894 2979 ct
918 2916 1073 2996 55555555
1094 2917 1219 2998 aliquid
1247 2918 1418 2981 55555515-
1470 2915 1554 2980 iubet
1578 2917 1753 2999 confupere,
1775 2921 1946 2997 postquam
1971 2915 2008 2979 in
2034 2914 2149 2979 5551555
2174 2915 2351 2985 ascendnit.
2404 2914 2449 2977 In

435 2998 598 3079 fidelitatis
611 3001 794 3080 5555155555,
815 3002 870 3065 sed
890 3002 966 3082 quia
986 3021 1049 3067 555
1063 3003 1264 3083 perveniunt,
1285 3023 1345 3083 quo
1365 3022 1418 3083 op
1469 3002 1529 3068 iiia
1555 3001 1647 3080 tora,
1676 3003 1779 3083 inquit
1800 3000 1928 3085 (Ioann
1951 3005 2004 3077 16,
2024 3000 2097 3085 26),
2121 3001 2234 3080 petetis
2260 3001 2295 3063 in
2322 3001 2446 3064 5555555

438 3085 568 3148 tandum
601 3091 658 3164 est,
692 3106 725 3150 eo
748 3087 852 3169 niapis
878 3087 955 3151 eniti
983 3107 1034 3152 eos
1059 3093 1181 3169 eportet,
1208 3092 1243 3151 ut
1273 3089 1418 3153 correctis
1469 3107 1542 3152 mea.
1588 3085 1713 3152 Certum
1734 3088 1859 3169 quidun
1886 3092 1940 3164 est,
1967 3085 2007 3150 50
2027 3087 2120 3150 initio
2146 3105 2207 3149 nou
2225 3086 2327 3167 fuisse
2347 3105 2445 3150 erau-

437 3169 526 3233 aitiis
540 3171 676 3251 propius
701 3172 737 3235 ia
763 3171 831 3236 dies
857 3173 900 3236 ad
915 3173 1087 3255 perfectam
1115 3173 1229 3238 eundi·
1251 3173 1346 3256 155555
1367 3192 1417 3240 aa
1468 3174 1549 3239 ditos
1580 3175 1754 3255 quietusque
1773 3172 1897 3254 precati
1921 3176 2010 3250 sunt,
2039 3172 2106 3235 uisi
2131 3173 2313 3237 muneris
2330 3172 2446 3252 pratia

435 3256 554 3334 aedunt,
577 3275 614 3319 55
636 3257 752 3321 interea
773 3259 895 3336 sortire,
917 3259 953 3322 in
974 3262 1093 3339 quanta
1114 3259 1270 3324 auruum
1284 3259 1418 3342 profun-
1470 3258 1543 3323 Hac
1563 3259 1683 3324 ratione
1701 3260 1880 3324 instituerat
1901 3259 1937 3322 in
1953 3257 2016 3340 lepc
2035 3257 2155 3340 (Exod.
2174 3259 2224 3335 28,
2237 3260 2266 3320 0.
2281 3259 2319 3319 12
2338 3264 2372 3320 55
2389 3256 2447 3340 21)

435 3340 532 3404 ditate
552 3342 617 3405 sint
637 3343 783 3422 demersi,
812 3344 869 3424 qui
895 3343 931 3407 in
957 3344 1040 3424 ipsis
1066 3344 1213 3408 remediis
1239 3365 1334 3410 novos
1354 3346 1417 3411 sibi
1469 3344 1561 3411 Deus
1580 3350 1616 3409 ut
1635 3346 1722 3410 solue
1742 3344 1885 3410 sacerdes
1910 3344 2126 3408 sanctuarium
2154 3342 2331 3425 inprediens
2350 3347 2449 3425 pesta-

434 3426 555 3490 morus
577 3434 750 3507 5555555555,
778 3430 905 3510 quando
933 3429 1022 3494 nulia
1050 3434 1097 3494 est
1117 3432 1217 3495 oratio
1238 3451 1334 3511 quani
1354 3452 1417 3497 non
1468 3436 1515 3496 ret
1535 3431 1571 3495 in
1590 3430 1730 3496 humeris
1750 3432 1879 3495 nomino
1899 3429 2037 3494 tribuum
2055 3427 2169 3507 Israel,
2191 3434 2220 3493 et
2235 3429 2360 3493 totidem
2376 3432 2449 3492 ante

433 3512 545 3576 merito
563 3512 711 3594 fastidiat
730 3513 833 3594 Deus,
854 3515 920 3579 nisi
942 3513 985 3579 ad
1005 3515 1149 3581 maculas
1169 3517 1328 3581 connivent
1348 3519 1417 3597 qui·
1462 3521 1572 3598 pectus
1593 3517 1715 3599 lapides
1730 3518 1898 3600 pretiosos3
1920 3514 2062 3597 paula
2089 3519 2194 3579 555555
2214 3513 2328 3596 proed
2353 3518 2449 3578 staret

433 3597 492 3661 bns
513 3617 616 3664 55555
637 3620 785 3680 aspersu
809 3606 890 3664 sunt.
934 3599 1024 3666 Haec
1039 3621 1107 3666 non
1127 3601 1197 3666 ideo
1212 3621 1416 3668 5555555555
1468 3604 1504 3667 in
1524 3603 1624 3678 atria,
1653 3608 1745 3684 atque
1771 3602 1844 3668 inde
1870 3605 1942 3666 vota
1961 3621 2022 3665 sua
2044 3601 2236 3682 ocniunqeret
2256 3620 2327 3665 curn
2347 3619 2449 3664 55555-

433 3688 471 3747 ut
497 3683 561 3747 sihi
587 3685 758 3766 quidquam
782 3685 890 3766 fideles
916 3706 1021 3752 secure
1041 3685 1221 3766 5555155555,
1249 3689 1303 3753 sed
1326 3693 1361 3753 ut
1382 3710 1415 3754 se
1467 3688 1541 3754 date.
1589 3690 1673 3770 Quin
1705 3690 1800 3753 etiam
1830 3687 1890 3752 tre
1921 3686 2041 3751 5515055
2071 3684 2266 3765 suadeam
2297 3691 2332 3750 ut
2358 3690 2447 3751 ratae

433 3768 521 3848 ipses
542 3790 649 3854 555555
675 3773 855 3855 castipundo
882 3773 1063 3838 5555555555
1089 3792 1238 3854 sapuere
1265 3774 1340 3840 5555
1365 3774 1414 3840 oh
1466 3779 1566 3840 essent
1596 3794 1634 3839 55
1665 3774 1778 3854 pinnac
1799 3792 1916 3854 555555.
1965 3772 2053 3855 Erpa
2078 3772 2137 3836 itta
2163 3771 2343 3836 5555555115
2369 3771 2448 3854 aaa

432 3854 573 3933 5555515,
611 3860 638 3920 et
674 3859 819 3937 55555515
854 3878 959 3923 omnes
995 3860 1067 3924 aias
1100 3859 1255 3926 obstruere
1291 3865 1415 3926 5555555
1466 3861 1659 3924 anenata
1680 3859 1791 3940 dauid,
1811 3859 1916 3924 arceri
1931 3878 1989 3922 nos
2009 3877 2113 3923 55555
2129 3877 2151 3921 5
2171 3856 2254 3937 facie
2270 3856 2447 3937 11551555-

432 3944 527 4003 55555
547 3945 582 4004 nt
598 3961 648 4005 eos
665 3943 704 4008 ab
721 3945 839 4009 555555
854 3944 1027 4026 prohibeat,
1050 3943 1255 4010 nihilominus
1270 3968 1414 4029 perrari-
1465 3967 1524 4027 que
1541 3947 1709 4011 5555155555
1729 3966 1807 4026 opus
1827 3965 1907 4024 esse,
1934 3945 1990 4025 qui
2016 3945 2139 4008 nomine
2159 3948 2263 4007 uestro
2285 3948 2445 4024 appareat,

427 4029 524 4105 pant,
551 4031 630 4091 certo
651 4031 818 4110 55555555,
835 4034 1000 4111 utcunque
1026 4051 1088 4096 nan
1114 4031 1256 4096 omnibus
1281 4035 1414 4097 remoris
1464 4052 1580 4113 nosque
1597 4037 1691 4114 pestet
1708 4033 1744 4096 in
1765 4031 1913 4109 55555515,
1936 4030 2098 4111 etpeateri
2115 4029 2261 4112 51595555
2281 4033 2388 4107 tenea,
2410 4033 2447 4092 ut
2491 4033 2503 4049 ⁸

432 4111 569 4192 expedit?
591 4112 662 4193 sint,
684 4120 811 4181 5555555
831 4120 934 4181 tamen
953 4136 1028 4182 suos
1044 4115 1113 4182 Dee
1128 4117 1264 4197 plaeere,
1285 4124 1414 4200 uotaque
1465 4118 1501 4181 in
1522 4119 1591 4182 eius
1605 4138 1746 4200 persona
1766 4117 1978 4182 5555515555
1984 4139 1994 4193 ;
2021 4115 2133 4180 deinde
2153 4116 2320 4197 sanpuinis
2339 4134 2446 4193 uspu-

431 4215 495 4261 sua
520 4196 669 4278 55055,
702 4202 791 4266 nudo
824 4203 1004 4269 5555555555
1035 4207 1062 4267 et
1093 4203 1235 4269 nitantur
1260 4225 1319 4286 quo
1351 4225 1413 4270 nen
1464 4204 1550 4268 51555
1565 4223 1675 4284 preces
1690 4204 1851 4282 mundari,
1874 4222 1956 4284 quas
1976 4202 2095 4288 alioqui
2115 4221 2278 4282 nunquam
2299 4199 2445 4264 55555055

432 4283 539 4347 statim
553 4285 743 4368 pertinpunt.
868 4319 870 4322 ⁴
1463 4309 1581 4355 uacuas
1612 4310 1678 4356 esse
1708 4290 1825 4354 dietum
1851 4294 1903 4355 est.
1946 4286 1991 4352 Et
2015 4288 2157 4352 5155555
2184 4291 2317 4361 sanctes,
2345 4303 2442 4363 quum

522 4373 569 4433 17.
615 4369 755 4452 Quando
780 4393 859 4439 vero
881 4395 977 4440 nemo
999 4382 1049 4438 est
1077 4375 1251 4440 hominum
1282 4376 1411 4460 dignus,
1464 4375 1631 4457 impetrare
1652 4375 1777 4456 aliquid
1797 4378 1953 4457 eupuent,
1979 4393 2066 4453 spera
2093 4392 2186 4438 55555
2213 4372 2249 4434 iu
2274 4369 2443 4449 sacrifieiis

430 4453 488 4604 gui
511 4475 546 4518 se
568 4454 641 4521 Deo
663 4465 885 4541 repraesentet
906 4482 944 4525 55
965 4460 1002 4523 in
1020 4460 1091 4526 eius
1109 4468 1319 4544 conspertum
1335 4484 1412 4545 pro-
1463 4460 1632 4541 1555555
1665 4463 1744 4542 quia
1769 4460 1907 4527 55150555
1933 4465 2070 4524 vuauu
2097 4458 2234 4523 onmium
2258 4475 2323 4520 esse
2353 4474 2445 4519 sonc-

453 4546 522 4619 eat,
556 4542 626 4624 ipse
653 4546 801 4611 eoelestis
829 4552 938 4629 pater,
969 4552 1006 4608 ut
1032 4567 1093 4610 nos
1114 4547 1239 4631 pudore
1259 4549 1357 4613 simut
1385 4553 1413 4613 et
1464 4546 1568 4612 55555.
1602 4547 1793 4613 Recordetur
1813 4547 1977 4612 oblationis
1993 4550 2072 4625 tuae,
2092 4545 2196 4626 inquit
2210 4540 2321 4605 Dauid
2339 4540 2442 4625 (Psal

428 4631 511 4692 metu
532 4629 705 4709 eximeret,
724 4631 782 4713 qui
802 4637 932 4697 nostros
954 4632 1104 4697 omnium
1125 4634 1252 4700 animos
1274 4634 1412 4700 deiicere
1465 4635 1515 4710 20,
1534 4632 1570 4716 4)
1592 4639 1620 4698 et
1641 4632 1854 4698 5555555555
1872 4638 1961 4696 tuum
1977 4632 2098 4713 pinque
2118 4627 2235 4694 reddat.
2279 4627 2365 4692 Hinc
2385 4628 2444 4692 al-

430 4711 607 4792 debebant,
640 4716 746 4780 filium
773 4717 868 4782 nobis
896 4723 994 4782 suum
1022 4717 1157 4786 donavit
1178 4720 1290 4786 Iesum
1311 4720 1411 4786 chri-
1463 4718 1589 4803 lipitur,
1622 4717 1728 4784 Deum
1759 4718 1799 4783 ab
1829 4719 1921 4782 initio
1949 4716 2070 4782 Christi
2099 4714 2311 4795 deprecatione
2342 4714 2443 4794 faisse

428 4804 517 4862 stum
537 4799 719 4865 Dominum
739 4807 889 4868 nostrum
895 4825 904 4882 3
932 4805 989 4886 qui
1011 4804 1099 4886 apud
1121 4807 1231 4889 ipsum
1252 4806 1347 4871 nobis
1367 4808 1412 4873 sit
1457 4807 1630 4887 placatum,
1650 4809 1685 4869 ut
1700 4805 1831 4885 piorurlr
1851 4808 1922 4868 rua
1942 4804 2119 4884 ncsaperet.
2159 4798 2224 4865 Gur
2244 4819 2314 4882 erpo
2332 4819 2444 4863 nouom

428 4881 606 4950 advocatus
628 4894 661 4950 et
680 4887 842 4953 mediator
864 4888 897 4974 (1
918 4889 1001 4954 aim.
1025 4894 1059 4969 2,
1080 4895 1098 4953 5
1105 4915 1114 4971 ;
1143 4898 1156 4954 1
1178 4891 1293 4957 Ioann.
1314 4896 1343 4970 2,
1366 4893 1409 4978 1),
1461 4892 1572 4958 huam
1592 4892 1734 4974 55515555
1753 4888 1904 4967 eamus
1927 4909 1990 4970 qua
2010 4890 2047 4952 iu
2067 4907 2124 4953 555
2140 4885 2263 4951 nornine
2283 4906 2375 4950 orare
2395 4886 2442 4948 in·

428 4969 521 5032 euius
543 4968 642 5035 duotu
659 4972 706 5036 ad
726 4975 835 5056 ipsum
856 4996 971 5042 secure
996 4975 1203 5055 acaedamus,
1226 4978 1285 5043 tali
1307 4979 1409 5043 inter-
1461 4979 1578 5060 cipient
1597 4976 1764 5056 discipuli,
1791 4975 1857 5040 nisi
1878 4976 1955 5056 quia
1976 4974 2049 5039 haec
2067 4974 2191 5056 pratia,
2217 4976 2253 5035 ut
2280 4977 2326 5035 est
2352 4970 2442 5036 hodie

427 5074 556 5152 sessore
581 5058 702 5136 confisi,
730 5060 827 5139 nihil,
851 5061 937 5144 quod
958 5063 1029 5128 eius
1051 5064 1184 5128 nomine
1206 5064 1408 5145 petierimus,
1460 5064 1627 5141 51555155,
1648 5063 1695 5126 ita
1708 5061 1787 5142 pins
1808 5060 2079 5126 mmmendationis
2099 5058 2188 5140 apud
2207 5077 2264 5122 nos
2284 5055 2442 5122 paretur?

427 5139 523 5205 nobis
545 5139 742 5226 denegatum
762 5146 819 5224 iri,
848 5155 886 5211 ut
913 5147 963 5211 illi
990 5168 1010 5211 5
1031 5155 1125 5231 patre
1146 5149 1230 5213 nihil
1253 5149 1409 5234 denegari
1461 5148 1506 5214 Et
1524 5148 1579 5213 555
1600 5147 1703 5213 eodern
1723 5168 1817 5213 sensu
1833 5148 1933 5228 paulo
1954 5151 2025 5211 autc
2045 5146 2187 5210 dixerat:
2212 5143 2360 5208 hactenus
2379 5162 2441 5206 555

425 5233 541 5310 potest
575 5227 679 5310 Atque
699 5229 759 5296 555
779 5234 903 5297 omnino
923 5234 1036 5314 referri
1056 5235 1430 5317 praeruptaque
1455 5235 1582 5318 petistis
1603 5235 1776 5316 quidquam
1805 5234 1841 5298 in
1867 5234 1991 5298 nornine
2011 5251 2093 5296 meo:
2114 5231 2218 5312 petite.
2264 5229 2339 5293 Non
2359 5227 2441 5311 quad

426 5313 553 5379 5555555
575 5317 613 5380 de
633 5314 696 5395 fide
717 5317 894 5397 docuimus;
915 5320 993 5399 quia
1013 5321 1107 5384 sicuti
1123 5321 1296 5401 5555555515
1318 5320 1408 5386 0551-
1459 5322 1498 5387 de
1517 5320 1699 5386 nunnus
1719 5319 1822 5400 officio
1848 5319 1931 5385 ndrii
1946 5337 2082 5401 prorata
2104 5320 2236 5382 15555555
2256 5315 2369 5397 (quun
2390 5313 2441 5377 iis

426 5404 510 5465 stane
530 5401 729 5466 mediatorem
748 5404 836 5468 nohis
856 5405 1058 5484 5555555555,
1082 5407 1143 5485 ita,
1171 5407 1237 5470 nisi
1257 5427 1329 5488 spes
1350 5408 1407 5470 ine
1458 5407 1648 5473 ”adimentis
1663 5404 1777 5470 imbuti
1797 5410 1897 5471 essert
1916 5425 2020 5470 ornnes
2041 5402 2182 5486 Iudaei),
2203 5400 2257 5465 sed
2277 5401 2441 5480 quianon-

420 5487 763 5565 pdrandieosubnisa
773 5489 824 5566 sit,
842 5490 956 5554 orandi
972 5490 1115 5573 beneficio
1125 5512 1158 5555 se
1166 5493 1286 5572 privat.
1320 5492 1408 5557 Nam
1458 5494 1534 5558 dum
1553 5492 1674 5573 liquido
1694 5495 1910 5575 5555555555,
1933 5489 2094 5555 murum
2113 5508 2171 5552 sua
2190 5487 2227 5575 iu
2247 5484 2363 5549 uelum
2388 5503 2439 5547 os-

426 5569 613 5636 simulacta
634 5574 866 5638 mutuaverit
887 5573 1407 5659 tunditisDeinraiestas,fieri
1458 5599 1550 5644 55555
1575 5578 1730 5643 certiorem
1762 5597 1857 5658 quarn
1893 5581 1964 5640 5555
1993 5576 2063 5657 fore
2090 5572 2232 5638 55515555
2257 5573 2436 5650 patronum.

425 5673 488 5721 non
502 5662 605 5738 potest
621 5660 698 5740 quin
715 5679 964 5741 capuaescamus,
986 5680 1023 5727 ac
1041 5682 1099 5729 nos
1115 5663 1315 5746 irrdipnitatis
1328 5684 1406 5747 pro-
1458 5663 1547 5749 Frpo
1578 5664 1734 5730 50555555
1764 5682 1842 5726 suae
1868 5662 2005 5728 55155555
2029 5664 2065 5723 rt
2090 5657 2196 5740 atiquo
2222 5675 2284 5720 nen
2309 5653 2438 5738 eaput
