5600 6809
396 774 459 835 409
658 769 748 835 mu
770 769 833 833 ru
877 770 941 836 nn
963 768 1099 836 nono
1121 767 1467 836 ennommnnss
1490 768 1684 872 onemu-
1702 746 1919 836 ansrnn.
1965 769 2064 837 one.
2087 771 2132 835 n.
2333 776 2398 835 no
2503 790 2507 802 ·

396 959 451 1041 qni
472 978 533 1039 per
558 956 679 1041 tegulas
700 958 915 1039 paralyticum
936 958 1141 1038 derniserant;
1167 963 1195 1022 et
1221 960 1289 1039 ipse
1310 959 1373 1024 οἶα·
1424 979 1495 1023 esse
1523 959 1607 1024 filios
1629 957 1702 1024 Dei.
1747 961 1793 1023 Et
1819 981 1898 1024 sane
1921 968 2010 1026 certo
2031 961 2151 1039 sciunt,
2183 959 2240 1024 sed
2268 959 2398 1024 danae

396 1050 460 1109 mat
481 1064 514 1108 se
533 1064 595 1107 nou
615 1044 768 1108 invenisse
787 1048 907 1107 tantam
925 1044 1020 1123 fidem
1041 1045 1075 1107 in
1099 1043 1201 1108 Israel
1222 1050 1372 1125 quantam
1423 1045 1572 1109 veritatis
1594 1047 1801 1128 persuasione
1823 1047 2006 1110 confirmati
2029 1047 2149 1128 magis,
2179 1066 2276 1126 quam
2300 1048 2399 1110 ratio-

395 1131 532 1196 centnrio
560 1129 706 1193 attuluat
732 1127 822 1211 (ibid.
848 1134 883 1206 8,
910 1129 973 1212 10).
1018 1129 1117 1209 Atqui
1138 1130 1300 1209 probabile
1328 1136 1373 1194 est
1423 1129 1491 1194 nali
1524 1129 1800 1195 demonstratione
1832 1130 1945 1195 edocti.
1996 1130 2032 1194 ld
2064 1130 2210 1194 indicant
2242 1138 2275 1194 et
2302 1132 2399 1196 Pauli

396 1218 545 1281 intentmn
559 1235 697 1295 prorsus
712 1214 813 1295 fuisse
829 1215 872 1278 ad
887 1215 950 1295 (ilii
965 1217 1166 1293 sanationem,
1189 1218 1279 1280 cuius
1295 1236 1372 1279 cura
1425 1216 1525 1281 verba
1546 1216 1580 1299 (2
1600 1217 1672 1281 Gor.
1694 1223 1727 1294 5,
1749 1217 1797 1300 6),
1826 1237 1886 1280 nos
1908 1218 1943 1281 in
1965 1217 2027 1282 hoc
2049 1237 2181 1298 corpore
2203 1215 2398 1294 habitantes,

395 1304 596 1382 occupauerat
617 1305 711 1364 totum
727 1301 796 1363 eim
813 1302 962 1364 animum.
998 1300 1059 1365 Sed
1075 1303 1152 1381 quia
1169 1301 1233 1365 solo
1254 1299 1372 1365 Christi
1424 1302 1607 1366 aDomino
1628 1303 1846 1386 peregrinari,
1875 1305 1951 1385 quia
1977 1324 2036 1385 per
2064 1300 2164 1365 fidem
2185 1302 2399 1379 ambulamus,

396 1392 476 1451 nutu
498 1392 525 1450 et
545 1405 691 1466 responso
712 1391 867 1450 cantemus
877 1387 1063 1465 corporalem
1078 1388 1291 1465 praesentiam
1312 1406 1373 1451 nou
1424 1408 1490 1450 non
1522 1408 1581 1469 per
1613 1400 1779 1470 aspectum
1786 1412 1794 1466 ;
1827 1389 1944 1469 quibus
1971 1387 2128 1464 ostendit,
2162 1407 2201 1449 ea
2227 1407 2310 1468 quae
2341 1408 2401 1469 per

393 1473 525 1555 flagitat,
547 1471 643 1535 larius
665 1472 913 1535 circumstantiae
930 1492 1025 1536 causa
1046 1476 1201 1552 tantopere
1217 1473 1373 1537 ertollitur
1425 1470 1521 1535 fidem
1550 1473 1764 1556 intelligimus
1793 1496 1812 1537 a
1840 1474 1942 1555 nobis
1959 1482 2070 1537 tamen
2092 1473 2205 1537 abesse
2232 1480 2264 1534 et
2290 1493 2400 1553 aspec-

397 1560 466 1624 aas
485 1558 573 1639 fides.
601 1556 647 1620 Et
668 1577 768 1636 nuper
789 1557 950 1623 docuimus
969 1557 1107 1621 Paulum
1125 1557 1156 1639 (l
1179 1557 1253 1621 Gor.
1276 1563 1324 1635 13,
1337 1557 1373 1641 2)
1426 1565 1496 1620 tum
1518 1567 1668 1622 nostrum
1688 1559 1799 1623 latere.
1837 1558 1934 1624 Unde
1956 1560 2131 1623 statuimus
2151 1557 2229 1623 fidei
2250 1558 2401 1621 notitiam

398 1644 534 1723 accipere
554 1643 648 1723 pidem
665 1662 725 1722 pro
747 1644 825 1707 dorm
846 1644 1085 1720 miraculorum,
1106 1664 1165 1722 quo
1181 1643 1297 1722 pollent
1318 1644 1374 1723 qui
1426 1643 1620 1708 certitudine
1640 1646 1746 1727 magis
1768 1665 1865 1725 quam
1887 1645 2144 1727 apprehensione
2166 1643 2335 1707 contineri.

397 1749 451 1794 nec
477 1730 594 1809 spiritu
616 1727 679 1791 Dei
705 1733 779 1792 sarit
805 1729 949 1810 rependi,
979 1749 1032 1792 nec
1059 1749 1129 1792 eum
1155 1730 1237 1792 serio
1264 1729 1372 1793 colunt.
1515 1734 1562 1792 15.
1608 1728 1784 1804 Addimus,
1809 1739 1930 1794 certam
1953 1752 1990 1795 ac
2011 1732 2158 1804 firmam,
2183 1747 2247 1810 quo
2270 1727 2402 1791 solidior

398 1814 489 1880 Alibi
514 1816 607 1878 etiam
627 1813 720 1893 fidem
735 1814 828 1895 ponit
843 1833 906 1893 pro
926 1814 1080 1892 dodmna,
1110 1834 1172 1894 qua
1192 1815 1227 1876 in
1246 1815 1307 1895 fide
1326 1815 1374 1877 in-
1425 1816 1644 1897 persuasionis
1659 1816 1848 1880 constantia
1876 1817 2087 1898 exprimatur.
2132 1814 2220 1877 Nam
2242 1821 2281 1876 ut
2303 1812 2402 1878 dubia

398 1901 568 1965 stituimur.
613 1899 700 1962 Nam
733 1918 828 1978 quarn
859 1899 967 1962 scribit
993 1898 1083 1983 (ibid.
1112 1905 1166 1976 13,
1196 1899 1250 1983 10)
1281 1901 1374 1979 fidem
1426 1908 1459 1964 et
1481 1900 1625 1965 versatili
1647 1901 1795 1982 opinione
1818 1920 1883 1965 non
1907 1908 1956 1965 ost
1978 1896 2129 1965 contentia
2149 1899 2244 1977 fides,
2273 1900 2320 1962 ita
2341 1921 2401 1965 nec

400 1986 587 2063 abolendam,
609 2005 670 2048 non
692 1984 822 2048 dubium
843 1990 886 2047 est
907 1985 942 2048 id
959 1985 1073 2065 referri
1094 1986 1137 2049 ad
1154 1985 1295 2049 eundae
1316 1987 1375 2048 mi·
1426 1986 1563 2050 obscura
1595 1985 1812 2068 perplexaque
1845 1988 2069 2067 conceptioue;
2109 1985 2166 2049 sed
2202 1985 2335 2066 plenam
2369 1992 2402 2049 et

399 2073 572 2149 nummum,
594 2071 675 2151 quod
696 2070 874 2150 intirmitati
895 2075 1019 2134 nostrae
1039 2070 1128 2135 lodie
1150 2071 1225 2134 utile
1246 2076 1297 2134 est.
1332 2069 1374 2134 In
1424 2072 1542 2149 fixam,
1571 2071 1676 2153 qualis
1704 2070 1744 2135 de
1771 2070 1867 2135 rebus
1896 2073 2068 2155 compertis
2095 2080 2128 2133 et
2159 2070 2303 2154 probatis
2331 2091 2401 2134 esse

400 2157 450 2220 tis
476 2157 599 2238 quidon
625 2156 770 2236 loquendi
793 2155 907 2236 formis
934 2161 1050 2220 condat
1072 2157 1227 2238 anampio.
1274 2155 1374 2221 Caete-
1426 2157 1521 2235 solet,
1543 2157 1771 2221 certitudinem
1791 2159 1936 2238 requirit.
1984 2158 2064 2221 Tam
2085 2157 2146 2219 alte
2165 2157 2248 2220 enim
2268 2160 2297 2218 et
2314 2157 2401 2219 radi·

400 2263 471 2306 mm
491 2241 546 2306 aot
565 2243 738 2324 improprie
759 2242 950 2322 tromfemur
970 2262 1078 2306 norun
1098 2242 1174 2322 fidei
1195 2242 1237 2304 ad
1256 2241 1374 2323 scham
1425 2243 1506 2308 citus
1526 2242 1630 2306 lueret
1651 2244 1685 2306 in
1708 2243 1851 2307 sordidus
1872 2244 1987 2308 nostris
2008 2241 2220 2318 incredulitas,
2246 2247 2274 2303 et
2294 2242 2341 2304 ita
2358 2242 2401 2305 ad

396 2327 618 2410 professionem
649 2327 696 2391 ael
727 2326 901 2390 mendacem
931 2327 1070 2406 titulum,
1103 2327 1202 2391 nihilo
1234 2329 1375 2407 asperior
1426 2348 1495 2390 cam
1515 2348 1627 2391 sumus
1644 2330 1801 2410 propensi,
1823 2333 1858 2391 ut
1880 2330 1960 2409 quod
1982 2349 2033 2391 ore
2052 2328 2192 2409 fatentm
2204 2346 2315 2403 munes,
2338 2326 2400 2388 De·

400 2415 500 2478 uideri
522 2413 603 2478 debet
622 2412 818 2496 κατάχρησις,
841 2431 937 2492 quam
954 2412 1015 2476 udi
1042 2414 1135 2477 timor
1155 2411 1220 2476 Dei
1242 2415 1375 2494 ponitur
1425 2433 1480 2476 um
1502 2433 1566 2476 esse
1585 2413 1715 2492 fidelem,
1738 2435 1799 2477 non
1810 2414 1925 2496 absque
1942 2414 2041 2478 arduo
2055 2413 2219 2477 certamine
2236 2413 2401 2492 quisquam

388 2508 457 2581 ‘pro
485 2500 595 2563 vitioso
627 2504 654 2562 et
680 2517 827 2578 perverso
857 2498 948 2561 crdtu.
995 2498 1095 2562 Sicuti
1125 2518 1220 2579 qaum
1248 2499 1375 2577 saepius
1425 2498 1487 2561 sili
1508 2499 1703 2577 persuadeat.
1750 2499 1941 2564 Praesertim
1967 2499 2022 2562 uli
2048 2499 2091 2563 ad
2119 2517 2185 2561 rem
2206 2503 2328 2560 cerdrrm
2348 2503 2400 2575 est,

400 2585 516 2649 duitor
537 2586 572 2647 in
591 2603 683 2647 saera
704 2583 849 2661 liseria,
875 2589 977 2665 portes
997 2589 1132 2661 eeteros,
1155 2585 1292 2665 quaein
1317 2582 1374 2646 Sa
1426 2583 1564 2646 omnium
1595 2584 1752 2647 vacillatio
1779 2585 1888 2667 detegit
1917 2586 2030 2649 uitium
2061 2583 2142 2665 quod
2174 2582 2291 2647 latebat.
2337 2583 2402 2645 Nec

400 2671 539 2733 mariam
577 2675 606 2732 et
638 2669 742 2732 meina
774 2668 838 2731 loca
871 2669 1030 2732 traductae
1058 2671 1197 2750 fumant,
1233 2671 1375 2733 timuisse
1425 2689 1496 2732 cero
1516 2667 1640 2749 frustra
1667 2674 1732 2733 tam
1758 2671 1933 2751 insignitus
1958 2671 2065 2752 elogiis
2090 2668 2178 2732 umbo
2200 2667 2264 2731 Ilei
2285 2669 2401 2731 aumri

401 2754 488 2818 Deos
507 2755 631 2835 fictitim
654 2759 682 2818 et
702 2752 807 2816 Deum
830 2752 950 2830 Israel·
977 2755 1057 2833 qued
1082 2756 1260 2819 tantundem
1287 2753 1374 2832 eald,
1426 2759 1519 2818 tatem
1546 2756 1660 2817 asserit
1685 2755 1818 2834 spiritus
1839 2760 1983 2835 sanum,-
2010 2756 2064 2819 sed
2089 2754 2194 2818 morbo
2220 2773 2309 2833 quern
2331 2754 2402 2817 diei

402 2861 438 2905 ac
464 2840 579 2903 coelum
600 2844 701 2904 terrae
721 2839 855 2902 mucere.
902 2837 964 2903 Sed
990 2860 1073 2903 nunc
1096 2842 1277 2920 quaerimus
1297 2840 1375 2921 qnid
1426 2839 1543 2902 mederi
1569 2839 1647 2917 uult,
1674 2845 1709 2903 ut
1734 2838 1824 2903 Deris
1852 2842 1888 2903 in
1914 2842 1984 2903 suis
2005 2840 2176 2919 prornmsis
2198 2838 2328 2918 plerum
2354 2839 2402 2901 od-

402 2927 444 2992 sit
463 2924 542 3005 fides
563 2947 643 3006 quae
663 2925 749 3004 filios
770 2922 835 2987 Dei
857 2924 895 2986 ad
916 2925 1086 2989 incredulis
1107 2927 1285 3009 distinqui,
1312 2946 1375 3005 qua
1426 2926 1523 2988 lineat
1542 2925 1629 3007 apud
1646 2945 1702 2989 nos
1718 2924 1821 3004 fidem
1856 2925 1994 3004 Elaqmu
2007 2925 2146 3001 leloeae,
2169 2924 2290 3003 eloqrria
2302 2921 2427 3004 pura,'

402 3010 506 3076 Deum
527 3012 707 3075 invocamus
722 3014 859 3089 patrem,
888 3030 950 3089 qua
976 3012 1152 3075 transimus
1178 3032 1199 3074 a
1226 3016 1320 3074 morte
1340 3012 1375 3074 in
1426 3011 1529 3091 inquit
1550 3010 1660 3075 Dauid
1681 3009 1783 3095 (Psal.
1806 3014 1861 3088 12,
1883 3010 1933 3093 7),
1956 3015 2118 3092 arpentum
2138 3009 2247 3088 fusum
2274 3010 2309 3072 in
2337 3009 2402 3073 eei

402 3098 506 3175 mtam,
529 3103 556 3161 et
575 3118 638 3177 qua
652 3095 812 3173 Christus,
835 3100 959 3159 artemia
982 3097 1071 3160 salus
1089 3103 1117 3160 et
1134 3097 1211 3173 cita,
1233 3098 1269 3159 in
1287 3096 1375 3161 nolis
1426 3097 1490 3159 mio
1507 3097 1606 3160 catino
1623 3101 1731 3174 terrae,
1744 3101 1918 3178 purpatum
1934 3097 2053 3176 septies.
2078 3095 2156 3157 ltem
2167 3093 2258 3171 (ibid.
2271 3098 2319 3171 18,
2331 3094 2402 3175 31).-

401 3181 526 3246 liaditat.
572 3183 657 3246 Eius
685 3187 788 3245 autem
815 3182 879 3244 eim
906 3187 934 3244 et
959 3187 1107 3246 amaram
1128 3182 1258 3247 breuiter
1281 3188 1309 3245 et
1328 3183 1375 3246 di-
1426 3201 1525 3244 seruo
1545 3179 1675 3246 Ieltorue
1696 3186 1848 3260 excoctus,
1875 3183 2000 3263 clypeus
2025 3186 2069 3244 est
2090 3180 2230 3242 omrridus
2251 3178 2401 3257 confidem

400 3266 499 3332 lucide
520 3268 705 3348 explicuisse
726 3267 839 3330 caen.
1426 3266 1508 3330 tibus
1528 3268 1564 3330 iu
1585 3269 1663 3348 ipso.
1709 3266 1829 3332 Solorno
1857 3272 1959 3332 auton
1980 3268 2063 3332 mem
2083 3264 2270 3345 confirmans
2291 3263 2401 3342 elfere
2532 3264 2534 3266 ’

489 3359 536 3417 14.
576 3353 601 3437 ¹)
613 3354 711 3417 Nunc
733 3352 879 3433 singulas
900 3360 1011 3434 partes
1032 3352 1223 3432 definitionis
1244 3353 1313 3416 eius
1334 3352 1374 3416 de
1425 3354 1538 3417 iisdem
1554 3354 1670 3416 urens:
1690 3354 1792 3417 ornnis
1812 3373 1911 3418 sermo
1928 3352 1992 3417 Dei
2008 3357 2146 3417 camdus
2166 3350 2277 3433 (Prov.
2292 3352 2342 3426 30,
2356 3349 2401 3430 5).

400 3440 526 3524 integro
563 3459 814 3521 persequamur,
855 3439 972 3520 quibus
1012 3438 1185 3522 diligenter
1217 3438 1372 3517 excussis,
1429 3437 1491 3503 Sed
1517 3439 1593 3519 quia
1621 3440 1657 3501 in
1682 3438 1736 3502 loc
1755 3440 1822 3521 fere
1850 3443 2027 3522 argumento
2051 3437 2200 3500 Psalmus
2221 3435 2401 3499 mmesimus

399 3525 482 3589 nihil
501 3526 555 3610 (ut
571 3524 699 3607 opinor)
717 3522 853 3588 dubium
871 3525 1014 3589 restabit.
1048 3523 1277 3606 Oognitionem
1295 3523 1374 3587 dum
1425 3526 1563 3589 decimus
1582 3544 1682 3588 nonus
1698 3529 1897 3605 curcumdar,
1913 3524 2012 3606 plura
2028 3524 2157 3587 recitare
2173 3539 2401 3601 supervacuum

400 3632 561 3688 vocamus,
584 3632 650 3674 non
672 3608 885 3691 intelligimus
908 3610 1244 3692 comprehensionem,
1267 3609 1374 3692 qualis
1427 3615 1511 3674 esset.
1558 3608 1643 3673 Certe
1672 3611 1791 3691 quoties
1823 3613 1868 3676 ita
1900 3630 1993 3675 acum
2019 3629 2186 3672 ammonent
2212 3606 2400 3670 commendat

400 3717 469 3761 esse
491 3697 573 3762 solet
594 3716 707 3760 earum
729 3715 848 3773 rorum,
871 3715 953 3776 quae
975 3697 1035 3762 sub
1045 3695 1226 3760 humanum
1240 3715 1375 3760 sensum
1427 3696 1515 3759 nebu
1546 3694 1651 3772 Deus,
1684 3695 1802 3776 allique
1832 3695 2075 3761 incredulitaten
2107 3695 2193 3758 nodis
2219 3691 2400 3771 eeprolrat:

400 3781 528 3847 cadunt.
574 3781 665 3846 Adeo
692 3780 781 3844 enirn
808 3781 958 3862 superior
986 3790 1050 3861 est,
1081 3788 1119 3845 ut
1145 3789 1289 3846 mentem
1307 3780 1374 3863 ,ho-
1427 3781 1505 3862 quia
1532 3801 1593 3843 non
1619 3780 1683 3844 alio
1709 3781 1805 3845 mndit
1831 3783 1898 3846 nisi
1922 3787 1957 3844 ut
1971 3800 2139 3863 perversas
2159 3778 2401 3844 dubitationese

399 3869 496 3932 minis
521 3890 556 3932 se
582 3868 689 3949 ipsam
710 3864 866 3930 excedere
892 3874 925 3930 et
945 3887 1099 3948 superare
1121 3874 1282 3950 oporteat,
1310 3885 1374 3948 quo
1426 3866 1569 3930 cordibus
1595 3868 1712 3930 nosris
1739 3868 1879 3932 eradicet.
1930 3866 2020 3932 Sunt
2047 3867 2142 3930 etiarn
2165 3863 2319 3947 permulti
2346 3863 2403 3943 qui

400 3952 441 4017 sd
462 3953 554 4017 illam
573 3954 748 4036 pertingat.
777 3951 904 4033 'Neque
926 3953 1024 4016 etiam
1045 3955 1102 4018 ubi
1122 3955 1264 4036 pertigit,
1287 3950 1374 4034 quod
1426 3952 1492 4016 Dei
1514 3952 1769 4017 misericordiam
1788 3954 1834 4020 sio
1848 3954 2044 4037 concipiunt,
2068 3959 2106 4014 ut
2119 3971 2217 4032 quarn
2228 3950 2402 4013 minimum

402 4040 504 4104 senat
530 4040 728 4121 assequitur,
758 4036 816 4100 sed
843 4036 923 4100 dum
948 4058 1139 4119 persuasum
1162 4040 1260 4103 habet
1287 4035 1374 4120 quod
1427 4037 1657 4103 consolationis
1678 4037 1754 4102 inde
1776 4039 1942 4122 recipiant.
1973 4037 2081 4103 Simul
2100 4038 2189 4101 enim
2206 4037 2325 4100 misera
2342 4055 2402 4098 an·

402 4146 468 4188 non
491 4126 590 4207 capit,
616 4124 689 4207 plus
717 4124 788 4205 ipsa
815 4123 1033 4203 persuasionis
1055 4123 1251 4189 certitudine
1277 4123 1374 4187 intel·
1425 4125 1549 4188 xietate
1571 4125 1855 4207 constringuntur,
1879 4124 1958 4188 dum
1980 4124 2131 4189 dubitant
2153 4144 2195 4186 an
2217 4121 2402 4185 misericors

401 4209 473 4294 ligit
508 4210 653 4293 quamsi
676 4209 857 4272 humanum
878 4208 999 4293 aliquid
1021 4230 1081 4272 sua
1102 4211 1279 4291 capacitate
1300 4230 1374 4291 per·
1426 4209 1487 4273 sibi
1510 4210 1555 4272 sit
1575 4210 1719 4288 futurum
1750 4211 1828 4292 quia
1853 4209 1944 4274 illam
1965 4211 2084 4292 ipsam,
2115 4207 2155 4272 de
2182 4229 2246 4289 qua
2267 4227 2401 4288 persua

402 4296 587 4379 spiceret.²)
632 4293 742 4374 Quare
770 4295 937 4377 eleganter
965 4294 1089 4359 Paulus
1122 4294 1222 4378 (Eph.
1248 4298 1282 4372 3,
1309 4294 1373 4378 18),
1426 4295 1545 4359 sissimi
1578 4295 1641 4358 sibi
1668 4294 1834 4374 videntia,
1864 4296 2071 4360 clementiam
2102 4295 2241 4357 nimium
2272 4290 2401 4372 exiguis

402 4383 454 4464 qui
477 4382 510 4446 id
529 4387 625 4446 vocat
642 4378 915 4462 comprehendere
936 4401 1020 4462 quae
1039 4381 1082 4442 sit
1098 4378 1278 4461 longitudo,
1300 4379 1374 4443 lati-
1425 4381 1546 4445 finibus
1563 4381 1752 4445 terminant.
1780 4381 1906 4445 Etenim
1926 4382 1974 4445 ita
1995 4402 2105 4446 secum
2122 4385 2284 4459 reputant,
2307 4395 2399 4456 mag-

402 4467 486 4545 tudo,
509 4464 712 4550 profrmditas
734 4473 767 4529 et
784 4465 976 4542 sublimitas,
1000 4472 1033 4529 et
1050 4485 1244 4548 cognoscere
1261 4485 1374 4547 super·
1426 4485 1504 4529 nam
1525 4466 1659 4548 quidem
1680 4487 1753 4531 eam
1771 4488 1841 4532 esse
1862 4473 1896 4530 et
1913 4468 2084 4548 copiosam,
2108 4465 2246 4528 effusam
2263 4463 2298 4524 in
2316 4458 2400 4523 mul·

401 4555 598 4617 eminentem
631 4552 808 4634 cognitioni
839 4550 1044 4616 dilectionem
1073 4551 1209 4615 Christi.
1260 4550 1375 4614 Voluit
1426 4559 1486 4630 tos,
1509 4553 1639 4617 obviam
1661 4552 1814 4617 omnibus
1836 4561 1870 4616 et
1886 4558 2051 4635 paratam3
2075 4549 2131 4614 sed
2149 4551 2313 4612 incertum
2330 4566 2401 4610 esse

401 4639 488 4702 enim
501 4639 694 4721 significare,
716 4637 821 4701 modis
843 4638 994 4702 omnibus
1012 4638 1177 4700 infinitum
1197 4656 1267 4699 esse
1288 4635 1374 4716 quod
1427 4659 1469 4701 an
1496 4637 1538 4702 ad
1560 4660 1594 4702 se
1616 4658 1743 4720 quoque
1763 4645 1962 4721 perventura
1982 4638 2039 4713 sit,
2066 4636 2120 4700 vel
2140 4633 2249 4716 potius
2271 4633 2402 4695 ausint

400 4744 493 4787 mens
514 4731 629 4786 nostra
648 4722 712 4786 fide
734 4724 974 4805 complectitur,
1003 4729 1036 4787 et
1057 4744 1160 4806 genus
1180 4722 1241 4786 hoc
1263 4722 1373 4804 cogni-
1426 4721 1469 4786 ad
1490 4744 1562 4787 eam
1584 4726 1785 4806 perventm'i.
1819 4723 1912 4788 Haec
1934 4722 2093 4806 cogitatio,
2116 4740 2219 4802 quum
2239 4719 2276 4781 in
2292 4717 2400 4781 medio

400 4808 498 4873 tionis
521 4829 591 4871 esse
613 4809 700 4872 omni
722 4809 940 4892 intelligentia
959 4809 1056 4892 longe
1078 4807 1257 4873 sublimius.
1287 4805 1374 4886 Quia
1427 4830 1526 4874 cursu
1548 4811 1688 4888 resistat,
1713 4808 1847 4874 dimidia
1867 4815 1999 4872 tantum
2021 4813 2078 4872 est.
2112 4805 2229 4886 Itaque
2246 4824 2312 4867 non
2331 4810 2400 4866 tam

400 4904 511 4958 tamen
534 4914 689 4957 arcanum
711 4895 888 4960 voluntatis
910 4915 1003 4973 snae,
1032 4894 1118 4976 quod
1140 4916 1160 4958 a
1182 4892 1319 4957 saeculis
1341 4898 1375 4956 et
1427 4915 1542 4959 secura
1563 4896 1715 4977 spiritum
1737 4894 1973 4977 tranquillitate
1994 4893 2173 4967 confirmat,
2197 4911 2296 4972 quam
2317 4890 2399 4965 irre,

401 4979 667 5062 generationibus
677 4979 901 5045 absconditum
913 4987 993 5059 erat,
1005 4981 1169 5045 Dominus
1182 4979 1305 5044 sanctis
1315 4999 1374 5060 pa·
1426 4981 1537 5063 quieta
1563 4981 1778 5062 haesitatione
1800 4981 1959 5046 sollicitat.
2003 4979 2120 5061 Longe
2148 4981 2198 5040 est
2219 4976 2304 5040 alius
2326 4997 2399 5039 son·

317 5092 325 5106 ·
401 5066 509 5131 tefecit
531 5064 615 5148 (Ool.
638 5069 665 5143 l,
686 5067 726 5126 26
745 5075 777 5129 et
795 5070 823 5143 2,
843 5065 887 5151 2),
910 5068 1033 5150 optima
1054 5067 1180 5130 ratione
1197 5064 1279 5128 fides
1297 5063 1373 5129 sub·
1426 5086 1482 5130 sus
1503 5070 1719 5151 πληροφορίας,
1741 5089 1826 5151 quae
1846 5065 1923 5130 fidei
1943 5086 2072 5147 semper
2092 5063 2127 5126 in
2150 5062 2318 5143 scripturis
2339 5061 2399 5123 tn'-

400 5151 475 5216 iude
491 5150 710 5233 inscripturis
722 5151 844 5235 agnitio
856 5159 1004 5229 vocatur;
1024 5152 1065 5216 ab
1077 5152 1199 5216 Ioanne
1212 5150 1244 5235 (l
1257 5150 1371 5215 Ioann.
1424 5152 1552 5216 buitur:
1587 5174 1704 5235 nempe
1732 5153 1789 5237 qui
1810 5151 1876 5217 Dei
1902 5151 2081 5216 bonitatem
2107 5149 2276 5231 perspicue
2303 5145 2399 5209 nobis

401 5239 434 5313 3,
454 5240 488 5321 2)
516 5259 594 5303 vero
623 5236 772 5314 scientia,
801 5256 901 5317 quum
928 5237 1040 5301 fideles
1068 5244 1206 5302 testatur
1233 5238 1316 5301 scire
1338 5257 1372 5299 se
1424 5239 1621 5319 propositam
1645 5247 1741 5303 extra
1762 5239 1899 5303 dubium
1916 5244 2024 5321 ponat.
2054 5234 2094 5298 Id
2116 5239 2225 5298 autem
2247 5233 2317 5296 fieri
2340 5252 2398 5293 ne-

1425 5324 1510 5405 quit,
1538 5325 1618 5406 quin
1646 5325 1717 5388 eius
1746 5325 1942 5389 suavitatem
1963 5343 2041 5387 vere
2063 5321 2256 5393 sentiamus,
2286 5324 2320 5380 et
2341 5337 2398 5378 ex·

401 5427 601 5436 *U*-
1424 5409 1592 5490 periamur
1618 5411 1654 5472 in
1675 5410 1769 5474 nobis
1797 5410 1887 5492 ipsis.
1933 5407 2043 5489 Quare
2071 5404 2236 5489 apostolus
2264 5423 2305 5466 ex
2332 5398 2398 5465 fide

468 5543 496 5609 1)
519 5543 595 5597 Hinc
617 5560 702 5680 ,Ἕω
726 5545 764 5598 αα
785 5545 867 5611 Μ
894 5549 981 5598 ,m
1003 5549 1095 5597 mm
1122 5550 1234 5596 veterem
1257 5549 1373 5596 ,mmm
1425 5490 1556 5559 deducit
1571 5493 1733 5571 fiduciam,
1757 5502 1790 5558 et
1812 5516 1853 5558 ex
1875 5495 1937 5560 hac
1959 5515 2090 5558 rursum
2112 5489 2279 5555 audaciam
2297 5485 2397 5571 (Eph.

401 5613 518 5679 sequitur
531 5611 595 5681 sap.
613 5614 640 5668 V.
673 5613 704 5666 .l
724 5630 793 5683 seqq.
855 5611 885 5679 2)
905 5611 977 5666 Edd.
997 5629 1061 5666 rece.
1081 5627 1171 5665 carnes
1184 5608 1265 5675 (1569
1275 5611 1373 5680 sappi:
1427 5582 1541 5678 3212l5
1579 5579 1633 5642 Slss
1653 5581 1737 5678 atim
1757 5581 1910 5678 milui,
1933 5601 1991 5678 Pffls
2009 5577 2179 5644 ΟΜΝΗ]
2200 5595 2259 5638 ¹¹⁰⁸
2277 5573 2399 5638 bahem

400 5681 558 5748 perciperet.
1425 5665 1610 5742 audaciam,
1632 5672 1666 5727 et
1687 5663 1813 5728 aditum
1833 5686 1868 5727 1n
1890 5664 2023 5743 fiducia,
2047 5684 2129 5747 quae
2151 5668 2201 5726 est
2221 5681 2280 5743 per
2300 5657 2399 5723 fidem
