5600 6809
732 787 827 856 LIB.
850 793 911 856 IV.
955 794 1019 857 DE
1042 790 1279 858 uxruRNIs
1301 790 1467 859 atauus
1490 791 1555 858 AD
1577 790 1807 861 saturum.-
1852 792 1952 859 OAP.
1975 793 2037 858 IX.

387 799 448 860 861
2334 801 2398 864 862

390 967 511 1050 peribit
537 968 591 1031 lex
618 989 638 1029 a
664 965 846 1042 sacerdote,
879 984 939 1029 nee
967 965 1138 1029 consilium
1166 986 1185 1028 a
1213 966 1369 1047 sapiente,
1423 965 1478 1030 sed
1497 966 1580 1030 enim
1597 967 1724 1048 quotics
1741 966 1869 1032 concilii
1888 966 2025 1031 alicuius
2042 965 2211 1032 decretum
2226 970 2398 1052 profertur,

391 1075 451 1118 nec
475 1052 612 1117 verbum
635 1052 832 1134 apropheta
853 1050 931 1134 (Ier.
959 1054 1006 1130 18,
1029 1050 1091 1134 18).
1424 1050 1565 1133 expendi
1592 1053 1737 1132 primum
1765 1051 1940 1135 diligenter
1966 1053 2150 1134 velimque
2172 1061 2317 1136 tempere
2339 1056 2399 1121 ha-

479 1141 506 1202 6.
551 1138 639 1202 Hinc
661 1137 754 1202 facile
776 1142 826 1201 est
842 1157 895 1200 res
918 1134 1039 1200 endere
1061 1135 1103 1199 ad
1125 1135 1208 1200 illud
1231 1136 1369 1201 alterum
1423 1136 1529 1200 bitum
1555 1138 1611 1214 sit,
1646 1160 1710 1220 qua
1738 1137 1778 1202 de
1806 1159 1904 1202 eausa
1929 1137 2077 1203 habitum
2105 1146 2138 1202 et
2165 1160 2228 1221 quo
2255 1141 2398 1221 consilio,

392 1224 432 1288 de
455 1223 599 1289 conciliis
620 1222 836 1307 generalibus.
881 1158 974 1301 (lain
995 1221 1110 1286 Iudaei
1132 1242 1246 1287 veram
1268 1222 1370 1287 eccle·
1423 1223 1535 1305 quales
1563 1224 1712 1288 homines
1734 1223 1955 1302 interfuerint3
1983 1223 2099 1288 deinde
2128 1223 2209 1288 illud
2229 1227 2336 1307 ipsum
2358 1226 2399 1292 de

391 1312 474 1374 mam
507 1308 568 1374 sub
602 1309 770 1391 prophetis
798 1307 988 1384 habuerint,
1020 1310 1136 1391 negari
1161 1328 1228 1371 non
1255 1314 1368 1389 potest.
1423 1329 1487 1390 quo
1509 1311 1619 1392 agitur
1635 1310 1677 1374 ad
1699 1311 1878 1391 scripturae
1901 1311 2059 1375 amussim
2080 1311 2278 1390 examinari;
2301 1312 2399 1395 idque

391 1394 489 1477 Quod
521 1397 549 1459 si
581 1393 733 1477 generale
769 1393 943 1459 concilium
971 1400 1051 1457 tunc
1079 1414 1125 1465 ex
1149 1391 1370 1458 sacerdotibus
1422 1394 1458 1457 in
1487 1416 1563 1459 eum
1591 1395 1726 1459 medum
1754 1402 1792 1459 ut
1819 1394 1948 1459 concilii
1981 1395 2124 1460 definitio
2152 1395 2280 1477 pondus
2302 1419 2398 1463 suum

393 1490 541 1547 eoactum
562 1482 691 1557 fuisset,
719 1479 825 1561 qualis
847 1480 1053 1561 apparuisset
1074 1479 1228 1544 ecclesiae
1249 1478 1368 1544 facies?
1423 1479 1549 1559 habeat,
1573 1483 1680 1563 sitque
1701 1482 1808 1546 instar
1833 1478 2033 1563 praeiudicii,
2062 1503 2166 1564 neque
2188 1489 2298 1547 tamen
2321 1504 2398 1548 exa-

392 1567 554 1632 Audimus
584 1565 662 1650 quid
687 1566 779 1630 Deus
806 1587 872 1629 non
894 1565 952 1628 uni
974 1572 1032 1629 aut
1051 1565 1147 1628 alteri
1168 1586 1290 1643 eorum,
1313 1564 1371 1629 sed
1422 1587 1507 1644 men,
1531 1566 1616 1647 quod
1639 1567 1716 1643 dixi,
1738 1567 1902 1648 impediat.
1937 1566 2074 1632 Utinam
2097 1589 2173 1631 eum
2195 1590 2307 1633 omnes
2330 1591 2398 1640 ser

391 1652 500 1717 ordini
527 1653 682 1716 universo
713 1650 902 1715 denuntiet:
929 1649 1159 1732 obstupescent
1185 1649 1370 1715 sacerdotes
1421 1660 1540 1716 varent
1566 1673 1663 1734 quem
1690 1651 1883 1734 praescribit
1905 1654 2114 1736 Augustinus
2134 1653 2218 1717 libro
2241 1654 2398 1721 adversus

391 1749 424 1804 et
456 1737 634 1821 prophetae
673 1737 885 1801 terrebuntur
920 1736 997 1818 (Ier.
1023 1740 1058 1813 4,
1084 1735 1128 1818 9).
1178 1736 1277 1800 Item:
1314 1735 1368 1799 lex
1421 1738 1643 1802 Maximinum
1679 1739 1782 1802 tertio.
1833 1738 1918 1802 Nam
1951 1760 2052 1821 quum
2080 1738 2169 1803 hunc
2198 1739 2397 1806 haereticum

390 1826 509 1908 peribit
531 1846 552 1888 a
568 1821 735 1888 sacerdote
753 1830 786 1886 et
802 1821 975 1887 consilium
997 1844 1017 1886 a
1034 1822 1216 1887 senioribus
1234 1821 1367 1906 (Erech.
1423 1823 1462 1888 dc
1480 1823 1682 1906 synodorum
1704 1823 1842 1887 decretis
1857 1823 2042 1907 litigantem
2061 1823 2205 1889 breviter
2222 1826 2293 1889 vult
2309 1847 2398 1890 cem·

392 1917 421 1989 7,
448 1910 513 1993 26).
557 1909 657 1973 Item:
686 1930 752 1972 nex
780 1907 872 1973 vobis
899 1927 958 1989 pro
985 1909 1110 1972 visione
1125 1909 1200 1979 ,erit
1228 1915 1261 1971 et
1276 1915 1369 1974 tene-

390 1998 469 2062 brae
490 2017 549 2078 pro
570 1994 779 2070 divinatione,
801 2002 834 2058 et
855 1994 1023 2058 occumbet
1045 1993 1092 2058 sol
1111 2015 1208 2075 super
1229 1994 1369 2075 prophe·

392 2091 442 2147 tas
470 2090 504 2146 et
529 2081 796 2146 obtenebrabitur
817 2100 915 2162 super
936 2100 991 2144 eos
1014 2079 1091 2157 dies,
1114 2088 1173 2145 etc.
1198 2079 1313 2160 (Mich.
1339 2084 1367 2156 3,

391 2167 436 2266 6).
486 2168 574 2250 Age,
604 2168 632 2244 si
660 2167 763 2231 coacti
789 2166 826 2228 in
853 2186 957 2229 unum
984 2172 1063 2229 tunc
1091 2166 1229 2229 fuissent
1256 2185 1369 2230 omnes

390 2251 565 2332 e1usmodi,
594 2253 668 2334 quis
690 2252 825 2334 spiritus
846 2253 882 2314 in
902 2271 1018 2314 eorum
1038 2258 1132 2317 coetu
1151 2249 1367 2333 praefuisset?

329 2410 337 2426 ¹
391 2340 474 2403 Eius
501 2338 550 2402 rei
578 2338 708 2420 insigne
735 2338 899 2419 specimen
926 2336 1084 2401 habemus
1111 2337 1147 2399 in
1174 2358 1211 2401 ee
1233 2337 1369 2402 concilio

391 2424 478 2507 qued
500 2425 690 2489 convocavit
712 2422 827 2488 Achab
856 2422 888 2504 (l
914 2422 996 2505 ch.
1017 2426 1066 2498 22,
1087 2421 1241 2507 seraa).
1280 2422 1369 2488 Ade-

392 2521 469 2574 rant
501 2508 730 2592 quadringenti
762 2508 949 2591 prophetae.
995 2506 1063 2573 Sed
1096 2509 1173 2591 quia
1205 2529 1271 2572 nen
1305 2508 1369 2573 alio

391 2596 501 2659 animo
530 2601 750 2659 convenerant
771 2595 836 2658 nisi
857 2602 895 2657 ut
923 2595 994 2676 regi
1020 2595 1120 2676 impio
1147 2593 1367 2672 adularentur,

391 2681 535 2744 mittitur
563 2702 582 2744 a
609 2680 752 2743 Domine
775 2687 884 2757 satan,
913 2681 968 2762 qui
996 2680 1039 2745 sit
1065 2679 1199 2761 spiritus
1225 2678 1369 2743 mendax

391 2767 426 2829 in
447 2787 504 2830 ore
525 2766 681 2830 omnium.
725 2765 799 2829 Illic
825 2766 972 2829 emnium
999 2765 1165 2848 suffragiis
1194 2765 1369 2829 damnatur

392 2851 530 2931 veritas;
559 2851 672 2916 Micha
697 2872 756 2933 pro
785 2850 949 2915 haeretico
972 2850 1154 2927 damnatur,
1176 2851 1367 2932 percutitur,

390 2937 562 3002 coniicitur
579 2938 616 3001 in
632 2956 803 3002 carcerem.
841 2935 898 3001 Sic
916 2937 1074 3001 Ieremiae
1095 2936 1218 3001 facbrm
1241 2943 1298 3015 est,
1322 2938 1368 3001 sio

390 3023 462 3088 aliis
483 3022 661 3105 prophetis.
950 3023 952 3029 ’

476 3113 505 3172 7.
551 3103 619 3174 sed
645 3130 748 3172 unum
776 3107 978 3189 exemplum,
1008 3107 1095 3189 quod
1124 3119 1174 3172 est
1194 3128 1273 3190 prae
1295 3108 1368 3173 aliis

389 3195 614 3271 memorabile,
642 3215 701 3276 pre
727 3193 878 3258 omnibus
905 3193 1053 3258 sufficiat
1097 3193 1139 3256 In
1167 3201 1206 3257 eo
1233 3193 1368 3258 concilio

390 3280 476 3362 qued
503 3279 704 3363 collegerunt
730 3281 900 3361 pontifices
928 3286 961 3342 et
981 3277 1153 3344 Pharisaei
1174 3278 1367 3362 Hierosoly-

389 3367 452 3429 mis
480 3364 636 3431 adversus
664 3365 833 3430 Christum
860 3365 987 3450 (Ioann.
1014 3355 1069 3441 ll,
1089 3365 1160 3447 47),
1183 3364 1261 3447 quid
1282 3363 1366 3429 desi·

391 3452 499 3529 dares,
530 3450 617 3533 qued
639 3450 770 3532 quidem
792 3451 834 3515 ad
859 3459 1030 3516 externam
1056 3450 1197 3532 speciem
1225 3449 1364 3515 attinet?

390 3538 463 3602 Nisi
490 3538 578 3601 enim
606 3543 686 3603 tune
714 3537 827 3601 brisset
853 3536 1092 3620 Hierosolymis
1113 3536 1258 3613 eeclesia,
1280 3558 1366 3600 nun·

390 3642 488 3705 quam
508 3622 674 3688 sacrificiis
697 3622 832 3705 aliisque
859 3622 1071 3687 caeremoniis
1093 3622 1367 3687 communicasset

390 3708 551 3773 Christus.
596 3708 654 3771 Fit
688 3709 830 3773 solennis
859 3708 1061 3787 convocatie;
1095 3707 1243 3790 praeibat
1277 3729 1365 3773 sum·

388 3795 745 3876 muspcntife13tetus
763 3794 841 3859 ordo
853 3793 1061 3860 sacerdotalis
1080 3791 1255 3871 assidebat3
1274 3793 1366 3858 dam-

387 3887 487 3944 natur
508 3887 619 3944 tamen
641 3879 708 3945 illic
726 3879 880 3945 Christus
902 3888 935 3944 et
956 3881 1028 3944 eius
1049 3880 1198 3945 doctrina
1218 3901 1237 3944 e
1257 3879 1365 3945 medio

388 3967 588 4048 profligatur.
633 3966 706 4030 Hoc
734 3967 860 4031 facinus
890 3965 1083 4031 documento
1110 3975 1175 4043 est,
1203 3965 1365 4031 inclusam

386 4052 522 4115 minime
554 4052 653 4115 fuisse
682 4052 717 4114 in
745 4051 801 4116 illo
833 4052 969 4117 concilio
996 4051 1187 4117 ecelesiama
1224 4052 1272 4115 At
1298 4073 1365 4117 nen

387 4149 437 4201 est
471 4137 653 4219 periculum
685 4158 728 4201 ne
761 4136 840 4220 quid
875 4137 940 4202 tale
966 4136 1058 4200 nobis
1092 4137 1230 4201 eveniat.
1282 4135 1365 4217 Quis

386 4224 478 4287 nobis
501 4223 599 4287 fidem
621 4221 718 4287 fecit?
752 4223 849 4301 ¹Nam
875 4223 912 4286 in
940 4243 975 4286 re
1003 4230 1096 4286 tanta
1116 4222 1216 4285 nimis
1236 4243 1365 4287 securos

386 4329 465 4386 esse,
495 4308 660 4373 socordiae
689 4308 785 4390 eulpa
811 4329 878 4372 nen
900 4315 998 4372 caret
1044 4305 1135 4387 Quin
1157 4307 1214 4372 ubi
1236 4307 1365 4373 disertis

386 4394 494 4459 verbis
522 4395 721 4460 vaticinatur
748 4395 882 4476 spiritus
908 4414 969 4476 per
995 4415 1031 4457 os
1057 4392 1155 4458 Pauli
1186 4392 1220 4477 (2
1249 4394 1362 4460 Thess.

387 4482 416 4556 2,
437 4480 480 4563 3),
510 4488 684 4545 venturam
711 4479 924 4545 defectionem
951 4480 1048 4562 (qaae
1068 4478 1183 4544 venire
1204 4500 1270 4542 non
1292 4488 1365 4561 pot·

389 4572 439 4627 est
465 4568 544 4646 quin
573 4574 722 4648 pastores
751 4567 861 4631 Deum
888 4566 987 4647 primi
1010 4564 1261 4649 derelinquant),
1283 4565 1365 4650 ¹quid

388 4658 504 4730 sponte
527 4651 579 4716 hic
602 4653 637 4715 in
659 4654 798 4716 exitium
819 4662 970 4716 nestrum
991 4649 1212 4716 caecutimus?
1254 4649 1365 4731 Quare

387 4734 592 4799 nullomodo
611 4738 855 4804 concedendum
873 4746 931 4816 est,
953 4737 1122 4802 ecclesiam
1138 4736 1175 4800 in
1196 4745 1375 4819 pastorum¹

387 4829 480 4884 coetu
499 4822 683 4898 consistere,
706 4847 785 4906 quos
803 4825 966 4889 Dominus
987 4844 1149 4905 nusquam
1165 4824 1287 4905 recepit
1308 4825 1364 4889 bo-

385 4927 445 4970 nos
466 4915 622 4987 perpetuo
644 4909 720 4986 fere,
743 4911 847 4975 malos
874 4920 985 4976 summ
1010 4909 1177 4974 interdum
1198 4908 1267 4974 fere
1288 4930 1365 4992 pro·

385 4992 560 5056 nuntiavit.
595 4991 661 5056 Ubi
679 5002 789 5058 autem
811 4996 850 5060 de
871 4996 1017 5078 periculo
1039 4996 1200 5071 admonet,
1223 4995 1296 5061 ideo
1315 4997 1365 5061 fa-

386 5078 431 5143 cit
450 5085 488 5141 ut
509 5097 569 5141 nes
590 5078 750 5142 cautiores
772 5079 895 5144 reddat.

472 5166 500 5225 8.
546 5160 636 5242 Quid
657 5163 758 5246 erge?
786 5165 924 5246 inquies,
952 5166 1085 5231 nullane
1108 5167 1171 5230 erit
1192 5168 1227 5231 in
1249 5167 1364 5234 defini·

1421 1930 1565 1991 pescere:
1595 1931 1655 1974 nec
1683 1919 1757 1992 ego,
1786 1909 1908 1991 inquit,
1939 1909 2110 1974 nicaenam
2138 1910 2300 1993 synodum
2327 1911 2396 1990 tibi,

1422 2017 1481 2060 nec
1509 2003 1545 2060 tu
1573 1996 1655 2058 mihi
1683 1995 1913 2059 ariminensem
1935 1994 2032 2060 debes
2054 2002 2211 2078 tanquam
2233 1995 2397 2077 praeiudi·

1421 2089 1554 2145 caturus
1583 2080 1735 2160 obiicere;
1764 2101 1824 2145 nec
1849 2101 1909 2163 ego
1936 2080 2035 2144 huius
2061 2083 2250 2159 autoritate,
2280 2103 2339 2147 nec
2360 2091 2397 2146 tu

1421 2166 1510 2231 illius
1528 2167 1696 2231 detineris:
1720 2167 1955 2247 seripturarum
1972 2167 2212 2245 autoritatibus,
2234 2188 2301 2232 non
2319 2189 2398 2250 quo-

1422 2274 1559 2335 rumque
1581 2254 1732 2334 prepriis,
1755 2252 1813 2316 sed
1829 2272 1911 2334 quae
1933 2252 2079 2333 utrisque
2095 2261 2175 2325 sunt
2196 2273 2395 2331 communes,

1421 2360 1475 2404 res
1508 2359 1582 2402 cum
1610 2361 1659 2415 re,
1689 2358 1788 2402 causa
1814 2359 1889 2403 cum
1916 2359 2028 2416 causa,
2056 2338 2140 2402 ratio
2168 2359 2242 2402 cum
2270 2340 2398 2404 ratione

1421 2432 1531 2490 certet,
1578 2422 1633 2489 Sic
1662 2426 1757 2489 fieret
1784 2432 1821 2487 ut
1849 2424 1993 2489 conciliis
2020 2445 2081 2488 sua
2108 2432 2194 2488 esset
2221 2445 2303 2507 quae
2326 2445 2397 2490 esse

1422 2509 1517 2574 debet
1544 2510 1712 2587 maiestas;
1739 2511 1872 2574 interim
1899 2518 2010 2574 tamen
2037 2511 2205 2590 superiore
2225 2509 2295 2574 loco
2316 2512 2397 2575 emi-

1421 2604 1514 2660 neret
1535 2596 1704 2676 seriptura,
1727 2617 1768 2660 ne
1789 2594 1867 2677 quid
1889 2604 1974 2661 esset
1995 2595 2079 2678 quod
2102 2616 2169 2658 non
2189 2595 2278 2660 illius
2299 2617 2397 2679 regu-

1421 2681 1472 2744 lae
1499 2680 1719 2745 subiiceretur.
1765 2679 1821 2746 Sic
1850 2682 1974 2762 priscas
2001 2681 2076 2745 illas
2101 2681 2258 2766 synodos,
2288 2688 2325 2744 ut
2346 2682 2398 2746 ni·
2501 2761 2507 2767 1

1421 2786 1571 2844 caenam,
1598 2767 1997 2848 constantinopolitanam,
2028 2767 2219 2849 ephesinam
2246 2767 2397 2849 primam,

1420 2851 1712 2917 chalcedonensem
1733 2871 1770 2916 ac
1793 2851 1924 2929 similes,
1946 2873 2028 2934 quae
2051 2852 2255 2917 confutandis
2278 2854 2397 2918 errori·

1420 2939 1481 3003 bus
1502 2937 1632 3002 habitae
1660 2944 1746 3015 sunt,
1773 2936 1912 3001 libenter
1933 2937 2170 3020 amplectimur,
2193 2959 2398 3003 reveremur·

1420 3045 1484 3106 que
1512 3031 1550 3087 ut
1577 3031 1808 3100 sacrosanctas,
1836 3031 1994 3105 quantum
2016 3024 2134 3086 attinet
2156 3021 2198 3086 ad
2218 3022 2296 3086 fidei
2318 3023 2397 3106 dog·

1419 3118 1518 3174 mata.
1562 3109 1655 3173 Nihil
1682 3109 1770 3173 enim
1796 3109 1967 3177 continent
1994 3128 2090 3191 quarn
2118 3129 2236 3189 puram
2257 3117 2290 3173 et
2311 3111 2397 3173 nati·

1420 3217 1496 3259 vam
1514 3196 1693 3276 scripturae
1710 3194 2020 3276 interpretationem,
2043 3214 2141 3276 quam
2162 3195 2267 3257 saneti
2286 3201 2397 3275 patres

1420 3280 1582 3362 spirituali
1601 3279 1786 3363 prudentia,
1809 3278 1850 3344 ad
1872 3280 2069 3363 frangendos
2096 3279 2264 3362 religionis
2286 3278 2397 3345 hostes

1419 3368 1475 3448 qui
1501 3373 1580 3432 tunc
1607 3374 1807 3430 emerserant
1832 3364 2126 3431 accommodarunt.
2171 3365 2213 3428 In
2239 3366 2396 3446 posterio-

1419 3452 1510 3516 ribus
1531 3472 1659 3535 queque
1681 3451 1848 3516 nonnullis
1868 3450 2019 3516 videmus
2041 3450 2169 3515 elucere
2190 3472 2307 3515 verum
2327 3452 2396 3532 pic-

1419 3538 1497 3603 tatis
1514 3537 1668 3614 studium,
1691 3544 1785 3602 notas
1803 3537 1944 3602 adhaec
1965 3536 2097 3619 ingenii,
2121 3533 2297 3615 doctrinae,
2317 3556 2396 3618 pru·

1419 3623 1549 3689 dentiae
1583 3644 1650 3688 non
1678 3623 1842 3689 obscuras.
1894 3621 1962 3688 Sed
1989 3620 2265 3705 quemadmodum
2291 3621 2398 3686 solent

1417 3731 1471 3774 res
1492 3712 1529 3774 in
1554 3709 1696 3774 deterius
1718 3708 1785 3773 fere
1812 3708 1946 3791 prolabi,
1969 3730 2011 3773 ex
2033 3706 2265 3773 recentioribus
2287 3708 2396 3781 conci-

1417 3795 1470 3862 liis
1499 3795 1610 3860 videre
1639 3801 1688 3859 est
1714 3801 1874 3876 quantum
1896 3793 2033 3858 subinde
2055 3792 2191 3860 ecclesia
2212 3812 2232 3855 a
2252 3793 2396 3875 puritate

1418 3882 1506 3947 illius
1529 3882 1618 3946 aurei
1641 3879 1762 3943 saeculi
1783 3877 2039 3962 degeneraverit.
2084 3879 2153 3943 Nec
2182 3877 2294 3943 dubito
2316 3878 2396 3960 quin

1418 3969 1490 4032 istis
1516 3987 1641 4049 quoque
1669 3965 1927 4047 corruptionibus
1956 3964 2093 4031 saeculis
2119 3963 2297 4029 habuerint
2319 3985 2395 4029 con·

1417 4053 1492 4119 cilia
1519 4073 1595 4118 suos
1622 4051 1765 4115 melioris
1786 4059 1885 4115 notae
1906 4051 2083 4134 episcopos.
2119 4047 2188 4115 Sed
2208 4051 2245 4113 in
2267 4050 2318 4115 his
2340 4071 2394 4115 ao-

1418 4139 1498 4204 cidit
1528 4136 1615 4221 qued
1647 4138 1681 4201 in
1711 4137 1857 4204 romanis
1888 4135 2179 4202 senatusconsultis
2205 4155 2272 4198 non
2306 4142 2394 4200 recte

1417 4223 1491 4289 fieri
1507 4223 1585 4288 olim
1602 4222 1883 4305 conquerebantur
1899 4223 1963 4304 ipsi
1980 4228 2156 4288 senatores.
2193 4218 2283 4282 Dum
2305 4220 2395 4284 enim

1418 4316 1643 4386 numerantur,
1667 4328 1733 4372 non
1755 4306 1987 4389 appenduntur
2014 4305 2205 4381 sententiae,
2227 4303 2396 4389 meliorem

1417 4403 1546 4479 partem
1574 4415 1595 4458 a
1620 4394 1744 4458 maiore
1765 4394 1854 4459 vinci
1875 4395 2005 4477 saepius
2027 4411 2158 4457 necesse
2179 4389 2251 4453 fuit.
2297 4387 2396 4455 Certe

1416 4482 1540 4546 multas
1570 4481 1687 4562 impias
1719 4480 1898 4545 sententias
1930 4478 2146 4563 protulerunt.
2194 4474 2309 4555 Neque
2341 4474 2395 4541 hic

1417 4588 1499 4650 opus
1526 4575 1576 4632 est
1601 4565 1725 4650 species
1752 4565 1904 4649 colligere
1911 4590 1918 4644 ;
1946 4564 1999 4630 vel
2027 4561 2113 4645 quod
2138 4559 2238 4624 nimis
2259 4559 2396 4642 lengum

1416 4655 1509 4733 foret,
1533 4653 1585 4718 vel
1623 4651 1688 4716 uod
1709 4652 1770 4716 hec
1793 4651 1849 4716 alii
1869 4652 2016 4716 fecerimt
2033 4646 2221 4729 diligentius
2242 4665 2342 4726 quam
2358 4652 2397 4710 ut

1416 4739 1557 4804 multum
1622 4737 1699 4802 dere
1719 4737 1824 4802 liceat.

1504 4831 1532 4889 9.
1577 4823 1682 4889 Perre
1708 4821 1786 4905 quid
1813 4821 1950 4887 eoncilia
1976 4839 2052 4883 cum
2078 4815 2224 4881 conciliis
2245 4837 2395 4900 pugnan-

1417 4912 1465 4976 tia
1492 4908 1700 4977 recenseam?
1751 4906 1820 4971 Nec
1848 4914 1897 4970 est
1924 4902 2009 4987 quod
2036 4902 2119 4967 mihi
2147 4901 2310 4984 quispiam
2338 4903 2395 4969 ob·

1416 5004 1608 5073 murmuret,
1627 5017 1669 5060 ex
1686 4994 1739 5057 his
1757 5012 1839 5073 quae
1856 4998 2015 5075 pugnant,
2035 4989 2229 5053 alterutrum
2247 5009 2313 5053 nen
2324 5009 2395 5055 esse

1416 5084 1609 5167 legitimum.
1659 5077 1756 5145 Unde
1781 5078 1869 5140 enim
1896 5076 1931 5141 id
1958 5073 2224 5141 aestimabimus?
2268 5073 2395 5158 Nempe
2409 5088 2425 5102 ‘

1417 5191 1459 5234 ex
1486 5192 1537 5246 eo,
1566 5168 1631 5231 nisi
1656 5163 1766 5239 fallor,
1796 5162 1881 5244 qued
1908 5184 1950 5228 ex
1978 5161 2147 5244 scripturis
2167 5159 2393 5238 iudicabimus,

385 5248 469 5314 endo
492 5248 702 5313 conciliorum
722 5248 900 5313 autoritas?
939 5250 1124 5315 Imovero:
1148 5256 1364 5333 nequeenim
1416 5277 1483 5320 nen
1506 5275 1577 5318 esse
1604 5247 1786 5315 orthodoxa
1811 5247 1900 5314 illius
1922 5247 2060 5313 decreta
2103 5246 2196 5310 Haec
2218 5247 2307 5310 enim
2328 5266 2395 5311 una
2458 5253 2461 5259 '

385 5335 439 5401 hic
471 5335 581 5400 omnia
611 5334 749 5401 concilia
781 5332 984 5412 damnanda,
1021 5342 1079 5398 aut
1110 5336 1258 5400 emnium
1291 5347 1364 5404 acta
1415 5349 1466 5405 est
1485 5348 1575 5406 certa
1584 5336 1639 5400 lex
1650 5333 1863 5399 discretionis.
1898 5335 1971 5399 Iam
1987 5333 2146 5417 nongenti
2166 5331 2296 5398 circiter
2316 5332 2395 5396 anui

385 5420 608 5501 rescindenda,
633 5429 667 5485 et
688 5419 790 5505 (quod
812 5417 944 5503 dicitur)
970 5438 1037 5483 una
1057 5419 1157 5484 litura
1179 5436 1243 5484 esse
1264 5424 1362 5488 indu·
1415 5435 1494 5491 sunt
1515 5419 1616 5507 q'uum
1636 5419 1783 5505 synodus
1807 5419 2169 5502 constantinopolitana,
2196 5416 2258 5482 sub
2278 5417 2393 5483 Leone

384 5507 488 5573 cenda
510 5507 647 5590 disputo.
681 5508 739 5574 at
766 5508 854 5590 cegIs
875 5512 1002 5584 tamen,
1028 5505 1168 5588 inquies,
1197 5509 1305 5572 emnia
1327 5510 1363 5571 in
1414 5512 1610 5594 imperatore
1632 5512 1837 5590 congregata,
1865 5506 2102 5572 subvertendas
2129 5512 2162 5568 et
2183 5502 2392 5586 confringen-

386 5593 551 5658 erdinem:
574 5600 612 5657 ut
633 5591 764 5659 cuilibet
785 5594 821 5657 in
841 5591 949 5656 medie
977 5591 1121 5675 pesitum
1147 5592 1190 5655 sit
1218 5593 1362 5675 recipere
1415 5596 1473 5660 das
1501 5594 1661 5676 imagines
1688 5593 1725 5657 in
1753 5594 1884 5676 templis
1909 5591 2081 5658 collocatas
2109 5589 2245 5655 censuit.
2288 5586 2394 5653 Paulo

386 5680 439 5744 vel
458 5679 631 5762 repudiare
649 5679 736 5762 qued
753 5679 929 5746 statuerint
939 5677 1083 5744 eoncilia
1113 5677 1253 5743 Minime
1269 5699 1362 5758 vero;
1413 5688 1488 5764 post
1498 5679 1671 5750 concilium
1681 5680 1865 5759 nicaenum,
1882 5677 1968 5763 qued
1986 5679 2023 5742 in
2039 5677 2109 5742 eins
2126 5672 2286 5743 invidiam
2295 5673 2394 5739 Itane
