5600 6809
430 721 513 784 1047
1077 710 1345 792 ῙΝΒΤΙΤΠΤΙΟ
1364 711 1470 777 RDL.
1492 708 1674 778 CHRIST.
1699 717 1791 780 1559.
2059 724 2062 728 ’
2361 711 2449 777 1048

431 909 475 973 118
497 906 665 970 decretum
680 910 737 982 cst,
757 909 795 968 ut
812 903 869 985 qui
886 903 1056 969 ecclesiam
1076 903 1212 980 intrant,
1231 903 1410 984 scripturas
1462 923 1521 966 nes
1551 901 1648 965 simul
1683 888 1978 980 communicarent,
2008 909 2095 967 88881
2122 923 2200 966 1818
2227 921 2363 967 necesse
2390 922 2447 965 eos

432 992 581 1069 audiunt,
610 997 644 1055 et
673 1010 693 1053 a
720 990 950 1055 communione
983 990 1167 1066 abstinent,
1198 990 1239 1053 ab
1275 988 1412 1053 ecclesia
1463 987 1520 1069 qui
1547 988 1703 1069 permixti
1731 995 1827 1052 erant
1858 989 2003 1070 profanis
2030 997 2063 1052 ct
2081 987 2278 1064 idololatris,
2307 996 2447 1052 externo

432 1083 678 1154 removeantur,
702 1076 805 1142 donec
832 1076 951 1140 vitium
974 1075 1036 1139 hoc
1058 1076 1268 1140 correxerint.
1314 1072 1412 1153 Quod
1464 1073 1571 1154 aliquo
1593 1074 1739 1158 symbolo
1760 1073 1860 1138 fidem
1882 1093 1975 1138 suam
1997 1074 2125 1138 testari:
2149 1073 2235 1137 diem
2263 1072 2369 1152 illum,
2393 1094 2447 1137 or-

431 1164 564 1229 tametsi
589 1163 625 1225 in
649 1162 785 1226 coneilio
805 1161 963 1225 toletano
1020 1161 1102 1224 rimo
1136 1160 1189 1225 vel
1225 1160 1413 1242 mitigatum
1466 1158 1553 1223 dinis
1574 1166 1608 1222 et
1634 1159 1765 1241 politiae
1793 1181 1904 1238 causa,
1927 1160 1980 1223 vir
2012 1167 2146 1224 sanctus
2174 1165 2348 1237 statuerat,
2381 1180 2448 1240 qno

431 1250 503 1326 fuit,
525 1248 580 1313 vel
602 1249 787 1313 mitioribus
807 1246 922 1311 saltem
940 1182 1048 1312 verbis
1067 1247 1280 1329 propositum,
1301 1254 1412 1309 tamen
1465 1252 1553 1309 totus
1576 1244 1842 1310 Christianorum
1858 1245 1999 1328 populus
2017 1243 2094 1309 fidei
2111 1245 2343 1310 confessionem
2365 1267 2448 1327 par·

433 1335 501 1400 illic
523 1354 651 1416 quoque
682 1334 851 1411 statuitur,
874 1333 988 1415 utqui
1012 1331 1123 1396 andita
1145 1331 1298 1397 concione
1327 1354 1413 1395 nun·
1466 1331 1656 1413 ticipatione
1685 1352 1804 1396 coenae
1825 1331 1962 1396 Domini
1989 1331 2108 1395 ederet
2153 1331 2301 1396 Probum
2323 1331 2449 1412 alioqui

433 1442 534 1504 quam
551 1420 791 1485 communicare
804 1418 999 1500 deprehensi
1016 1418 1146 1495 18811111,
1158 1416 1413 1495 admoneantur;
1466 1417 1643 1498 Zepherini
1664 1417 1856 1480 institutum
1873 1417 1959 1481 male
1981 1417 2117 1482 detorsit
2137 1416 2320 1499 posteritas,
2343 1438 2449 1498 quum

436 1508 464 1573 si
485 1513 560 1589 post
581 1507 795 1569 monitionem
816 1504 1012 1583 abstineant,
1036 1512 1218 1573 arceantur.
1467 1510 1556 1567 88118
1578 1502 1633 1566 181
1655 1500 1695 1567 18
1716 1524 1784 1567 11118
1811 1504 1987 1585 quotannis
2020 1502 2312 1568 communicatione
2339 1503 2449 1584 posita

487 1660 490 1663 ,
523 1596 574 1656 45.
608 1592 673 1656 Η18
691 1592 815 1656 88111881
832 1589 1120 1654 constitutionibus
1137 1589 1293 1655 volebant
1310 1588 1415 1653 sancti
1468 1596 1532 1666 est;
1560 1610 1626 1671 qua
1653 1589 1779 1654 factum
1807 1596 1865 1667 est,
1894 1595 1932 1651 ut
1958 1590 2025 1653 fere
2059 1609 2186 1666 omnes,
2213 1609 2314 1670 quum
2345 1588 2448 1652 semel

436 1678 501 1744 viri
523 1678 664 1743 retinere
676 1699 713 1740 88
724 1678 809 1740 tueri
827 1677 1031 1758 frequentem
1052 1676 1290 1739 communionis
1307 1695 1413 1751 usum,
1468 1674 1809 1753 communicaverunt,
1839 1676 1932 1757 quasi
1953 1675 1989 1738 in
2018 1673 2181 1757 reliquum
2209 1675 2287 1739 anni
2315 1680 2448 1756 tempus

437 1765 478 1829 ab
495 1765 575 1847 ipsis
597 1762 749 1845 apostolis
778 1761 950 1839 traditum,
970 1783 1067 1844 quem
1094 1760 1245 1825 fidelibus
1271 1761 1415 1825 maxime
1467 1759 1604 1842 pulchre
1635 1760 1792 1838 defuncti,
1822 1761 1857 1824 in
1885 1768 2057 1843 utramque
2091 1781 2205 1824 aurem
2233 1761 2342 1824 securi
2371 1759 2447 1824 dor-

438 1851 615 1915 salutarem
634 1868 719 1925 esse,
742 1848 835 1931 vulgi
858 1855 968 1911 autem
990 1847 1191 1941 negligentia
1213 1847 1336 1911 sensim
1358 1845 1415 1909 ob·
1467 1845 1582 1910 miant.
1627 1846 1744 1929 Longe
1771 1846 1867 1910 aliter
1893 1846 2018 1912 factum
2046 1847 2205 1928 oportuit:
2235 1845 2377 1928 singulis
2406 1845 2447 1909 ad

438 1936 595 2002 solescere
622 1933 786 1999 videbant.
831 1933 883 1997 De
912 1940 1020 1997 aetate
1048 1940 1159 1997 autem
1187 1953 1246 1997 sua
1275 1937 1416 1996 testatur
1468 1932 1640 2006 minimum
1663 1931 1921 1997 hebdomadibus
1954 1931 2165 2016 proponenda
2191 1939 2262 1995 erat
2282 1930 2447 1995 Christia-

437 2021 660 2104 Augustinns:
675 2018 700 2103 l)
731 2019 846 2097 huius,
869 2019 989 2100 inquit,
1015 2020 1063 2083 rei
1081 2024 1323 2083 sacramentum
1340 2017 1415 2081 uni-
1468 2037 1587 2082 norum
1605 2018 1712 2083 coetui
1723 2039 1837 2082 mensa
1853 2017 2005 2098 Domini;
2024 2016 2238 2092 declarandae
2256 2017 2447 2100 promissio·

437 2108 515 2172 tatis
538 2106 680 2187 corporis
702 2105 838 2169 Domini
860 2104 979 2169 alicubi
999 2103 1153 2187 quotidie,
1176 2104 1296 2169 alicubi
1318 2104 1416 2168 certis
1467 2125 1527 2168 nes
1550 2124 1632 2185 quae
1658 2125 1718 2168 nos
1748 2105 1782 2168 in
1810 2126 1849 2169 ea
1878 2103 2091 2186 spiritualiter
2116 2111 2302 2186 pascerent;
2333 2103 2446 2168 nullus

438 2191 622 2257 intervallis
645 2191 788 2268 dierum,
811 2191 846 2252 in
869 2190 1032 2256 dominica
1053 2210 1168 2254 mensa
1189 2196 1415 2272 praeparatur,
1468 2189 1600 2272 quidem
1621 2191 1814 2255 necessitate
1835 2189 2014 2272 cogendus,
2038 2189 2095 2254 sed
2117 2189 2309 2255 cohortandi
2332 2211 2447 2254 omnes

439 2286 473 2343 81
495 2277 535 2342 18
555 2298 670 2341 mensa
691 2276 749 2341 illa
767 2276 918 2355 sumitur,
937 2275 1131 2358 quibusdam
1150 2276 1320 2353 advitam,
1344 2273 1417 2338 aliis
1469 2284 1502 2340 et
1523 2274 1717 2340 stimulandi
1723 2297 1732 2353 ;
1750 2275 1972 2360 obiurgandus
1992 2277 2092 2340 etiam
2107 2275 2307 2357 ignavorum
2324 2283 2446 2359 torpor.

438 2364 481 2428 ad
503 2363 649 2428 exitium.
694 2363 741 2426 Et
757 2362 792 2425 in
814 2361 964 2443 Epistola
981 2361 1023 2425 ad
1039 2361 1232 2425 Ianuarium
1249 2361 1371 2444 priore:
1387 2359 1416 2444 ²)
1470 2359 1596 2426 Omnes
1611 2358 1788 2444 'gregatim
1811 2370 1849 2426 ut
1868 2361 2019 2441 famelici,
2044 2360 2085 2426 ad
2102 2361 2185 2425 tales
2205 2361 2352 2425 lautitias
2370 2382 2448 2426 con-

439 2449 497 2515 8111
525 2447 669 2531 1111811118
697 2449 940 2511 communicant
972 2449 1098 2531 corpori
1120 2454 1154 2512 et
1180 2447 1332 2530 sanguini
1360 2446 1417 2510 do-
1469 2449 1628 2514 venirent.
1672 2447 1748 2511 Non
1776 2449 1897 2512 iniuria
1924 2448 2027 2530 igitur
2055 2447 2216 2530 principio
2250 2455 2449 2529 conquestus

440 2536 570 2613 minico,
594 2534 647 2597 8111
671 2535 769 2597 certis
792 2532 905 2598 diebus
927 2533 1100 2616 accipiunt,
1120 2533 1197 2598 alibi
1218 2533 1329 2597 nullus
1348 2532 1418 2596 dies
1471 2555 1559 2611 sum,
1592 2531 1712 2598 diaboli
1744 2540 1814 2598 arte
1846 2535 2007 2598 intrusam
2042 2533 2128 2598 hanc
2160 2532 2447 2598 consuetudinem:

440 2619 673 2685 intermittitur
695 2639 759 2700 quo
781 2640 847 2682 non
869 2620 1041 2696 offeratur,
1065 2619 1142 2683 alibi
1164 2617 1322 2684 sabbatho
1344 2626 1418 2680 tan-
1470 2640 1567 2701 quae,
1590 2616 1670 2682 dum
1697 2641 1801 2683 unum
1827 2620 1907 2683 anni
1933 2619 2020 2683 diem
2049 2617 2256 2702 praescribit,
2278 2619 2314 2682 in
2343 2625 2449 2683 totum

440 2713 512 2771 tum
534 2712 568 2769 81
589 2704 758 2783 dominico,
782 2703 859 2769 alibi
881 2705 1013 2769 nonnisi
1034 2704 1206 2770 dominico.
1252 2703 1419 2784 Quoniam
1471 2726 1595 2769 anuum
1613 2704 1763 2769 socordes
1780 2704 1895 2769 reddit
1925 2704 2088 2770 Videmus
2105 2704 2238 2787 quidem
2254 2725 2449 2787 perversum

439 2797 563 2869 autem,
587 2789 805 2867 utdiximus,
834 2790 925 2872 plebs
953 2789 1120 2854 interdum
1148 2791 1314 2855 remissior
1336 2796 1416 2867 orat,
1470 2790 1560 2855 hunc
1580 2790 1719 2854 abusum
1741 2790 1794 2856 Oh
1836 2792 1969 2856 sostomi
1997 2798 2141 2873 tempore
2163 2791 2229 2854 iam
2251 2791 2448 2872 obrepsisse;

439 2877 607 2942 instabant
625 2877 730 2940 sancti
746 2876 810 2941 viri
832 2877 954 2941 severis
971 2876 1259 2960 obiurgationibus,
1283 2898 1324 2940 ne
1340 2896 1418 2939 con·
1470 2875 1528 2941 sed
1550 2875 1661 2940 videre
1689 2877 1787 2941 simul
1826 2877 1891 2941 icet
1917 2884 2116 2959 quantopere
2144 2877 2207 2958 ipsi
2234 2875 2447 2958 displicuerit

439 2963 553 3027 nivere
582 2960 622 3024 ad
645 2962 731 3026 hanc
754 2962 934 3026 socordiam
956 2961 1158 3027 viderentur.
1204 2961 1418 3026 ’1818818111-
1470 2961 1693 3045 Conqueritur
1721 2963 1809 3027 enim
1836 2961 1991 3046 gravibus
2012 2963 2128 3028 'verbis
2150 2984 2188 3027 co
2215 2983 2309 3045 quem
2338 2983 2448 3043 nuper
2483 2972 2487 2977 ⁴

360 3077 370 3093 ⁸
438 3048 530 3131 plum
548 3054 598 3111 est
615 3046 700 3129 apud
719 3046 1038 3132 Chrysostcmumin
1057 3047 1227 3129 epistolam
1246 3046 1287 3110 ad
1305 3047 1418 3130 Ephe·
1470 3048 1569 3113 citavi
1593 3048 1678 3127 loco,
1707 3055 1835 3113 tantam
1863 3069 1934 3113 esse
1966 3047 2065 3113 huius
2093 3049 2142 3112 rei
2169 3047 2447 3130 inaequalitatem,

438 3131 555 3215 sios:³)
578 3153 645 3197 non
668 3140 718 3198 881
739 3133 862 3197 dietum
885 3134 916 3197 ei
938 3135 995 3216 qui
1012 3135 1200 3199 convivium
1222 3132 1418 3197 dehonesta-
1470 3132 1558 3216 quod
1579 3133 1651 3197 aliis
1673 3135 1753 3198 anni
1774 3141 1842 3198 tem
1885 3134 1975 3198 ribus
1997 3154 2241 3216 saepenumero,
2263 3155 2322 3198 nec
2343 3154 2450 3215 quum

437 3220 503 3299 bat,
523 3239 623 3302 quare
641 3219 840 3284 recubuisti?
860 3218 926 3298 sed,
946 3240 1048 3302 quare
1065 3219 1236 3303 ingressus
1254 3217 1309 3284 es?
1329 3220 1418 3301 quis-
1469 3219 1586 3283 mundi
1608 3226 1731 3299 essent,
1761 3241 1836 3285 acce
1860 3228 1969 3299 crent;
1997 3219 2033 3283 in
2055 3220 2225 3303 paschate,
2255 3221 2355 3284 etiam
2383 3220 2448 3284 im-

438 3306 511 3388 quis
540 3305 772 3390 mysteriorum
800 3306 924 3388 pertice
948 3328 964 3370 8
991 3326 1059 3370 non
1080 3312 1145 3382 881,
1167 3306 1334 3387 improbus
1356 3311 1416 3382 est,
1470 3305 1592 3370 mundi.
1626 3305 1756 3370 Deinde
1774 3305 1950 3372 exclamat:
1969 3327 1989 3371 o
2006 3305 2288 3371 consuetudinem!
2315 3326 2448 3388 eprae-

438 3397 472 3456 et
499 3391 675 3473 impudens
702 3390 790 3473 quod
816 3392 871 3456 hic
897 3327 1024 3471 adstat,
1054 3412 1188 3473 quaeso,
1218 3391 1247 3455 si
1274 3392 1347 3472 quis
1374 3390 1417 3454 ad
1469 3392 1703 3473 sumptionem!
1722 3392 1846 3456 frustra
1856 3412 1934 3474 ergo
1946 3391 2087 3456 habetur
2104 3390 2293 3474 quotidiana
2311 3391 2446 3480 oblati03

438 3477 627 3543 convivium
660 3483 794 3541 vocatus
821 3478 964 3556 venerit,
980 3537 981 3540 ,
997 3497 1115 3542 manus
1142 3477 1274 3554 laverit,
1308 3475 1418 3540 118811-
1468 3478 1592 3542 frustra
1613 3484 1739 3543 stamus
1761 3477 1803 3541 ad
1825 3477 1944 3556 altare;
1966 3498 2063 3542 nemo
2083 3485 2134 3542 881
2154 3478 2209 3560 qui
2227 3476 2326 3542 simul
2344 3478 2448 3559 parti·

437 3563 562 3641 buerit,
585 3563 676 3627 visus
697 3562 797 3626 fuerit
818 3583 854 3626 se
876 3561 917 3626 ad
939 3562 1102 3627 edendum
1130 3583 1337 3645 comparare,
1360 3560 1417 3625 dc-
1469 3563 1563 3645 cipet.
1593 3563 1737 3628 Tantum
1772 3563 1865 3629 abest
1890 3570 1928 3627 ut
1956 3562 2131 3628 autoritate
2159 3585 2218 3628 sua
2251 3564 2448 3645 interposita

437 3647 514 3713 inde
543 3648 626 3712 nihil
654 3655 773 3732 gustet,
802 3669 910 3713 nonne
944 3648 1140 3713 contumelia
1168 3655 1202 3712 et
1229 3647 1417 3713 convivium
1467 3649 1693 3736 comprobarit.

438 3734 558 3798 afficiet
580 3741 613 3798 et
634 3734 897 3799 convivatorem?
921 3734 968 3799 sic
990 3742 1036 3813 tu,
1059 3735 1148 3799 inter
1169 3755 1224 3798 eos
1246 3740 1338 3799 stans
1359 3732 1417 3821 qui
1555 3738 1605 3797 47.
1651 3734 1705 3798 Ex
1727 3733 1841 3798 eadem
1862 3733 1984 3817 prodiit
2004 3735 2133 3801 officina
2150 3741 2183 3799 et
2201 3734 2305 3799 altera
2327 3735 2447 3799 consti-

439 3820 585 3884 oratione
604 3841 638 3884 sc
657 3818 698 3884 ad
716 3820 913 3885 sumendum
931 3829 1176 3886 sacrosanctum
1195 3819 1304 3884 cibum
1321 3840 1416 3902 prae-
1469 3820 1565 3899 tutio,
1588 3840 1671 3902 quae
1692 3819 1863 3884 dimidiam
1885 3841 2005 3885 coenae
2026 3827 2154 3905 partem
2183 3821 2313 3884 meliori
2334 3821 2448 3904 populi

438 3911 572 3988 parant,
601 3913 636 3968 te
663 3927 769 3968 unum
798 3927 868 3971 8888
895 3928 937 3970 81
967 3927 1081 3971 eorum
1107 3926 1260 3984 numero,
1284 3925 1323 3969 eo
1344 3905 1416 3987 ipso
1467 3906 2195 3990 9811881818181181818881,18181111811;
2218 3926 2338 3990 nempe
2357 3928 2447 3992 sym-

440 3990 528 4073 quod
549 4011 616 4054 non
638 3991 821 4056 abscessisti
843 3993 1010 4057 confessus
1029 4013 1073 4071 es,
1096 3991 1230 4056 tandem
1251 4012 1319 4055 non
1340 4011 1417 4072 par-
1468 3991 1580 4056 bolum
1600 3992 1781 4076 sanguinis,
1805 3992 1893 4075 q'uod
1915 3992 2005 4058 laicis
2023 4000 2057 4057 et
2073 3993 2217 4076 profanis
2235 3991 2304 4075 (his
2323 3992 2449 4058 scilicet

349 4156 356 4163 ι
441 4076 572 4159 ticipas:
595 4098 704 4142 nonne
727 4079 828 4143 satius
850 4079 933 4143 foret
954 4085 987 4143 te
1009 4099 1076 4142 non
1098 4075 1341 4159 comparuisse?
1364 4077 1417 4139 in·
1469 4077 1573 4142 titulis
1582 4078 1648 4142 Dei
1665 4076 1901 4143 haereditatem
1918 4078 2117 4163 insigniunt)
2128 4077 2349 4155 interdictum,
2365 4099 2448 4160 pau·

357 4161 362 4166 ’
441 4162 562 4246 dignus
590 4184 673 4242 sum,
696 4163 805 4245 inquis
812 4187 820 4243 3
839 4185 917 4247 ergo
936 4185 997 4228 nec
1014 4164 1241 4228 communione
1258 4161 1417 4226 orationis
1469 4165 1515 4228 cis
1548 4163 1630 4228 rasis
1664 4171 1698 4227 et
1729 4165 1837 4230 unctis
1869 4165 1905 4228 in
1935 4165 2101 4247 peculium
2133 4165 2237 4230 888811.
2288 4163 2446 4229 Edictum

441 4247 560 4332 dignus
582 4271 664 4326 cras,
687 4270 769 4331 quae
792 4256 842 4312 est
862 4249 904 4314 ad
922 4249 1270 4327 sumendumsacrum
1292 4254 1417 4333 1111818-
1469 4250 1595 4314 aeterni
1617 4250 1683 4315 Dei
1704 4259 1814 4315 estut
1836 4271 1949 4321 omncs
1978 4250 2106 4315 bibant:
2134 4250 2220 4332 quod
2241 4250 2337 4314 homo
2357 4268 2446 4313 nova

439 4333 528 4400 rium
549 4335 771 4420 praeparatio,
1469 4343 1502 4400 ct
1523 4336 1687 4400 contraria
1713 4335 1786 4420 lege
1813 4337 1985 4420 antiquare
2008 4333 2042 4400 et
2063 4335 2221 4419 abrogare
2243 4334 2351 4411 audet,
2373 4332 2446 4398 edi-
2500 4417 2503 4421 ⁸

527 4425 578 4484 46.
623 4421 669 4484 Et
690 4442 767 4487 sane
785 4421 866 4486 haec
884 4419 1084 4486 consuetudo
1106 4441 1191 4502 quae
1213 4421 1314 4486 semel
1336 4441 1416 4504 quo-
1469 4442 1546 4486 cens
1566 4443 1608 4486 ne
1630 4442 1743 4487 omnes
1760 4420 1881 4486 bibant.
1925 4423 1976 4486 Ac
1995 4444 2038 4486 ne
2056 4422 2126 4487 sine
2143 4423 2269 4486 ratione
2286 4419 2447 4485 adversus

439 4507 553 4572 tannis
582 4509 821 4573 communicare
848 4505 953 4586 iubet,
984 4506 1203 4571 certissimum
1226 4515 1277 4572 est
1296 4506 1417 4572 diaboli
1469 4506 1581 4572 Deum
1602 4527 1702 4571 suum
1722 4515 1872 4591 pugnent
1887 4508 1972 4573 tales
1992 4507 2204 4592 legislatores,
2226 4506 2371 4591 pericula
2388 4506 2447 4571 ob-

439 4590 626 4671 inventum,
655 4594 877 4675 cuiuscunque
908 4591 1044 4657 tandem
1077 4592 1259 4659 ministerio
1286 4593 1418 4658 invecta
1469 4594 1610 4658 tendunt
1639 4614 1723 4676 quae
1754 4592 1900 4659 cecidere
1934 4601 2068 4677 possent
2088 4594 2117 4657 si
2139 4595 2289 4660 omnibus
2322 4593 2447 4674 passim

439 4677 548 4742 1118111.
582 4679 690 4741 Aiunt
699 4678 922 4761 Zephcrinum
931 4683 960 4763 ⁴)
979 4679 1049 4744 eius
1071 4677 1192 4743 decreti
1209 4679 1310 4744 fuisse
1321 4685 1417 4744 auto·
1469 4686 1687 4763 exponeretur
1709 4699 1800 4744 sacer
1821 4679 1875 4745 hie
1897 4679 1992 4745 calix.
2037 4680 2087 4743 Ac
2109 4679 2137 4743 si
2160 4679 2201 4744 ab
2224 4687 2358 4744 aeterna
2379 4678 2446 4743 Dei

439 4784 520 4842 rem,
539 4763 624 4847 quod
643 4763 708 4828 tale
725 4765 825 4829 fuisse
843 4784 1051 4846 nequaquam
1068 4763 1222 4830 credibile
1245 4772 1296 4830 est
1318 4764 1416 4847 quale
1468 4766 1629 4849 sapientia
1655 4771 1827 4847 prospecta
1853 4785 1892 4828 ea
1909 4771 1944 4829 et
1970 4763 2199 4831 animadversa
2226 4785 2293 4829 non
2322 4771 2443 4829 essent

440 4870 528 4914 nunc
559 4848 725 4914 habemus.
769 4850 831 4914 Ille
861 4851 949 4913 enim
976 4871 1035 4914 suo
1060 4849 1210 4915 instituto
1238 4871 1303 4915 non
1332 4851 1416 4914 forte
1467 4851 1606 4929 Deinde,
1625 4856 1741 4933 argute
1758 4849 1889 4927 scilicet,
1907 4851 2154 4931 ratiocinantur,
2172 4872 2279 4916 unum
2290 4869 2350 4933 pro
2362 4849 2445 4914 duo-

439 4936 580 5016 pessime
601 4933 754 5000 ecclesiae
776 4933 976 5014 consulebat,
998 4944 1036 5000 ut
1052 4947 1124 5000 tum
1141 4943 1236 5000 erant
1257 4944 1414 5018 tempora.
1467 4936 1529 5002 bus
1551 4956 1622 5002 esso
1644 4934 1733 5000 sctis.
1777 4935 1864 4998 Nam
1885 4935 1915 4999 si
1936 4955 2054 5018 corpus
2075 4943 2140 5016 est,
2162 4936 2332 5021 inquiunt,
2354 4942 2445 5000 totus

440 5017 580 5083 Minime
612 5019 697 5084 enim
734 5021 869 5088 dubium
898 5029 948 5086 cst
975 5023 1056 5105 quin
1087 5027 1159 5086 tum
1188 5042 1282 5087 sacra
1313 5042 1416 5086 coena
1468 5021 1621 5088 Christus
1644 5028 1702 5100 cst,
1724 5020 1815 5103 quia
1836 5043 2041 5106 suecorpore
2061 5022 2129 5087 iam
2151 5023 2262 5089 divelli
2284 5043 2352 5087 non
2368 5028 2444 5104 pot

439 5110 679 5189 proponeretur
706 5107 857 5173 fidelibus
890 5109 1016 5190 quoties
1043 5109 1078 5171 in
1107 5115 1236 5172 coetum
1261 5107 1415 5173 conveni·
1467 5114 1525 5172 est
1575 5107 1666 5190 Ergo
1694 5112 1728 5170 et
1750 5128 1870 5192 corpus
1903 5111 2099 5193 sanguinem
2132 5131 2193 5192 per
2221 5107 2444 5174 concomitan-

439 5198 528 5271 rent,
547 5211 608 5257 nec
631 5190 766 5259 dubium
785 5195 884 5258 etiam
901 5194 982 5277 quin
998 5193 1084 5259 bona
1101 5214 1215 5258 eorum
1231 5213 1309 5276 pars
1327 5212 1415 5257 com·
1467 5194 1547 5257 tiam
1569 5192 1804 5275 complectitur.
1847 5193 1903 5258 En
1924 5216 2039 5260 sensus
2059 5196 2166 5259 nostri
2182 5217 2258 5261 cum
2274 5196 2347 5260 Deo
2364 5214 2444 5260 eon-

438 5279 631 5346 munioaret
676 5277 745 5347 Sed
766 5301 869 5362 quum
886 5281 945 5345 vix
961 5300 1105 5361 unquam
1125 5279 1274 5344 eveniret
1290 5287 1329 5344 ut
1345 5299 1415 5344 om·
1467 5300 1615 5359 sensum,
1643 5277 1698 5344 ubi
1725 5279 1778 5345 vel
1811 5279 1978 5345 tantillum
2009 5280 2095 5346 laxis
2127 5281 2265 5347 habenis
2291 5280 2443 5346 lascivire

1467 5366 1665 5449 ferocireque
1701 5366 1813 5448 coepit
1868 5366 2051 5445 Dominus,
2095 5388 2215 5450 panem
2256 5364 2442 5443 ostendens,

1467 5472 1585 5536 corpus
1607 5472 1704 5516 scum
1726 5471 1797 5517 esse
1815 5449 1895 5516 dicit
1901 5474 1910 5532 ;
1933 5451 2067 5518 calicem
2088 5452 2169 5518 dum
2191 5452 2342 5531 ostendit,
2365 5472 2444 5516 san-

508 5571 628 5637 1)1nc.
647 5569 783 5623 818888.
803 5567 943 5634 taceae,
963 5567 1005 5624 15.
1067 5568 1139 5638 111
1160 5610 1166 5623 .
1185 5567 1237 5622 118
1255 5569 1323 5637 (ee).
1384 5568 1415 5638 3)
1466 5537 1603 5620 guinem
1634 5543 1739 5605 vocat
1789 5537 1964 5603 Humanae
1998 5537 2134 5639 racionis
2160 5538 2301 5639 ‘audacia
2327 5544 2445 5603 0⁰11&ss

381 5699 383 5707 ,
438 5637 473 5691 In
490 5653 512 5690 c.
532 5638 554 5692 1.
571 5639 663 5692 homil.
681 5637 723 5691 26.
800 5635 1141 5708 411188118181
1177 5679 1183 5692 .
1466 5623 1636 5701 reclamat,
1659 5642 1780 5706 panem
1809 5644 1881 5689 esse
1902 5643 2251 5709 sangumem,v1num
2278 5644 2350 5690 8888
2370 5643 2444 5689 eor-
