5600 6809
372 767 426 828 141
768 761 856 825 LIB.
880 762 907 825 I.
950 760 1014 824 DE
1038 757 1326 825 COGNITIONE
1348 756 1433 822 DEI
1455 755 1729 824 oaanroms.
1774 757 1874 823 OAP.
1897 757 1975 822 XV.
2315 766 2377 826 142

368 953 493 1015 arrianae
525 951 603 1013 aetio
637 955 681 1012 est
712 955 746 1012 ut
768 948 842 1012 illuc
865 949 991 1028 aspiret.
1032 949 1082 1012 Ac
1104 948 1256 1029 proinde,
1284 968 1343 1028 pua
1395 946 1563 1011 interdum
1583 946 1774 1027 practicum,
1798 947 1854 1028 qui
1877 946 1952 1009 boni
1973 947 2093 1013 malive
2115 951 2376 1032 apprehensione

366 1039 497 1118 ensisque
519 1036 621 1118 acopis
643 1036 686 1101 ad
708 1034 812 1099 Deum
832 1035 972 1098 accedere
993 1035 1107 1113 stridet,
1129 1055 1162 1098 eo
1183 1054 1215 1098 se
1232 1034 1344 1114 probat
1395 1032 1597 1099 voluntatem
1630 1033 1721 1097 varie
1754 1039 1892 1096 moveat.
1943 1031 2014 1098 Sub
2044 1055 2107 1116 quo
2139 1058 2260 1119 genere
2292 1039 2376 1102 bene

365 1124 485 1186 ratione
503 1141 568 1185 esse
583 1121 775 1201 praeditum.
808 1120 869 1201 Qui
885 1121 997 1200 plures
1015 1121 1120 1184 colant
1137 1139 1201 1184 esse
1219 1121 1345 1183 animas
1396 1120 1544 1200 iusteque
1566 1117 1701 1182 vivendi
1722 1118 1859 1181 scientia
1885 1120 2079 1183 continetur.
2125 1122 2225 1186 Illum
2248 1145 2376 1206 quoque

367 1211 403 1273 ia
429 1207 563 1284 leontino,
592 1206 647 1270 lac
667 1211 712 1271 est
732 1207 915 1270 suasitiram
944 1211 972 1270 et
992 1206 1192 1283 rationalem,
1221 1206 1278 1269 etsi
1298 1205 1344 1268 oi·
1397 1204 1593 1288 (appetitum
1616 1203 1703 1286 dico)
1730 1205 1765 1266 in
1792 1203 1995 1268 voluntatem
2020 1216 2054 1269 et
2079 1210 2376 1289 concupiscentiam

367 1297 479 1360 dentur
500 1293 624 1374 aliquid
643 1293 754 1372 afferre
770 1291 941 1371 probabile,
963 1292 1040 1372 quia
1058 1296 1160 1356 tamen
1182 1291 1215 1354 in
1238 1310 1344 1355 eoram
1395 1291 1597 1376 partiuntur,
1627 1309 1664 1354 ac
1686 1288 1829 1370 βούλησιν
1854 1289 1985 1372 quidem
2008 1312 2079 1356 esse
2108 1295 2233 1374 quoties
2254 1297 2375 1359 rationi

366 1379 543 1444 reticendus
575 1376 657 1441 nihil
688 1384 733 1442 est
756 1379 898 1458 firmam,
930 1376 1122 1456 repudiandi
1149 1376 1237 1441 nobis
1261 1381 1343 1454 sard,
1396 1376 1575 1458 appetitus,
1599 1396 1696 1456 quem
1720 1373 1812 1458 ὁρμὴν
1834 1375 2010 1458 appellant,
2033 1376 2248 1460 obtemperat;
2271 1382 2374 1454 πάθος

368 1467 441 1529 11181
458 1465 490 1527 in
511 1464 602 1527 rebus
622 1462 749 1544 friuolis
770 1469 798 1526 ct
819 1462 984 1527 inutilibus
1005 1483 1061 1527 ires
1083 1468 1223 1543 torquere
1244 1461 1342 1525 libeat.
1396 1471 1506 1527 autem
1532 1460 1627 1536 Ι11811,
1662 1460 1718 1525 ubi
1746 1482 1882 1526 excusso
1911 1463 2045 1527 rationis
2074 1465 2152 1547 iugo
2186 1464 2228 1528 ad
2256 1467 2375 1530 intem·

367 1549 524 1632 Mapnom
556 1550 799 1632 repupnantiam
830 1569 895 1612 esse
927 1549 1033 1613 dicunt
1070 1549 1150 1612 inter
1182 1549 1344 1630 arpanicos
1395 1549 1519 1629 periem
1545 1548 1698 1610 excurrit.
1744 1546 1797 1610 Ita
1825 1568 1954 1629 semper
1981 1548 2016 1611 in
2050 1549 2181 1614 homine
2214 1553 2374 1616 rationem

365 1642 468 1700 nmtus
489 1640 517 1698 et
536 1634 722 1699 raliondem
743 1636 870 1699 animae
885 1639 1020 1715 partein.
1068 1634 1169 1714 Quasi
1189 1653 1250 1696 non
1271 1634 1343 1714 msa
1395 1633 1619 1716 imaginantur
1641 1653 1706 1714 qua
1727 1653 1763 1696 se
1784 1645 1872 1698 recte
1893 1633 2056 1699 moderari
2078 1644 2184 1718 queat.

366 1742 485 1804 qaoque
506 1721 588 1785 ratio
609 1740 712 1784 secum
728 1720 888 1799 dissideat,
911 1721 1022 1784 etaim
1039 1720 1170 1784 consilia
1189 1719 1256 1783 alia
1274 1737 1344 1782 cum
1483 1723 1510 1781 7.
1565 1717 1618 1782 Aa
1649 1718 1708 1782 hac
1745 1719 1874 1783 docendi
1905 1720 2026 1784 ratium
2054 1723 2191 1803 paulum
2222 1723 2375 1788 discedam

367 1808 446 1872 aliis
471 1828 530 1870 ran
557 1825 644 1885 secem
672 1826 709 1870 ac
734 1805 860 1870 laostrles
885 1807 1035 1871 erectus
1063 1806 1235 1888 midlipant.
1281 1804 1343 1868 Sed
1394 1806 1549 1887 capium,-
1576 1804 1654 1884 quia
1676 1804 1870 1885 philosophi,
1898 1807 2011 1885 quibem
2038 1809 2194 1890 imoprritu
2223 1816 2291 1873 erat
2319 1832 2374 1875 na

366 1914 464 1975 picum
494 1891 568 1956 haec
593 1892 788 1972 perturbatio
816 1893 859 1956 sa
884 1912 922 1956 ea
954 1897 1086 1956 rmturae
1112 1891 1342 1970 depravatione,
1394 1896 1485 1954 turae
1516 1890 1671 1970 corruptio
1704 1911 1785 1969 quae
1815 1911 1855 1955 ec
1886 1892 2065 1972 defectionis
2089 1915 2193 1975 poeria
2221 1898 2372 1975 prouenit,

360 1998 530 2060 perperam
553 1978 624 2041 iude
645 1977 814 2059 callipitur,
836 1977 920 2041 duas
940 1997 1007 2041 esse
1029 1980 1169 2055 ariacas,
1197 1978 1273 2058 quia
1293 1975 1344 2056 fa»
1395 1977 1474 2040 duos
1499 1974 1635 2039 hominis
1662 1980 1764 2040 datus
1791 1977 1881 2040 ualle
1902 1977 2040 2042 diversos
2057 2001 2226 2060 perperrm
2246 1982 2374 2062 confun-

366 2065 493 2130 cultates
514 2084 577 2145 qua
598 2064 680 2128 decet
700 2064 881 2144 spnmtetria
908 2062 989 2133 inter
1011 2084 1043 2128 se
1063 2085 1126 2128 nou
1147 2063 1343 2126 consentiam.
1395 2062 1480 2126 dunt.
1525 2058 1581 2125 Sic
1610 2082 1687 2143 ergo
1717 2062 1908 2127 habeamus:
1940 2064 2071 2129 subesse
2100 2066 2182 2130 duas
2198 2067 2374 2133 ‘humanae

369 2148 531 2216 Caeterum
557 2150 595 2214 dc
617 2149 699 2230 ipsis
716 2149 917 2230 laudtatibus
938 2149 1085 2213 subtilius
1101 2150 1254 2214 disserere
1269 2148 1344 2228 plri-
1396 2148 1525 2211 animae
1542 2155 1662 2228 partes,
1681 2169 1765 2229 qnae
1787 2146 1917 2231 quidem
1939 2152 2104 2233 praesenti
2125 2153 2275 2217 instituto
2297 2175 2373 2219 con-

365 2236 501 2317 lesoplis
513 2236 676 2317 permittm
696 2235 784 2298 nobis
801 2235 843 2298 ad
860 2233 1090 2314 aedificandam
1105 2235 1253 2316 pietatem
1269 2234 1344 2299 sim
1395 2235 1540 2310 veniant,
1563 2233 1765 2298 intellectum
1787 2241 1821 2298 81
1842 2235 2054 2299 voluntatem.
2100 2235 2152 2301 su
2174 2241 2372 2304 1118110111-

359 2322 438 2405 plea
459 2322 598 2402 definitio
614 2320 754 2401 sufficiet.
793 2320 874 2384 Vera
895 2320 1019 2401 quidem
1040 2341 1113 2399 esse,
1135 2340 1189 2384 nec
1205 2320 1344 2384 iucunda
1396 2320 1483 2385 cium
1514 2319 1713 2397 intellectus,
1753 2321 1841 2383 inter
1879 2320 2004 2386 obieeta
2037 2322 2236 2403 discernere,
2276 2332 2374 2406 prout

363 2408 453 2472 niodo
475 2408 610 2490 repetitu,
638 2406 692 2470 sed
719 2406 814 2470 etiam
841 2406 934 2470 utilia
956 2427 1020 2471 esse
1039 2408 1153 2488 fateor,
1181 2406 1344 2485 dextraque
1395 2404 1648 2487 unumquodque
1677 2405 1879 2487 probandum
1907 2416 1965 2470 ant
1988 2408 2241 2490 improbandum
2262 2412 2373 2476 visum

364 2494 404 2558 ab
425 2493 494 2558 illis
515 2492 634 2557 collecta
656 2511 735 2572 quae
755 2492 873 2571 (101111,ι
893 2512 947 2556 nec
967 2511 1038 2556 uero
1060 2493 1099 2558 ab
1117 2512 1223 2556 eorum
1239 2492 1343 2556 studio
1395 2491 1508 2569 hierii,
1535 2491 1713 2555 voluntatis
1740 2499 1867 2569 autem,
1895 2493 2016 2575 eligere
2040 2502 2073 2558 et
2095 2497 2185 2577 sequi
2208 2496 2293 2577 quod
2314 2496 2371 2560 bo·

359 2578 524 2660 prohibes,
557 2579 611 2658 qui
647 2578 785 2642 discendi
817 2578 923 2658 cupidi
953 2584 1032 2642 sunt.
1076 2578 1218 2642 Admitto
1245 2579 1344 2660 ipitar
1395 2598 1477 2640 num
1498 2576 1682 2641 intellectus
1700 2577 1885 2656 dictaverim
1908 2581 2075 2660 aspernari
2098 2602 2135 2645 ac
2153 2582 2264 2664 fugere
2286 2582 2372 2663 quod

363 2665 472 2748 primo
500 2664 570 2728 loco
597 2684 668 2727 esse
694 2663 836 2745 quinque
864 2684 992 2741 sensus,
1022 2685 1101 2747 quos
1130 2671 1240 2727 tamen
1264 2663 1342 2728 Pla·
1394 2663 1450 2726 1118
1483 2662 1684 2744 improbarit.
1699 2663 1724 2748 ¹)
1768 2663 1859 2727 Nihil
1894 2664 1948 2729 hic
1981 2687 2040 2730 108
2068 2675 2275 2731 remorentur
2297 2668 2372 2733 illae

364 2751 436 2814 toni
450 2748 473 2832 ¹)
494 2755 618 2832 organa
634 2749 739 2831 magis
757 2750 867 2813 vocari
884 2748 999 2832 placet,
1023 2750 1138 2832 quibus
1155 2751 1190 2813 in
1208 2770 1342 2813 sensum
1394 2747 1582 2812 Aristotelis
1603 2749 1779 2826 minutiae,
1802 2749 1928 2813 nullam
1950 2771 2020 2815 esse
2042 2754 2145 2816 menti
2166 2774 2226 2835 per
2246 2774 2282 2818 se
2303 2775 2373 2818 mo-

364 2856 589 2912 communsm,
616 2855 677 2899 ocu
696 2834 733 2898 in
754 2834 995 2916 receptaculum
1016 2835 1193 2918 quoddam,
1217 2834 1343 2899 obiecta
1395 2835 1532 2910 tionem,
1567 2834 1624 2897 sed
1656 2834 1848 2913 electionem
1881 2858 1952 2900 esse
1978 2858 2061 2919 quae
2093 2847 2238 2917 moveat3
2273 2860 2373 2921 quam

365 2922 475 2985 omnia
497 2920 712 2998 instillentur;
740 2921 833 3002 sequi
853 2920 1074 3003 phantasiam,
1098 2943 1181 3003 quae
1203 2943 1223 2985 a
1244 2941 1344 2985 sensu
1395 2919 1534 2984 eandem
1556 2927 1725 3001 nuncupat
1746 2920 1948 2985 intellectum
1970 2925 2194 3004 appetitivum.
2239 2926 2290 2989 Ne
2317 2947 2374 2990 su·

365 3007 531 3074 communi
564 3005 770 3088 apprehensa
807 3005 982 3084 diiudicet;
1021 3015 1135 3089 postea
1172 3007 1341 3084 rationem,
1394 3004 2373 3087 1181111118(111881101111118111110811111,8111881110111811-

364 3114 465 3176 penes
487 3112 586 3174 quam
606 3091 793 3157 universale
814 3098 865 3155 est
880 3092 1050 3171 indicium;
1071 3101 1233 3174 postremo
1250 3113 1342 3156 men·
1394 3091 1562 3156 tellectum
1578 3112 1649 3155 esee
1666 3092 1758 3173 quasi
1777 3092 1907 3156 animae
1925 3092 2040 3158 ducem
2060 3104 2093 3157 et
2105 3088 2372 3178 gubernatorem3

365 3188 448 3255 tem,
489 3198 574 3259 quae
607 3175 714 3241 defixo
746 3178 919 3259 quietaque
952 3179 1073 3242 intuitu
1105 3178 1343 3260 contempletur
1394 3177 1597 3242 voluntatem
1618 3177 1653 3240 iu
1676 3176 1764 3241 illius
1785 3185 1904 3241 nutum
1926 3200 2054 3261 semper
2075 3182 2244 3263 respicere,
2268 3190 2301 3244 et
2322 3183 2372 3246 iu·

365 3286 449 3347 quae
469 3265 552 3328 ratio
575 3262 786 3328 discurrendo
804 3263 952 3329 volutare
970 3263 1100 3349 801819)
1126 3264 1212 3328 Item
1229 3263 1341 3342 menti,
1395 3263 1518 3328 dicium
1545 3264 1580 3326 in
1608 3263 1676 3327 suis
1693 3262 1871 3351 (desideriis
1902 3273 2099 3346 exspectare.
2145 3265 2220 3346 Qua
2246 3268 2373 3331 ratione

364 3350 498 3428 rationi,
520 3349 729 3432 phantasiae,
757 3348 863 3413 tribus
885 3350 1014 3414 animae
1035 3350 1244 3416 facultatibus
1266 3370 1343 3432 cog·
1394 3370 1471 3414 vere
1497 3347 1634 3414 tradidit
1660 3349 1730 3431 ipse
1756 3348 1844 3414 idem
1871 3350 2112 3437 Aristoteles,²)
2146 3352 2250 3416 simile
2277 3351 2371 3434 qnid·

364 3437 478 3501 nitivis
519 3443 586 3500 tres
619 3435 719 3500 etiam
752 3435 947 3518 appetitivas
979 3434 1192 3518 respondere:
1226 3437 1342 3503 volun·
1395 3433 1472 3498 (1111
1509 3455 1579 3500 8888
1616 3436 1653 3499 in
1685 3436 1831 3517 appetitu
1862 3436 1975 3520 fugam
2013 3444 2046 3501 81
2077 3439 2370 3520 persequutionem,

364 3530 481 3601 tatem,
509 3522 604 3587 ouius
631 3528 742 3604 partes
769 3521 852 3599 sint,
887 3542 970 3604 quae
993 3543 1087 3587 mens
1107 3528 1141 3586 et
1161 3523 1245 3587 ratio
1267 3542 1342 3604 pro·
1395 3521 1490 3602 quale
1517 3528 1570 3586 081
1593 3522 1629 3584 in
1658 3529 1769 3586 mente
1799 3522 1972 3586 affirmatio
2000 3532 2057 3587 aut
2083 3526 2221 3607 negatio.
2266 3525 2371 3588 l’orro

363 3615 500 3692 ponunt,
521 3613 673 3690 appetere
679 3631 688 3686 ;
717 3606 787 3672 vim
808 3607 983 3686 irascendi,
1013 3629 1096 3690 quae
1118 3628 1138 3671 1
1159 3610 1286 3673 ratione
1308 3614 1343 3671 et
1395 3628 1494 3689 quam
1520 3614 1611 3672 08111
1632 3629 1720 3672 nune
1742 3608 1786 3672 sit
1807 3607 1849 3672 ad
1871 3608 2075 3693 dirigendam
2097 3611 2299 3675 voluntatem
2320 3611 2372 3674 in·

362 3695 538 3779 phantasia
553 3700 702 3776 porrecta
719 3692 856 3776 arripiat
862 3716 871 3773 ;
893 3693 961 3759 vim
979 3694 1236 3777 concupiscendi,
1259 3714 1342 3778 quae
1395 3692 1544 3758 tellectus
1566 3692 1773 3776 gubernatio,
1804 3694 1883 3759 alili
1903 3693 2076 3760 videbitur.
2121 3696 2187 3761 Hic
2212 3696 2374 3763 duntaxat

364 3780 579 3864 aphantasia
600 3800 761 3862 sensuque
783 3780 908 3845 obiecta
929 3779 1161 3863 apprehendat
1195 3780 1287 3846 Haeo
1305 3786 1344 3845 ut
1395 3778 1556 3858 volumus,
1579 3779 1704 3844 nullam
1725 3780 1863 3863 reperiri
1882 3800 1977 3862 posse
1998 3782 2034 3845 in
2052 3783 2161 3846 111111
2178 3783 2372 3868 potentiam,

363 3887 445 3932 vera
470 3867 552 3943 sint,
587 3873 644 3930 aut
676 3865 793 3930 saltem
821 3865 1017 3948 probabilia,
1046 3867 1202 3947 quoniam
1230 3874 1341 3931 tamen
1394 3885 1478 3946 qnae
1506 3885 1573 3928 non
1601 3867 1663 3929 1118
1693 3864 1735 3929 ad
1763 3865 1959 3930 alterutrum
1985 3866 2123 3931 istorum
2149 3869 2373 3933 membrorum

364 3974 480 4018 vereor
500 3973 542 4017 ne
563 3952 669 4034 magis
686 3971 747 4017 nos
765 3973 825 4015 sua
841 3950 1038 4017 obscuritate
1055 3952 1226 4017 involvant
1242 3973 1341 4035 quam
1394 3949 1562 4015 referatur.
1607 3951 1710 4031 Alpem
1741 3951 1802 4016 hoc
1834 3950 1931 4016 modo
1957 3973 2089 4018 sensum
2116 3956 2177 4019 sub
2203 3955 2373 4021 intellectu

363 4039 494 4116 iuvent,
526 4037 708 4102 omittenda
736 4058 859 4103 censeo.
904 4036 942 4102 Si
970 4039 1021 4102 cui
1050 4037 1131 4103 libet
1157 4039 1220 4102 1110
1244 4039 1341 4103 modo
1394 4036 1714 4118 comprehendimus:
1748 4058 1846 4119 quem
1872 4037 1928 4101 alii
1957 4039 2003 4104 sic
2031 4038 2252 4124 distinguunt,
2287 4040 2374 4123 quod

364 4126 493 4190 animae
520 4124 682 4207 potentias
704 4122 916 4201 distribuere,
945 4133 982 4187 ut
1006 4123 1110 4188 altera
1129 4135 1263 4189 vocetur
1284 4146 1342 4207 ap-
1395 4143 1528 4186 sensum
1551 4123 1592 4186 ad
1613 4123 1816 4205 voluptatem
1843 4124 2046 4207 propendere
2069 4125 2198 4204 dicunt,
2226 4147 2285 4209 pro
2307 4146 2373 4209 qua

364 4212 509 4295 positiva,
530 4231 613 4293 quae
635 4209 767 4274 11118181
788 4209 926 4273 rationis
944 4230 1069 4291 expers,
1094 4210 1213 4273 rationi
1230 4217 1342 4275 tamon
1394 4207 1580 4273 intellectus
1600 4210 1723 4274 bonum
1745 4218 1908 4291 sequatur.
1953 4209 2036 4275 Inde
2058 4213 2130 4276 fieri
2152 4221 2190 4276 ut
2212 4212 2370 4295 appetitio

363 4298 581 4378 obtemperat,
605 4297 633 4361 si
655 4294 787 4360 aliunde
810 4293 984 4378 (litigatum
1013 4294 1116 4359 111811
1140 4294 1270 4360 (1101111
1289 4296 1341 4359 in·
1394 4315 1525 4372 sensus,
1554 4296 1814 4377 concupiscentia
1839 4296 1899 4360 fiat
1926 4300 1959 4360 81
1980 4296 2095 4376 libido;
2124 4299 2250 4362 affectio
2273 4296 2371 4359 intel·

364 4382 543 4461 telleetiva,
573 4403 657 4464 quae
685 4383 729 4446 811
749 4401 808 4462 per
830 4401 864 4445 se
888 4383 992 4463 ipsam
1014 4380 1141 4444 ratione
1163 4382 1340 4463 particeps:
1393 4379 1513 4459 lectus,
1546 4380 1706 4446 voluntas.
1759 4382 1909 4447 Rursum
1939 4403 1998 4465 pro
2033 4384 2196 4466 appetitus
2228 4381 2370 4459 1011118,

363 4490 430 4534 101
451 4468 548 4534 valde
570 4468 720 4532 reclamo.
764 4466 833 4532 Nec
852 4466 943 4533 istud
964 4466 1112 4530 refellere
1133 4466 1248 4546 velim,
1277 4468 1342 4532 tria
1393 4465 1480 4548 quod
1502 4465 1551 4529 illi
1572 4466 1714 4546 malunt,
1742 4467 1922 4534 voluntatis
1948 4489 2081 4546 nomen,
2112 4467 2197 4549 quod
2218 4464 2371 4530 usitatim

363 4575 434 4620 esse
467 4553 586 4638 agendi
610 4554 785 4637 principia,
816 4573 964 4631 sensum,
992 4551 1212 4631 intellectum,
1242 4573 1341 4636 appe·
1394 4560 1453 4630 881,
1475 4573 1624 4639 usurpo„
2432 4598 2434 4602 ,

363 4641 470 4705 titum.
517 4638 585 4705 Sed
611 4661 672 4704 nos
703 4639 897 4704 divisionem
928 4639 1036 4720 potius
1063 4638 1223 4722 eligamus
1255 4640 1341 4702 infra
1481 4642 1510 4702 8.
1555 4638 1642 4722 Ενρο
1663 4640 1806 4703 enimam
1828 4639 1964 4704 mininis
1984 4637 2074 4702 Deus
2091 4640 2187 4700 morte
2207 4636 2369 4718 immae,

362 4728 510 4791 omnium
532 4732 664 4807 captum
692 4727 845 4808 positam,
874 4745 957 4807 quae
984 4732 1071 4789 08118
1098 4746 1118 4789 1
1138 4723 1340 4807 philosophis
1393 4744 1457 4804 qua
1479 4723 1591 4788 bouum
1613 4746 1634 4788 a
1654 4726 1751 4803 nmlo,
1775 4726 1893 4790 iustum
1915 4724 1954 4788 ab
1975 4725 2092 4788 iniusto
2113 4720 2310 4802 discerneret,
2333 4744 2372 4789 ac

361 4813 432 4895 peti
458 4833 525 4877 non
544 4818 659 4895 potest.
703 4811 790 4875 Nam
817 4810 866 4874 illi
892 4810 972 4874 dum
993 4810 1231 4893 simplicissime
1253 4811 1341 4893 loqui
1393 4810 1472 4889 quid
1490 4811 1679 4890 sequnzdmn
1700 4811 1749 4875 rel
1767 4811 1952 4893 sapiendum
1974 4809 2028 4884 sit,
2048 4813 2216 4889 praeeunte
2234 4810 2372 4876 rationis

362 4899 493 4977 volunt,
522 4899 667 4962 animam
695 4895 847 4962 dividunt
873 4897 909 4961 in
931 4898 1111 4979 appetitum
1139 4904 1172 4961 81
1192 4896 1340 4962 intellec·
1394 4896 1460 4960 luce
1486 4897 1609 4959 riderd
1667 4896 1753 4961 Unde
1775 4901 1900 4977 partem
1926 4893 2006 4957 herm
2033 4894 2225 4960 directricem
2250 4893 2284 4958 m*
2307 4893 2371 4977 ἦγε·

363 4993 450 5064 tum,
479 4983 536 5050 sed
564 4992 740 5066 utrumque
767 4983 892 5048 faciunt
914 4981 1124 5067 duplicem.⁸)
1168 4983 1267 5048 Hunc
1289 4984 1340 5047 in·
1392 4979 1517 5060 perinde
1549 4983 1698 5046 diruunt
1722 4979 1909 5063 philosophi.
1964 4978 2051 5042 Huic
2083 4979 2234 5046 autema
2263 4982 2371 5048 aalma·

362 5070 496 5136 tardum
522 5069 813 5152 contemplativum
840 5090 910 5134 0888
933 5068 1060 5147 (110111,
1090 5069 1146 5151 qui
1175 5069 1243 5133 sola
1265 5091 1340 5154 cog·
1392 5073 1501 5145 teum,
1519 5088 1616 5148 penes
1632 5066 1923 5148 monesterello.
1967 5063 2032 5128 His
2046 5066 2227 5146 praeclaris
2247 5066 2371 5133 ddibus

362 5157 490 5222 uitione
522 5163 710 5233 contentus,
742 5155 871 5218 nullum
899 5156 1035 5220 actionis
1064 5163 1190 5220 motum
1222 5157 1342 5221 hebeat
1393 5154 1536 5218 excelluit
1547 5150 1659 5235 prima
1676 5153 1811 5216 hominis
1827 5150 1968 5229 corditio,
1990 5156 2025 5215 ut
2040 5154 2131 5231 ratio,
2154 5154 2368 5236 inlellipentia,

361 5242 480 5329 (quam
496 5264 567 5308 rem
583 5241 707 5325 ingenii
725 5241 856 5304 nomino
873 5239 1040 5324 designari
1056 5248 1152 5324 putat
1168 5240 1340 5326 Cicero),⁴)
1387 5240 1568 5320 prudentia,
1582 5240 1749 5311 iuduium,
1768 5257 1830 5300 non
1847 5236 1936 5299 modo
1954 5237 1997 5302 ad
2012 5243 2150 5303 terrerem
2166 5240 2247 5303 citae
2261 5239 2369 5321 paba-

595 5368 597 5371 -
1392 5325 1549 5388 rratmmm
1565 5326 1764 5405 suppeteret,
1786 5321 1841 5385 sed
1859 5323 1973 5402 quibus
1988 5325 2250 5389 transsceulercnl
2271 5342 2369 5404 usque

1393 5411 1437 5474 ad
1451 5410 1556 5473 Deum
1578 5416 1606 5472 et
1626 5413 1783 5476 adernam
1802 5407 1989 5488 felicitatem.
2016 5409 2204 5499 Deindeut
2218 5408 2368 5472 cecedem

436 5552 514 5672 1qu
534 5550 689 5602 1118181810.
759 5545 789 5613 2)
808 5547 893 5599 Arist.
912 5546 972 5598 libr.
986 5544 1179 5613 1111111111).
1192 5549 1240 5598 ult.
1268 5549 1339 5601 Item
1392 5584 1404 5589 -
1430 5584 1457 5589 ,.

363 5622 427 5674 libr.
465 5661 476 5687 .,
490 5637 511 5672 c.
531 5618 555 5670 2.
632 5616 662 5684 3)
684 5616 813 5670 Themist.
839 5616 866 5667 in
890 5615 950 5666 libr.
967 5612 991 5666 3.
1011 5613 1044 5665 de
1063 5612 1163 5664 Anima
1181 5629 1202 5665 c.
1221 5614 1262 5667 49.
1299 5617 1339 5668 De

362 5689 468 5757 duplici
486 5688 632 5741 intellectu.
701 5684 732 5752 4)
749 5686 789 5739 De
808 5686 852 5738 111.
871 5684 932 5737 libr.
950 5681 975 5746 5,
994 5680 1034 5734 13.
1463 5682 1492 5747 1)
1510 5683 1553 5733 Ita
1571 5681 1649 5732 Plato
1667 5680 1695 5731 in
1713 5680 1846 5736 Phaedro.
1916 5684 2038 5749 1)]1111
2057 5681 2144 5734 Ethie.
2163 5679 2187 5733 6.
2206 5698 2227 5733 e.
2245 5681 2270 5734 2.
