5600 6809
365 799 424 860 841
711 794 800 860 LIB.
823 795 884 860 IV.
928 795 993 861 DE
1015 792 1253 863 EX'I'ERNIS
1274 790 1442 858 MEDIIS
1465 791 1531 857 AD
1552 791 1783 860 SALUTEM
1829 794 1929 860 CAP.
1952 795 2031 859 VII.
2319 801 2382 862 842

367 986 457 1052 enim
479 984 604 1050 faciunt
633 1005 671 1049 ac
694 984 830 1066 siquis,
854 984 896 1048 ad
918 985 1148 1050 stabiliendam
1172 983 1352 1048 Caesarum
1406 982 1519 1046 omnia
1547 983 1655 1065 potius
1683 982 1869 1048 contraria?
1920 980 1988 1048 Sed
2016 983 2086 1061 hic,
2115 1005 2134 1046 o
2162 985 2272 1062 Deus,
2303 986 2391 1051 unde

366 1070 609 1147 monarchiam,
637 1070 808 1151 antiquum
832 1072 962 1134 romani
983 1072 1114 1153 imperii
1135 1077 1260 1134 statum
1283 1068 1353 1131 lau·
1406 1068 1581 1150 incipiam?
1601 1090 1621 1132 a
1641 1068 1838 1146 doctr-inane,
1858 1090 1899 1133 an
1918 1092 1939 1134 a
1959 1067 2127 1134 moribus?
2165 1068 2255 1150 Quid
2274 1071 2391 1150 dicam,

368 1155 471 1234 daret,
495 1155 556 1220 hoc
573 1164 631 1234 111,
656 1154 816 1220 libertatis
838 1155 953 1221 laudes
974 1155 1014 1220 ad
1037 1155 1219 1221 ornandam
1239 1164 1354 1240 tyran·
1407 1162 1465 1217 aut
1493 1154 1570 1236 quid
1601 1153 1735 1219 tacebo?
1766 1154 1824 1219 ubi
1851 1154 2020 1220 desinam?
2065 1153 2140 1219 Hoc
2167 1155 2254 1220 dico:
2289 1178 2392 1239 quum

369 1243 479 1307 nidem
502 1247 718 1305 mutuaretur.
1050 1243 1054 1251 ¹
1298 1260 1300 1265 ’
1406 1238 1550 1304 mundus
1578 1239 1677 1303 hodie
1705 1250 1753 1303 tot
1779 1242 1943 1323 perversis
1964 1240 2139 1322 impiisque
2162 1240 2318 1307 doctrinis
2339 1264 2392 1308 11-

457 1330 506 1390 23.
551 1328 737 1403 Postremo,
775 1328 905 1392 etiamsi
940 1328 1020 1392 haec
1048 1327 1208 1391 darentur
1235 1326 1353 1403 omnia,
1407 1325 1511 1390 fertus
1539 1326 1598 1403 sit,
1627 1333 1677 1389 tot
1698 1327 1965 1408 superstitionum
1987 1325 2165 1409 generibus
2186 1327 2319 1408 plenus,
2343 1338 2393 1393 tot

371 1415 518 1478 exoritur
550 1421 662 1477 tamen
692 1411 757 1475 illis
791 1432 913 1478 novum
947 1413 987 1477 de
1020 1414 1149 1496 integro
1177 1419 1354 1488 certamen,
1408 1411 1574 1476 erroribus
1596 1421 1797 1490 excaecatus,
1821 1413 1857 1475 in
1880 1419 1973 1476 tanta
1998 1411 2186 1476 idololatria
2208 1412 2391 1480 demersus:

371 1520 473 1582 quum
500 1519 661 1582 negamus
687 1518 758 1562 esse
781 1497 906 1563 Romae
933 1498 1103 1564 ecclesiam
1125 1499 1161 1562 in
1183 1518 1248 1580 qua
1270 1497 1355 1561 eius·
1408 1496 1493 1560 nihil
1515 1499 1644 1579 uspiam
1665 1498 1803 1561 istorum
1825 1518 1897 1562 esse
1919 1497 2006 1579 quod
2025 1517 2094 1560 non
2117 1496 2208 1563 illine
2230 1500 2283 1563 vel
2304 1520 2393 1566 ema·

370 1583 458 1649 modi
480 1584 639 1649 beneficia
660 1581 803 1647 residere
825 1592 960 1666 queant:
984 1605 1085 1666 quum
1107 1604 1267 1667 negamus
1285 1603 1356 1647 esse
1409 1582 1512 1658 narit,
1537 1583 1590 1647 vel
1619 1582 1737 1646 saltem
1760 1585 1860 1647 fuerit
1880 1584 2121 1648 confirmatum.
2166 1583 2235 1648 Nee
2256 1585 2321 1650 alia
2343 1594 2394 1651 est

373 1673 559 1754 episcopum
592 1670 647 1750 qui
675 1668 755 1734 haec
785 1669 956 1751 dignitatis
983 1669 1157 1752 privilegia
1185 1669 1354 1734 sustineat.
1410 1688 1508 1732 causa
1525 1675 1696 1733 curtante
1713 1669 1803 1733 rabie
1819 1669 1968 1733 ferantur
1985 1669 2156 1751 pontifices
2172 1670 2393 1736 1116111111-

375 1756 453 1822 Sint
479 1756 581 1839 igitur
610 1776 689 1821 vera
714 1754 773 1819 illa
800 1755 911 1818 omnia
938 1757 1035 1838 (quae
1062 1762 1175 1819 tamen
1204 1754 1357 1818 illiciam
1409 1761 1478 1817 tem
1496 1754 1658 1836 evangelii
1677 1752 1868 1832 doctrinam,
1891 1755 1932 1819 ad
1955 1775 2029 1818 eam
2047 1755 2295 1836 opprimendam
2317 1777 2393 1821 ner·

374 1841 585 1924 extorsimus)
607 1841 746 1905 Petrum
768 1861 848 1905 voce
870 1840 998 1905 Christi
1020 1841 1235 1906 constitutum
1257 1841 1357 1904 iirisse
1411 1859 1469 1903 vos
1486 1860 1598 1904 omnes
1616 1860 1693 1904 suos
1714 1840 1899 1918 intendant,
1922 1860 2017 1924 reges
2034 1860 2148 1904 omnes
2170 1862 2208 1905 ac
2229 1843 2393 1925 principes

374 1929 548 1992 universae
581 1926 736 1991 ecclesiae
765 1947 803 1992 oa
825 1932 877 2003 ut,
909 1927 1080 2008 ipsumque
1109 1927 1268 1991 honorem
1296 1925 1358 1990 sibi
1410 1924 1452 1988 ad
1474 1926 1645 1989 saevitiam
1668 1925 1858 2003 accendant,
1881 1927 1946 1991 nisi
1968 1923 2055 2008 quod
2077 1925 2195 1990 collabi
2220 1948 2257 1991 11
2280 1948 2393 1992 corru-

376 2012 530 2078 collatum
549 2013 586 2075 in
607 2032 744 2076 romana
765 1949 841 2077 1111
864 2011 1067 2094 deposuisse;
1097 2011 1130 2076 id
1158 2012 1279 2077 veteris
1306 2032 1358 2076 ec·
1410 2032 1465 2074 ere
1485 2019 1589 2074 totum
1608 2031 1705 2075 suum
1723 2033 1861 2095 regnum
1880 2011 2003 2088 vident,
2026 2011 2083 2075 ubi
2105 2012 2249 2092 primum
2267 2013 2394 2078 Christi

376 2099 492 2164 clasiae
515 2099 689 2162 autoritate
711 2099 810 2163 fuisse
832 2098 1004 2175 sancitum,
1028 2098 1126 2181 longo
1155 2119 1218 2162 usu
1240 2099 1357 2162 confir·
1411 2097 1617 2180 evangelium
1646 2097 1831 2161 obtinuerit.
1884 2096 2036 2162 Crudelis
2065 2097 2128 2160 fuit
2158 2097 2237 2175 Leo,
2259 2099 2393 2182 sangui-

374 2192 515 2263 matum;
536 2204 672 2249 romano
692 2184 836 2266 pontifici
858 2203 1020 2248 summam
1042 2190 1237 2265 potestatem
1256 2183 1357 2247 fuisse
1410 2182 1525 2246 narius
1552 2182 1721 2261 Clemens,
1751 2185 1958 2249 trucidentus
1981 2189 2032 2246 est
2052 2183 2189 2247 Paulus.
2235 2182 2303 2248 Sed
2325 2205 2393 2248 non

376 2290 506 2353 semper
532 2289 599 2334 uno
627 2290 786 2334 consensu
817 2269 858 2333 ab
888 2268 1040 2334 omnibus
1062 2269 1221 2347 delatam;
1249 2269 1358 2350 ipsum
1409 2276 1479 2330 tam
1497 2277 1617 2331 natura
1639 2288 1693 2333 eos
1716 2267 1758 2333 ad
1775 2268 2033 2354 impugnandam
2056 2267 2231 2333 veritatem
2252 2270 2392 2353 impulit,

376 2357 476 2420 fuisse
508 2355 654 2419 omnium
681 2363 715 2419 et
743 2376 917 2420 causarum
944 2364 977 2420 et
1004 2355 1177 2420 hominum
1206 2353 1357 2430 iudicem,
1410 2375 1508 2435 quam
1535 2355 1619 2435 quod
1648 2376 1715 2419 una
1744 2355 1824 2420 haee
1852 2355 1917 2419 illis
1946 2355 2029 2417 ratio
2056 2364 2129 2416 erat
2150 2354 2292 2420 tuendae
2314 2377 2393 2420 suae

378 2440 499 2505 nullius
532 2440 652 2505 indicio
688 2441 872 2507 subiectum
906 2441 1014 2505 fuisse
1071 2440 1227 2505 Habeant
1259 2440 1357 2504 etiam
1410 2441 1585 2523 potentiae.
1631 2438 1724 2505 Salvi
1747 2442 1848 2525 igitur
1869 2462 1971 2523 quum
1999 2461 2070 2504 esse
2092 2460 2159 2503 non
2181 2442 2308 2521 possint
2329 2442 2393 2507 nisi

376 2527 473 2609 plura
501 2527 529 2590 si
556 2526 673 2591 velint:
701 2526 883 2608 respondeo
910 2537 1022 2591 tamen
1044 2548 1110 2591 uno
1133 2527 1248 2602 verbo,
1272 2525 1367 2589 nihil·
1411 2526 1582 2608 profligato
1605 2525 1747 2603 Christo,
1769 2548 1836 2591 non
1859 2527 1954 2591 aliter
1980 2525 2134 2589 laborant
2154 2526 2189 2589 in
2211 2526 2274 2591 hac
2297 2547 2395 2591 causa

373 2614 515 2677 istorum
536 2611 656 2689 valere,
679 2613 743 2677 nisi
760 2613 886 2677 Romae
908 2614 952 2676 111
971 2612 1106 2678 ecclesia
1127 2619 1161 2676 et
1180 2613 1358 2695 episeopus.
1412 2631 1511 2693 quam
1534 2611 1560 2674 si
1585 2632 1643 2692 pro
1664 2613 1730 2675 aris
1752 2632 1790 2675 ac
1811 2612 1890 2678 focis
1912 2613 2043 2692 suisque
2065 2611 2211 2692 ipsorum
2234 2612 2394 2694 capitibus

377 2696 451 2762 Hoc
477 2697 562 2760 mihi
590 2697 770 2761 concedant
799 2717 931 2762 necesse
960 2710 1023 2776 111,
1051 2719 1117 2762 non
1140 2718 1235 2780 posse
1257 2697 1359 2762 eccle-
1411 2710 1606 2779 pugnarent.
1652 2695 1742 2776 Quid
1771 2697 1869 2780 ergo?
1900 2720 1981 2761 num
2009 2697 2077 2760 illic
2102 2696 2196 2761 nobis
2218 2699 2282 2761 erit
2301 2696 2394 2763 sedes

378 2784 501 2847 siamm
520 2792 659 2847 matrem
678 2803 759 2860 esse,
779 2802 862 2864 quae
878 2785 951 2867 ipsa
969 2805 1035 2848 non
1054 2784 1098 2848 sit
1121 2784 1269 2862 eeclesia;
1292 2803 1359 2847 non
1412 2782 1587 2863 apostolica
1606 2781 1662 2846 ubi
1684 2782 1768 2845 nihil
1785 2785 1949 2847 cernimus
1967 2784 2031 2847 nisi
2048 2782 2247 2847 horrendam
2265 2793 2393 2867 aposta-

378 2889 472 2951 posse
495 2868 721 2951 episcoporum
744 2888 814 2933 esse
836 2869 1028 2951 principem,
1051 2871 1107 2952 qui
1136 2871 1206 2952 ipse
1228 2891 1294 2934 non
1317 2869 1360 2932 sit
1413 2866 1519 2931 siam?
1563 2867 1640 2931 Erit
1661 2866 1788 2932 Christi
1810 2869 1963 2946 vicarius,
1993 2869 2048 2951 qui
2070 2867 2201 2932 furiosis
2223 2869 2393 2935 conatibus

378 2955 557 3037 episcopus.
615 2953 743 3018 Volunt
772 2955 875 3038 igitur
909 2955 1019 3019 sedem
1055 2955 1266 3037 apostolicam
1300 2954 1359 3019 ha-
1412 2952 1619 3037 evangelium
1637 2953 1861 3036 persequendo
1879 2952 2111 3018 antichristum
2134 2976 2169 3017 se
2190 2975 2262 3018 esse
2283 2954 2393 3036 palam

377 3040 455 3104 bere
476 3038 626 3104 Romae?
665 3039 757 3104 Dent
778 3039 861 3103 mihi
883 3060 998 3103 verum
1022 3052 1055 3104 11
1076 3039 1260 3123 legitimum
1283 3061 1360 3122 apo-
1411 3037 1605 3121 profitetur?
1650 3039 1727 3103 Erit
1752 3040 1846 3103 Petri
1868 3060 2049 3117 successor,
2072 3039 2127 3119 qui
2151 3037 2192 3101 ad
2215 3038 2393 3104 demolien-

377 3125 543 3190 stolatum.
607 3124 734 3189 Volunt
779 3125 899 3189 habere
943 3146 1108 3193 summum
1148 3123 1358 3208 pontificem?
1413 3124 1492 3188 dum
1512 3122 1669 3207 quidquid
1692 3124 1876 3190 aedificavit
1896 3124 2020 3189 Petrus
2041 3126 2129 3209 ferro
2152 3132 2185 3186 et
2210 3125 2280 3207 igni
2302 3145 2394 3206 gras-

377 3212 470 3274 Dent
490 3210 572 3274 mihi
595 3212 791 3293 episcopum.
837 3210 926 3291 Quid
946 3210 1078 3276 autem?
1107 3211 1163 3276 ubi
1184 3210 1287 3275 ullam
1308 3233 1359 3276 ec·
1412 3209 1524 3274 satur?
1562 3210 1639 3273 Erit
1656 3218 1755 3294 caput
1772 3212 1935 3287 ccclesiae,
1953 3211 2007 3292 qui
2032 3209 2200 3274 eeclesiam
2219 3230 2238 3272 1
2260 3208 2394 3274 Christo

379 3296 496 3360 clesiae
517 3295 633 3359 faciem
655 3297 749 3361 nobis
776 3295 970 3361 ostendent?
1016 3296 1196 3361 Nominant
1218 3296 1359 3379 quidem,
1413 3295 1482 3359 solo
1509 3316 1588 3360 vero
1614 3296 1720 3379 capite
1747 3299 1918 3363 rescissem
1941 3317 1978 3361 ac
2002 3302 2188 3360 truncatam
2211 3296 2245 3358 in
2268 3316 2303 3359 se
2324 3295 2396 3377 ipsa

379 3390 413 3446 et
435 3379 573 3445 subinde
595 3382 629 3444 in
653 3402 708 3445 ore
735 3381 866 3446 habent.
911 3381 1010 3447 Certe
1037 3383 1172 3448 ecclesia
1201 3382 1360 3447 1111111·-
1413 3381 1569 3464 discerpit
1590 3401 1628 3445 ac
1650 3381 1793 3447 lacerat‘l
1838 3383 1956 3446 Fuerit
1986 3402 2065 3446 sane
2095 3381 2172 3444 olim
2197 3380 2304 3444 Roma
2326 3402 2394 3445 om·

378 3467 422 3531 tis
450 3466 536 3531 notis
564 3467 784 3549 cognoscitur,
815 3477 848 3531 et
873 3468 1079 3551 episcopatus
1110 3489 1229 3533 nomen
1262 3468 1360 3532 officii
1412 3467 1505 3530 nium
1532 3466 1740 3532 ecelesiarum
1766 3477 1886 3533 mater:
1916 3488 2032 3533 verum
2061 3488 2103 3530 ex
2125 3466 2393 3549 quo‘antichristi
2457 3462 2463 3477 ⁸

379 3558 436 3616 est.
482 3551 547 3617 Hic
575 3572 642 3616 non
670 3551 710 3616 de
739 3554 859 3636 populo
887 3552 1016 3636 loquor,
1040 3553 1097 3619 sed
1120 3552 1161 3618 de
1182 3554 1251 3636 ipso
1273 3575 1309 3619 re
1335 3555 1360 3602 ‘-
1413 3552 1506 3617 sedes
1526 3553 1600 3617 fieri
1622 3556 1736 3636 eoepit,
1760 3553 1856 3619 desiit
1878 3575 1948 3619 1111
1969 3553 2004 3628 111
2025 3550 2112 3635 quod
2135 3561 2214 3616 erat.

378 3639 476 3714 mine,
500 3636 585 3718 quod
607 3637 716 3704 lucere
738 3640 775 3702 in
797 3639 933 3705 ecelesia
958 3646 1116 3722 perpetuo
1145 3639 1249 3704 debet
1348 3640 1360 3703 i
1499 3641 1549 3703 25.
1594 3638 1757 3705 Videmur
1783 3639 1951 3705 nonnullis
1979 3638 2079 3712 nimis
2105 3637 2256 3702 maledici
2278 3657 2315 3702 ao
2337 3657 2393 3719 pe-

378 3723 446 3788 illie
473 3724 707 3801 minlsterium,
737 3724 834 3808 quale
861 3726 998 3807 requirit
1025 3723 1151 3790 Christi
1173 3725 1358 3789 institutio?
1411 3724 1570 3803 tulantes,
1600 3746 1702 3807 quum
1729 3746 1902 3790 romanum
1922 3725 2108 3809 pontificem
2130 3743 2287 3788 vocamus
2308 3723 2392 3786 anti·

379 3808 629 3873 Meminerimus
649 3809 738 3891 qnod=
753 3811 793 3875 de
810 3810 1076 3895 presbyteromm
1099 3820 1132 3874 61
1150 3811 1291 3896 episcopi
1312 3813 1360 3876 of·
1413 3810 1582 3875 christum.
1627 3809 1694 3875 Sed
1716 3812 1773 3893 qui
1795 3812 1858 3877 hoo
1879 3812 2036 3887 sentiunt,
2058 3830 2124 3874 non
2146 3807 2394 3890 intelligentes

378 3895 452 3958 ficio
475 3902 551 3958 ante
572 3893 696 3959 dictum
727 3904 785 3961 111
830 3895 870 3960 si
897 3895 939 3960 ad
967 3895 1116 3980 regulam
1136 3897 1228 3960 illam
1250 3898 1360 3981 erige·
1411 3896 1555 3961 Paulum
1574 3896 1798 3962 immodestiae
1819 3897 2025 3973 insimulare,
2054 3905 2129 3978 post
2148 3915 2247 3977 quem
2263 3913 2324 3957 nos
2345 3891 2393 3957 lo-

378 3999 453 4043 mus
486 3980 631 4044 offieium
664 3981 896 4060 cardinalium,
925 3982 1102 4047 fatebimur
1133 3982 1218 4046 nihil
1251 3983 1361 4048 minus
1412 3982 1552 4063 quimur,
1575 3983 1640 4045 imo
1658 4003 1700 4046 ex
1717 3983 1809 4047 cuius
1826 4004 1883 4047 ore
1900 3984 1946 4047 111
1965 3982 2138 4064 loquimur.
2182 3980 2234 4044 Ao
2260 3979 2393 4060 nequis

380 4086 450 4130 esse
486 4085 585 4147 quam
620 4067 837 4151 presbyteros.
887 4067 964 4149 Ipse
994 4088 1073 4132 vero
1099 4069 1246 4150 pontifex
1281 4067 1361 4149 quid
1413 4066 1543 4131 obiiciat
1563 4088 1623 4131 nos
1644 4067 1742 4132 Pauli
1762 4068 1872 4147 verba,
1894 4088 1977 4150 quae
2005 4067 2069 4132 alio
2090 4067 2291 4149 pertineant,
2318 4085 2393 4147 per-

379 4152 513 4216 omnino
535 4150 656 4216 habeat
677 4151 867 4235 episcopale,
890 4154 975 4218 seire
993 4153 1102 4217 velim.
1146 4154 1300 4217 Primum
1325 4154 1361 4217 in
1412 4172 1525 4234 peram
1560 4161 1711 4234 torquere
1744 4154 1779 4218 in
1813 4174 1987 4218 romanum
2013 4153 2215 4235 pontificem,
2249 4150 2393 4214 breviter

377 4257 514 4301 munere
542 4237 684 4320 episcopi
711 4246 811 4320 caput
837 4247 900 4316 est,
932 4237 1061 4320 plebem
1084 4239 1150 4302 Dei
1175 4238 1275 4302 verbo
1305 4237 1361 4302 do-
1413 4237 1585 4303 ostendam
1606 4260 1672 4304 non
1690 4239 1786 4304 aliter
1807 4259 1906 4322 quam
1924 4238 1965 4302 de
1982 4245 2105 4322 papatu
2126 4256 2221 4318 posse
2242 4233 2391 4317 intelligi.
2508 4272 2515 4280 -

378 4342 466 4401 oere;
488 4322 627 4386 alterum
650 4330 685 4387 et
706 4324 895 4405 proximum
914 4323 1003 4400 huic,
1033 4333 1237 4389 sacramenta
1257 4322 1361 4388 admi·
1406 4324 1657 4412 *machaerum
1679 4326 1714 4388 in
1736 4324 1857 4408 templo
1884 4323 1949 4388 Dei
1976 4344 2143 4389 sessurum
2163 4319 2291 4385 Paulus
2312 4320 2392 4383 scri·

379 4409 521 4507 nistrare
528 4431 536 4487 ;
554 4409 698 4487 tertium,
720 4429 855 4508 monere
872 4419 906 4474 et
927 4408 1063 4508 hortari,
1077 4411 1244 4508 'corrigere
1262 4412 1361 4474 etiam
1414 4410 1463 4475 bit
1490 4409 1523 4491 (2
1543 4410 1661 4510 sibeos.
1685 4415 1721 4489 2,
1743 4411 1788 4495 4).
1826 4411 1923 4510 'Alibi
1954 4429 2082 4508 quoque
2104 4407 2247 4489 spiritus,
2271 4403 2393 4504 descri-

380 4494 1362 4660 ““1111”111’111“1111111111111
1414 4489 2393 4665 111111111111111111

380 4598 556 4727 1111111111·
585 4665 709 4731 Dicant
739 4666 857 4749 igitur,
881 4602 1227 4750 qua-rationeqvelint
1248 4667 1362 4732 haberi
1415 4602 1515 4731 sigium
1536 4667 1605 4730 fore
1626 4666 1728 4751 (Dan.
1760 4673 1789 4745 7,
1816 4603 2015 4750 25)(1ΊΗ111
2037 4662 2220 4759 colligimus
2241 4660 2392 4744 tyranni·

381 4748 576 4830 episcopum,
599 4751 655 4832 qui
672 4752 799 4817 nullam
822 4753 920 4818 officii
939 4760 1067 4834 partem
1090 4753 1226 4816 minimo
1249 4752 1360 4836 digito,
1415 4750 1488 4815 dom
1517 4773 1587 4817 1111
1614 4754 1649 4816 iu
1677 4754 1805 4818 animas
1827 4752 1932 4834 magis
1953 4768 2052 4831 quam
2073 4766 2279 4828 incorpora,
2308 4766 2391 4827 quas
2517 4789 2522 4798 ·

381 4833 434 4897 vel
455 4834 653 4915 inspeciem
675 4838 800 4915 saltem,
822 4839 964 4922 attingit
1414 4837 1572 4902 advorsus
1590 4839 1758 4920 spirituale
1774 4837 1899 4903 Christi
1916 4853 2056 4918 regnum
2073 4833 2227 4915 erigatur.
2262 4830 2392 4897 Deinde

469 4922 519 4982 24.
564 4918 640 4983 Non
665 4923 714 4986 ita
737 4922 777 4988 de
799 4926 949 5007 episcopo
971 4931 1021 4990 est
1042 4930 1079 4988 ut
1101 4923 1141 4987 de
1163 4944 1250 5007 rege.
1294 4923 1360 4990 Hie
1414 4923 1515 4987 talem
1548 4945 1619 4989 csso
1651 4946 1734 5007 quae
1767 4943 1828 4987 neo
1854 4921 1978 4987 Christi
2006 4939 2066 4982 nec
2089 4918 2243 4983 ecclesiae
2271 4938 2392 4982 nomen

384 5005 481 5081 essim,
511 5003 574 5067 etsi
602 5027 667 5069 non
697 5019 894 5090 exsequatur
920 5010 1007 5092 quod
1034 5009 1202 5093 proprium
1231 5017 1281 5075 est
1308 5031 1360 5074 re-
1414 5008 1558 5088 aboleat,
1591 5009 1648 5075 sed
1679 5011 1788 5093 potius
1816 5006 1942 5072 Christi
1970 5012 2144 5086 praetextu
2159 5004 2329 5067 'abutatur
2357 5011 2391 5068 et

384 5092 444 5173 gis,
475 5090 633 5154 honorem
661 5090 874 5158 nihilominus
903 5116 940 5160 ac
967 5095 1100 5160 titulum
1133 5091 1261 5161 retinet
1313 5097 1362 5160 At
1413 5094 1474 5160 sub
1494 5095 1647 5162 ecelesiae
1673 5095 1768 5159 titulo
1795 5092 1886 5157 velut
1910 5091 2003 5155 larva
2025 5089 2201 5154 delitescat.
2246 5089 2391 5154 nemesi

383 5176 417 5240 in
436 5177 587 5259 episeopo
605 5174 814 5241 diiudicando
829 5179 1002 5259 respicitur
1012 5179 1138 5244 Christi
1156 5183 1360 5260 mandatum,
1413 5191 1523 5245 autem
1546 5199 1659 5244 omnes
1680 5200 1763 5262 quae
1784 5180 1825 5243 ab
1837 5177 1941 5242 initio
1960 5175 2158 5241 exstiterunt
2178 5174 2331 5239 haereses
2352 5195 2390 5239 ac

383 5262 470 5344 quod
495 5281 625 5342 semper
651 5261 689 5324 in
716 5261 854 5326 ecclesia
881 5262 991 5327 valere
1014 5263 1118 5328 debet.
1162 5267 1262 5333 Hune
1283 5289 1361 5351 ergo
1413 5274 1520 5331 sectae
1548 5265 1589 5329 ad
1615 5285 1753 5348 regnum
1781 5263 1967 5329 antichristi
1993 5263 2188 5344 pertineant,
2216 5280 2319 5340 quum
2339 5265 2390 5322 ta·

383 5348 508 5413 nodum
534 5346 617 5410 mihi
647 5347 780 5412 solvant
805 5346 1040 5411 Romanenses.
1092 5349 1186 5432 Nego
1214 5353 1361 5433 ipsorum
1412 5372 1490 5415 man
1523 5348 1682 5431 praedicit
1708 5350 1834 5416 Paulus
1861 5356 2037 5414 venturam
2064 5346 2292 5421 defectionem,
2328 5343 2390 5409 hac

383 5434 572 5517 pontificem
603 5454 675 5499 6111
696 5433 923 5518 episcoporum
949 5432 1144 5515 principem,
1172 5455 1274 5515 quum
1294 5458 1363 5500 non
1414 5435 1630 5518 descriptione
1663 5436 1845 5520 signifieat,
1873 5433 1983 5499 sedern
2015 5433 2107 5498 illam
2141 5428 2390 5495 abominationis

383 5521 427 5584 sit
447 5519 625 5603 episcopus.
669 5517 764 5585 Istud
785 5518 973 5601 proximum
994 5536 1126 5583 necesse
1154 5524 1205 5582 est
1224 5521 1363 5601 probent
1413 5530 1492 5589 tune
1503 5521 1701 5603 erigendam,
1720 5522 1776 5588 ubi
1792 5519 1988 5586 universalis
2005 5516 2165 5602 quaedam
2182 5513 2320 5579 desectio
2337 5531 2390 5578 eo·

382 5605 502 5670 falsum
522 5625 604 5685 esse,
632 5606 661 5670 si
685 5606 818 5671 vincere
844 5605 880 5669 in
901 5604 959 5669 illo
979 5603 1087 5686 priore
1107 5602 1227 5670 volent.
1273 5603 1362 5685 Quid
1414 5606 1546 5671 alesiam
1570 5609 1743 5690 occuparit,
1764 5614 1930 5689 utcunque
1947 5605 2052 5669 multa
2069 5601 2223 5668 ecclesiae
2240 5597 2391 5665 membra

382 5689 470 5771 quod
489 5711 555 5756 non
584 5690 682 5756 modo
707 5690 791 5756 nihil
814 5691 914 5757 habet
935 5690 1077 5775 episcopi
1097 5688 1283 5772 proprium,
1305 5690 1362 5755 sed
1413 5692 1448 5754 in
1480 5709 1559 5754 vcra
1585 5692 1662 5759 fidei
1688 5695 1814 5760 unitate
1841 5691 1981 5776 sparsim
2007 5693 2225 5772 perseverent
2276 5682 2390 5765 Quum
