<?xml version="1.0" encoding="UTF-8"?>
<!DOCTYPE html PUBLIC "-//W3C//DTD XHTML 1.0 Transitional//EN"
    "http://www.w3.org/TR/xhtml1/DTD/xhtml1-transitional.dtd">
<html xmlns="http://www.w3.org/1999/xhtml" xml:lang="en" lang="en">
 <head>
  <title>
</title>
<meta http-equiv="Content-Type" content="text/html;charset=utf-8" />
  <meta name='ocr-system' content='tesseract 3.04.00' />
  <meta name='ocr-capabilities' content='ocr_page ocr_carea ocr_par ocr_line ocrx_word'/>
</head>
<body>
  <div class='ocr_page' id='page_1' title='image "./ioanniscalvinio10calvgoog/ioanniscalvinio10calvgoog_0128.png"; bbox 0 0 5600 6809; ppageno 0'>
   <div class='ocr_carea' id='block_1_1' title="bbox 391 755 2523 858">
    <p class='ocr_par' dir='ltr' id='par_1_1' title="bbox 391 755 2523 858">
     <span class='ocr_line' id='line_1_1' title="bbox 391 755 2523 858; baseline -0.001 -29"><span class='ocrx_word' id='word_1_1' title='bbox 391 767 456 829; x_wconf 80' lang='lat' dir='ltr'><strong>ass</strong></span> <span class='ocrx_word' id='word_1_2' title='bbox 1005 755 1303 828; x_wconf 71' lang='lat' dir='ltr'><strong>‘Iusmuuulo</strong></span> <span class='ocrx_word' id='word_1_3' title='bbox 1325 759 1431 827; x_wconf 72' lang='lat' dir='ltr'><strong>laun.</strong></span> <span class='ocrx_word' id='word_1_4' title='bbox 1454 759 1635 827; x_wconf 75' lang='lat' dir='ltr'><strong>auulsa.</strong></span> <span class='ocrx_word' id='word_1_5' title='bbox 1662 765 1753 827; x_wconf 83' lang='lat'><strong>1559.</strong></span> <span class='ocrx_word' id='word_1_6' title='bbox 2344 763 2410 826; x_wconf 81' lang='lat'><strong>264</strong></span> <span class='ocrx_word' id='word_1_7' title='bbox 2522 852 2523 858; x_wconf 43' lang='lat'><strong>.</strong></span> 
     </span>
    </p>
   </div>
   <div class='ocr_carea' id='block_1_2' title="bbox 391 947 2449 3177">
    <p class='ocr_par' dir='ltr' id='par_1_2' title="bbox 391 947 2449 3177">
     <span class='ocr_line' id='line_1_2' title="bbox 391 947 2411 1034; baseline -0.002 -15"><span class='ocrx_word' id='word_1_8' title='bbox 391 961 448 1019; x_wconf 86' lang='lat' dir='ltr'><strong>est</strong></span> <span class='ocrx_word' id='word_1_9' title='bbox 467 951 641 1018; x_wconf 77' lang='lat' dir='ltr'><strong>discedere.</strong></span> <span class='ocrx_word' id='word_1_10' title='bbox 695 949 868 1034; x_wconf 80' lang='lat' dir='ltr'>Siquidem</span> <span class='ocrx_word' id='word_1_11' title='bbox 901 972 969 1015; x_wconf 92' lang='lat' dir='ltr'><strong>non</strong></span> <span class='ocrx_word' id='word_1_12' title='bbox 995 950 1121 1033; x_wconf 88' lang='lat' dir='ltr'><strong>plures,</strong></span> <span class='ocrx_word' id='word_1_13' title='bbox 1151 950 1208 1014; x_wconf 90' lang='lat' dir='ltr'><strong>sed</strong></span> <span class='ocrx_word' id='word_1_14' title='bbox 1235 971 1302 1014; x_wconf 91' lang='lat' dir='ltr'><strong>una</strong></span> <span class='ocrx_word' id='word_1_15' title='bbox 1329 958 1379 1015; x_wconf 90' lang='lat' dir='ltr'><strong>est</strong></span> <span class='ocrx_word' id='word_1_16' title='bbox 1431 972 1544 1015; x_wconf 91' lang='lat' dir='ltr'><strong>omnes</strong></span> <span class='ocrx_word' id='word_1_17' title='bbox 1572 950 1629 1033; x_wconf 92' lang='lat' dir='ltr'><strong>qui</strong></span> <span class='ocrx_word' id='word_1_18' title='bbox 1657 957 1735 1014; x_wconf 91' lang='lat' dir='ltr'><strong>sunt</strong></span> <span class='ocrx_word' id='word_1_19' title='bbox 1759 970 1801 1014; x_wconf 83' lang='lat' dir='ltr'><strong>ex</strong></span> <span class='ocrx_word' id='word_1_20' title='bbox 1822 949 1974 1032; x_wconf 83' lang='lat' dir='ltr'>operibus</span> <span class='ocrx_word' id='word_1_21' title='bbox 1995 949 2078 1033; x_wconf 82' lang='lat' dir='ltr'><strong>legis</strong></span> <span class='ocrx_word' id='word_1_22' title='bbox 2100 970 2171 1014; x_wconf 88' lang='lat' dir='ltr'><strong>esse</strong></span> <span class='ocrx_word' id='word_1_23' title='bbox 2193 947 2411 1015; x_wconf 74' lang='lat' dir='ltr'><strong>exsecrationi</strong></span> 
     </span>
     <span class='ocr_line' id='line_1_3' title="bbox 396 1033 2449 1123; baseline -0.001 -19"><span class='ocrx_word' id='word_1_24' title='bbox 396 1046 555 1123; x_wconf 88' lang='lat' dir='ltr'><strong>perpetua</strong></span> <span class='ocrx_word' id='word_1_25' title='bbox 577 1048 610 1102; x_wconf 91' lang='lat' dir='ltr'><strong>et</strong></span> <span class='ocrx_word' id='word_1_26' title='bbox 630 1037 820 1103; x_wconf 86' lang='lat' dir='ltr'><strong>inflexibilis</strong></span> <span class='ocrx_word' id='word_1_27' title='bbox 842 1036 976 1104; x_wconf 77' lang='lat' dir='ltr'><strong>vivendi</strong></span> <span class='ocrx_word' id='word_1_28' title='bbox 997 1036 1121 1120; x_wconf 87' lang='lat' dir='ltr'><strong>regula.</strong></span> <span class='ocrx_word' id='word_1_29' title='bbox 1142 1033 1377 1116; x_wconf 78' lang='lat' dir='ltr'><strong>Quamobrem,</strong></span> <span class='ocrx_word' id='word_1_30' title='bbox 1431 1036 1603 1113; x_wconf 80' lang='lat' dir='ltr'><strong>obnoxios,</strong></span> <span class='ocrx_word' id='word_1_31' title='bbox 1629 1036 1706 1118; x_wconf 87' lang='lat' dir='ltr'><strong>qnia</strong></span> <span class='ocrx_word' id='word_1_32' title='bbox 1728 1036 1888 1119; x_wconf 88' lang='lat' dir='ltr'><strong>scriptum</strong></span> <span class='ocrx_word' id='word_1_33' title='bbox 1910 1037 1968 1101; x_wconf 91' lang='lat' dir='ltr'><strong>sit:</strong></span> <span class='ocrx_word' id='word_1_34' title='bbox 1995 1035 2204 1100; x_wconf 86' lang='lat' dir='ltr'><strong>exsecrabilis</strong></span> <span class='ocrx_word' id='word_1_35' title='bbox 2225 1036 2331 1101; x_wconf 89' lang='lat' dir='ltr'><strong>omnis</strong></span> <span class='ocrx_word' id='word_1_36' title='bbox 2353 1034 2412 1119; x_wconf 90' lang='lat' dir='ltr'><strong>qui</strong></span> <span class='ocrx_word' id='word_1_37' title='bbox 2447 1065 2449 1069; x_wconf 59' lang='grc'>’</span> 
     </span>
     <span class='ocr_line' id='line_1_4' title="bbox 396 1121 2412 1209; baseline -0.001 -20"><span class='ocrx_word' id='word_1_38' title='bbox 396 1126 483 1209; x_wconf 87' lang='lat' dir='ltr'><strong>quod</strong></span> <span class='ocrx_word' id='word_1_39' title='bbox 505 1125 584 1189; x_wconf 87' lang='lat' dir='ltr'><strong>iusti</strong></span> <span class='ocrx_word' id='word_1_40' title='bbox 606 1125 749 1189; x_wconf 92' lang='lat' dir='ltr'><strong>hominis</strong></span> <span class='ocrx_word' id='word_1_41' title='bbox 777 1125 879 1188; x_wconf 83' lang='lat' dir='ltr'><strong>vitam</strong></span> <span class='ocrx_word' id='word_1_42' title='bbox 909 1124 943 1186; x_wconf 94' lang='lat' dir='ltr'><strong>in</strong></span> <span class='ocrx_word' id='word_1_43' title='bbox 964 1122 1047 1207; x_wconf 88' lang='lat' dir='ltr'><strong>legis</strong></span> <span class='ocrx_word' id='word_1_44' title='bbox 1068 1121 1279 1186; x_wconf 82' lang='lat' dir='ltr'><strong>meditatione</strong></span> <span class='ocrx_word' id='word_1_45' title='bbox 1302 1143 1378 1188; x_wconf 91' lang='lat' dir='ltr'><strong>eon·</strong></span> <span class='ocrx_word' id='word_1_46' title='bbox 1430 1144 1497 1187; x_wconf 92' lang='lat' dir='ltr'><strong>non</strong></span> <span class='ocrx_word' id='word_1_47' title='bbox 1519 1122 1660 1204; x_wconf 83' lang='lat' dir='ltr'><strong>complet</strong></span> <span class='ocrx_word' id='word_1_48' title='bbox 1681 1121 1800 1185; x_wconf 89' lang='lat' dir='ltr'><strong>omnia.</strong></span> <span class='ocrx_word' id='word_1_49' title='bbox 1845 1123 1912 1186; x_wconf 85' lang='lat' dir='ltr'><strong>Eos</strong></span> <span class='ocrx_word' id='word_1_50' title='bbox 1938 1128 2048 1186; x_wconf 89' lang='lat' dir='ltr'><strong>autem</strong></span> <span class='ocrx_word' id='word_1_51' title='bbox 2070 1122 2130 1187; x_wconf 96' lang='lat' dir='ltr'><strong>sub</strong></span> <span class='ocrx_word' id='word_1_52' title='bbox 2153 1122 2304 1204; x_wconf 89' lang='lat' dir='ltr'><strong>operibus</strong></span> <span class='ocrx_word' id='word_1_53' title='bbox 2326 1121 2412 1205; x_wconf 84' lang='lat' dir='ltr'><strong>legis</strong></span> 
     </span>
     <span class='ocr_line' id='line_1_5' title="bbox 396 1206 2412 1294; baseline -0.002 -19"><span class='ocrx_word' id='word_1_54' title='bbox 396 1213 524 1276; x_wconf 89' lang='lat' dir='ltr'><strong>tinuam</strong></span> <span class='ocrx_word' id='word_1_55' title='bbox 544 1212 623 1275; x_wconf 91' lang='lat' dir='ltr'><strong>facit</strong></span> <span class='ocrx_word' id='word_1_56' title='bbox 644 1209 755 1275; x_wconf 82' lang='lat' dir='ltr'><strong>David</strong></span> <span class='ocrx_word' id='word_1_57' title='bbox 778 1209 879 1294; x_wconf 86' lang='lat' dir='ltr'><strong>(Psal.</strong></span> <span class='ocrx_word' id='word_1_58' title='bbox 903 1213 934 1286; x_wconf 92' lang='lat' dir='ltr'><strong>l,</strong></span> <span class='ocrx_word' id='word_1_59' title='bbox 955 1207 1005 1289; x_wconf 84' lang='grc'><strong>2),</strong></span> <span class='ocrx_word' id='word_1_60' title='bbox 1028 1206 1063 1271; x_wconf 93' lang='lat' dir='ltr'><strong>id</strong></span> <span class='ocrx_word' id='word_1_61' title='bbox 1084 1229 1126 1273; x_wconf 92' lang='lat' dir='ltr'><strong>ne</strong></span> <span class='ocrx_word' id='word_1_62' title='bbox 1148 1208 1189 1287; x_wconf 80' lang='lat' dir='ltr'><strong>ad</strong></span> <span class='ocrx_word' id='word_1_63' title='bbox 1212 1208 1378 1273; x_wconf 88' lang='lat' dir='ltr'><strong>saeculum</strong></span> <span class='ocrx_word' id='word_1_64' title='bbox 1431 1209 1517 1288; x_wconf 90' lang='lat' dir='ltr'><strong>dicit,</strong></span> <span class='ocrx_word' id='word_1_65' title='bbox 1550 1209 1607 1290; x_wconf 90' lang='lat' dir='ltr'><strong>qui</strong></span> <span class='ocrx_word' id='word_1_66' title='bbox 1640 1208 1676 1272; x_wconf 93' lang='lat' dir='ltr'><strong>in</strong></span> <span class='ocrx_word' id='word_1_67' title='bbox 1697 1208 1889 1272; x_wconf 84' lang='lat' dir='ltr'><strong>remissione</strong></span> <span class='ocrx_word' id='word_1_68' title='bbox 1917 1214 2126 1290; x_wconf 89' lang='lat' dir='ltr'><strong>peecatorum</strong></span> <span class='ocrx_word' id='word_1_69' title='bbox 2152 1208 2315 1271; x_wconf 90' lang='lat' dir='ltr'><strong>iustitiam</strong></span> <span class='ocrx_word' id='word_1_70' title='bbox 2341 1229 2412 1272; x_wconf 91' lang='lat' dir='ltr'><strong>non</strong></span> 
     </span>
     <span class='ocr_line' id='line_1_6' title="bbox 394 1292 2414 1377; baseline -0.001 -15"><span class='ocrx_word' id='word_1_71' title='bbox 394 1319 501 1362; x_wconf 91' lang='lat' dir='ltr'><strong>uuum</strong></span> <span class='ocrx_word' id='word_1_72' title='bbox 535 1296 730 1373; x_wconf 81' lang='lat' dir='ltr'><strong>referamne,</strong></span> <span class='ocrx_word' id='word_1_73' title='bbox 769 1296 846 1377; x_wconf 90' lang='lat' dir='ltr'><strong>quia</strong></span> <span class='ocrx_word' id='word_1_74' title='bbox 885 1294 1022 1376; x_wconf 84' lang='lat' dir='ltr'><strong>singulis</strong></span> <span class='ocrx_word' id='word_1_75' title='bbox 1056 1293 1097 1358; x_wconf 90' lang='lat' dir='ltr'><strong>ad</strong></span> <span class='ocrx_word' id='word_1_76' title='bbox 1129 1295 1230 1358; x_wconf 92' lang='lat' dir='ltr'><strong>finem</strong></span> <span class='ocrx_word' id='word_1_77' title='bbox 1262 1293 1379 1357; x_wconf 91' lang='lat' dir='ltr'><strong>mundi</strong></span> <span class='ocrx_word' id='word_1_78' title='bbox 1431 1301 1595 1373; x_wconf 88' lang='lat' dir='ltr'><strong>statuunt,</strong></span> <span class='ocrx_word' id='word_1_79' title='bbox 1625 1314 1684 1376; x_wconf 90' lang='lat' dir='ltr'><strong>per</strong></span> <span class='ocrx_word' id='word_1_80' title='bbox 1707 1313 1807 1375; x_wconf 91' lang='lat' dir='ltr'><strong>quam</strong></span> <span class='ocrx_word' id='word_1_81' title='bbox 1829 1293 1952 1376; x_wconf 83' lang='lat' dir='ltr'><strong>elegis</strong></span> <span class='ocrx_word' id='word_1_82' title='bbox 1975 1294 2082 1375; x_wconf 86' lang='lat' dir='ltr'><strong>rigore</strong></span> <span class='ocrx_word' id='word_1_83' title='bbox 2104 1292 2271 1357; x_wconf 84' lang='lat' dir='ltr'><strong>solvimur.</strong></span> <span class='ocrx_word' id='word_1_84' title='bbox 2316 1292 2414 1359; x_wconf 81' lang='lat' dir='ltr'><strong>Solvi</strong></span> 
     </span>
     <span class='ocr_line' id='line_1_7' title="bbox 396 1377 2413 1463; baseline -0.001 -16"><span class='ocrx_word' id='word_1_85' title='bbox 396 1382 557 1448; x_wconf 89' lang='lat' dir='ltr'><strong>aetatibus</strong></span> <span class='ocrx_word' id='word_1_86' title='bbox 585 1381 932 1447; x_wconf 86' lang='lat' dir='ltr'><strong>convenientissimum</strong></span> <span class='ocrx_word' id='word_1_87' title='bbox 954 1387 1017 1458; x_wconf 89' lang='lat' dir='ltr'><strong>est;</strong></span> <span class='ocrx_word' id='word_1_88' title='bbox 1046 1400 1106 1443; x_wconf 91' lang='lat' dir='ltr'><strong>nec</strong></span> <span class='ocrx_word' id='word_1_89' title='bbox 1134 1380 1378 1443; x_wconf 88' lang='lat' dir='ltr'><strong>absterreamur</strong></span> <span class='ocrx_word' id='word_1_90' title='bbox 1432 1401 1592 1463; x_wconf 83' lang='lat' dir='ltr'><strong>argones</strong></span> <span class='ocrx_word' id='word_1_91' title='bbox 1614 1400 1635 1442; x_wconf 92' lang='lat' dir='ltr'><strong>a</strong></span> <span class='ocrx_word' id='word_1_92' title='bbox 1653 1378 1735 1462; x_wconf 85' lang='lat' dir='ltr'><strong>legis</strong></span> <span class='ocrx_word' id='word_1_93' title='bbox 1757 1379 1897 1445; x_wconf 81' lang='lat' dir='ltr'><strong>vinculis</strong></span> <span class='ocrx_word' id='word_1_94' title='bbox 1918 1388 2068 1462; x_wconf 88' lang='lat' dir='ltr'><strong>oportere</strong></span> <span class='ocrx_word' id='word_1_95' title='bbox 2090 1377 2198 1457; x_wconf 90' lang='lat' dir='ltr'><strong>docet,</strong></span> <span class='ocrx_word' id='word_1_96' title='bbox 2228 1379 2293 1444; x_wconf 92' lang='lat' dir='ltr'><strong>nisi</strong></span> <span class='ocrx_word' id='word_1_97' title='bbox 2317 1378 2413 1445; x_wconf 87' lang='lat' dir='ltr'><strong>volu·</strong></span> 
     </span>
     <span class='ocr_line' id='line_1_8' title="bbox 394 1462 2412 1550; baseline -0.002 -17"><span class='ocrx_word' id='word_1_98' title='bbox 394 1469 483 1547; x_wconf 92' lang='lat' dir='ltr'><strong>ideo,</strong></span> <span class='ocrx_word' id='word_1_99' title='bbox 524 1475 581 1533; x_wconf 87' lang='lat' dir='ltr'><strong>aut</strong></span> <span class='ocrx_word' id='word_1_100' title='bbox 614 1469 813 1550; x_wconf 79' lang='lat' dir='ltr'><strong>refugiamus</strong></span> <span class='ocrx_word' id='word_1_101' title='bbox 847 1464 888 1528; x_wconf 92' lang='lat' dir='ltr'><strong>ab</strong></span> <span class='ocrx_word' id='word_1_102' title='bbox 927 1466 996 1529; x_wconf 89' lang='lat' dir='ltr'><strong>eius</strong></span> <span class='ocrx_word' id='word_1_103' title='bbox 1030 1466 1250 1544; x_wconf 88' lang='lat' dir='ltr'><strong>institutione,</strong></span> <span class='ocrx_word' id='word_1_104' title='bbox 1290 1464 1378 1547; x_wconf 88' lang='lat' dir='ltr'><strong>quod</strong></span> <span class='ocrx_word' id='word_1_105' title='bbox 1431 1486 1507 1530; x_wconf 92' lang='lat' dir='ltr'><strong>mus</strong></span> <span class='ocrx_word' id='word_1_106' title='bbox 1535 1464 1595 1530; x_wconf 92' lang='lat' dir='ltr'><strong>sub</strong></span> <span class='ocrx_word' id='word_1_107' title='bbox 1622 1465 1688 1529; x_wconf 92' lang='lat' dir='ltr'><strong>illis</strong></span> <span class='ocrx_word' id='word_1_108' title='bbox 1712 1466 1834 1528; x_wconf 80' lang='lat' dir='ltr'><strong>&#39;misere</strong></span> <span class='ocrx_word' id='word_1_109' title='bbox 1854 1466 1971 1548; x_wconf 90' lang='lat' dir='ltr'><strong>perire.</strong></span> <span class='ocrx_word' id='word_1_110' title='bbox 2017 1462 2085 1529; x_wconf 78' lang='lat' dir='ltr'><strong>Sed</strong></span> <span class='ocrx_word' id='word_1_111' title='bbox 2111 1463 2227 1547; x_wconf 90' lang='lat' dir='ltr'><strong>quibus</strong></span> <span class='ocrx_word' id='word_1_112' title='bbox 2246 1463 2412 1531; x_wconf 79' lang='lat' dir='ltr'><strong>vinculis?</strong></span> 
     </span>
     <span class='ocr_line' id='line_1_9' title="bbox 400 1551 2415 1634; baseline -0.001 -15"><span class='ocrx_word' id='word_1_113' title='bbox 400 1555 598 1619; x_wconf 81' lang='lat' dir='ltr'><strong>exactiorem</strong></span> <span class='ocrx_word' id='word_1_114' title='bbox 615 1553 720 1618; x_wconf 91' lang='lat' dir='ltr'><strong>multo</strong></span> <span class='ocrx_word' id='word_1_115' title='bbox 738 1552 946 1617; x_wconf 87' lang='lat' dir='ltr'><strong>sanctitatem</strong></span> <span class='ocrx_word' id='word_1_116' title='bbox 956 1551 1158 1633; x_wconf 88' lang='lat' dir='ltr'><strong>praescribat</strong></span> <span class='ocrx_word' id='word_1_117' title='bbox 1175 1572 1272 1634; x_wconf 89' lang='lat' dir='ltr'><strong>quarn</strong></span> <span class='ocrx_word' id='word_1_118' title='bbox 1283 1572 1378 1634; x_wconf 88' lang='lat' dir='ltr'><strong>prae·</strong></span> <span class='ocrx_word' id='word_1_119' title='bbox 1430 1551 1521 1615; x_wconf 90' lang='lat' dir='ltr'><strong>illius</strong></span> <span class='ocrx_word' id='word_1_120' title='bbox 1538 1559 1689 1616; x_wconf 85' lang='lat' dir='ltr'><strong>austerae</strong></span> <span class='ocrx_word' id='word_1_121' title='bbox 1711 1557 1744 1615; x_wconf 92' lang='lat' dir='ltr'><strong>et</strong></span> <span class='ocrx_word' id='word_1_122' title='bbox 1764 1551 1901 1615; x_wconf 89' lang='lat' dir='ltr'><strong>infestae</strong></span> <span class='ocrx_word' id='word_1_123' title='bbox 1923 1551 2102 1616; x_wconf 83' lang='lat' dir='ltr'><strong>exactionis</strong></span> <span class='ocrx_word' id='word_1_124' title='bbox 2123 1570 2206 1632; x_wconf 86' lang='lat' dir='ltr'><strong>quae</strong></span> <span class='ocrx_word' id='word_1_125' title='bbox 2223 1573 2265 1615; x_wconf 83' lang='lat' dir='ltr'><strong>ex</strong></span> <span class='ocrx_word' id='word_1_126' title='bbox 2283 1572 2415 1617; x_wconf 90' lang='lat' dir='ltr'><strong>summo</strong></span> 
     </span>
     <span class='ocr_line' id='line_1_10' title="bbox 398 1636 2415 1720; baseline -0.001 -15"><span class='ocrx_word' id='word_1_127' title='bbox 398 1640 518 1705; x_wconf 87' lang='lat' dir='ltr'><strong>staturi</strong></span> <span class='ocrx_word' id='word_1_128' title='bbox 540 1661 668 1716; x_wconf 91' lang='lat' dir='ltr'><strong>sumus,</strong></span> <span class='ocrx_word' id='word_1_129' title='bbox 694 1637 772 1701; x_wconf 91' lang='lat' dir='ltr'><strong>dum</strong></span> <span class='ocrx_word' id='word_1_130' title='bbox 793 1637 1060 1702; x_wconf 84' lang='lat' dir='ltr'><strong>circumferemus</strong></span> <span class='ocrx_word' id='word_1_131' title='bbox 1080 1658 1242 1702; x_wconf 86' lang='lat' dir='ltr'><strong>carcerem</strong></span> <span class='ocrx_word' id='word_1_132' title='bbox 1265 1658 1377 1719; x_wconf 90' lang='lat' dir='ltr'><strong>corpo·</strong></span> <span class='ocrx_word' id='word_1_133' title='bbox 1431 1639 1503 1701; x_wconf 87' lang='lat' dir='ltr'><strong>iure</strong></span> <span class='ocrx_word' id='word_1_134' title='bbox 1524 1637 1607 1701; x_wconf 90' lang='lat' dir='ltr'><strong>nihil</strong></span> <span class='ocrx_word' id='word_1_135' title='bbox 1629 1636 1783 1714; x_wconf 85' lang='lat' dir='ltr'><strong>remittit,</strong></span> <span class='ocrx_word' id='word_1_136' title='bbox 1811 1657 1873 1700; x_wconf 91' lang='lat' dir='ltr'><strong>nec</strong></span> <span class='ocrx_word' id='word_1_137' title='bbox 1901 1637 2195 1720; x_wconf 80' lang='lat' dir='ltr'><strong>transgressionem</strong></span> <span class='ocrx_word' id='word_1_138' title='bbox 2221 1636 2325 1702; x_wconf 87' lang='lat' dir='ltr'><strong>ullam</strong></span> <span class='ocrx_word' id='word_1_139' title='bbox 2349 1637 2415 1702; x_wconf 92' lang='lat' dir='ltr'><strong>im·</strong></span> 
     </span>
     <span class='ocr_line' id='line_1_11' title="bbox 397 1720 2418 1808; baseline -0.001 -17"><span class='ocrx_word' id='word_1_140' title='bbox 397 1728 443 1791; x_wconf 87' lang='lat' dir='ltr'><strong>ris</strong></span> <span class='ocrx_word' id='word_1_141' title='bbox 476 1726 587 1790; x_wconf 89' lang='lat' dir='ltr'><strong>nostri.</strong></span> <span class='ocrx_word' id='word_1_142' title='bbox 631 1724 707 1787; x_wconf 92' lang='lat' dir='ltr'><strong>Non</strong></span> <span class='ocrx_word' id='word_1_143' title='bbox 741 1722 831 1786; x_wconf 93' lang='lat' dir='ltr'><strong>enim</strong></span> <span class='ocrx_word' id='word_1_144' title='bbox 863 1723 930 1786; x_wconf 92' lang='lat' dir='ltr'><strong>iam</strong></span> <span class='ocrx_word' id='word_1_145' title='bbox 957 1722 1055 1806; x_wconf 80' lang='lat' dir='ltr'><strong>rigidi</strong></span> <span class='ocrx_word' id='word_1_146' title='bbox 1084 1724 1245 1788; x_wconf 86' lang='lat' dir='ltr'><strong>exactoris</strong></span> <span class='ocrx_word' id='word_1_147' title='bbox 1271 1723 1378 1788; x_wconf 86' lang='lat' dir='ltr'><strong>vicem</strong></span> <span class='ocrx_word' id='word_1_148' title='bbox 1431 1723 1582 1806; x_wconf 86' lang='lat' dir='ltr'><strong>punitam</strong></span> <span class='ocrx_word' id='word_1_149' title='bbox 1610 1723 1697 1786; x_wconf 88' lang='lat' dir='ltr'><strong>sinit.</strong></span> <span class='ocrx_word' id='word_1_150' title='bbox 1741 1722 1794 1786; x_wconf 87' lang='lat' dir='ltr'><strong>Ab</strong></span> <span class='ocrx_word' id='word_1_151' title='bbox 1822 1722 1899 1801; x_wconf 89' lang='lat' dir='ltr'><strong>hac,</strong></span> <span class='ocrx_word' id='word_1_152' title='bbox 1932 1723 2082 1804; x_wconf 91' lang='lat' dir='ltr'><strong>inquam,</strong></span> <span class='ocrx_word' id='word_1_153' title='bbox 2113 1720 2342 1808; x_wconf 85' lang='lat' dir='ltr'><strong>maledictione</strong></span> <span class='ocrx_word' id='word_1_154' title='bbox 2375 1730 2418 1788; x_wconf 90' lang='lat' dir='ltr'><strong>ut</strong></span> 
     </span>
     <span class='ocr_line' id='line_1_12' title="bbox 397 1802 2416 1894; baseline -0 -19"><span class='ocrx_word' id='word_1_155' title='bbox 397 1832 476 1894; x_wconf 88' lang='lat' dir='ltr'><strong>erga</strong></span> <span class='ocrx_word' id='word_1_156' title='bbox 498 1832 557 1875; x_wconf 90' lang='lat' dir='ltr'><strong>nos</strong></span> <span class='ocrx_word' id='word_1_157' title='bbox 578 1810 736 1893; x_wconf 84' lang='lat' dir='ltr'><strong>fungitur,</strong></span> <span class='ocrx_word' id='word_1_158' title='bbox 761 1808 814 1873; x_wconf 91' lang='lat' dir='ltr'><strong>cui</strong></span> <span class='ocrx_word' id='word_1_159' title='bbox 836 1829 903 1871; x_wconf 93' lang='lat' dir='ltr'><strong>uon</strong></span> <span class='ocrx_word' id='word_1_160' title='bbox 926 1809 1064 1873; x_wconf 90' lang='lat' dir='ltr'><strong>satisfiat</strong></span> <span class='ocrx_word' id='word_1_161' title='bbox 1077 1802 1150 1873; x_wconf 76' lang='lat' dir='ltr'><strong>&#39;nisi</strong></span> <span class='ocrx_word' id='word_1_162' title='bbox 1171 1809 1277 1873; x_wconf 90' lang='lat' dir='ltr'><strong>soluto</strong></span> <span class='ocrx_word' id='word_1_163' title='bbox 1299 1830 1378 1891; x_wconf 91' lang='lat' dir='ltr'><strong>pen·</strong></span> <span class='ocrx_word' id='word_1_164' title='bbox 1433 1830 1493 1874; x_wconf 88' lang='lat' dir='ltr'><strong>nos</strong></span> <span class='ocrx_word' id='word_1_165' title='bbox 1516 1808 1692 1872; x_wconf 89' lang='lat' dir='ltr'><strong>redimeret</strong></span> <span class='ocrx_word' id='word_1_166' title='bbox 1712 1806 1876 1886; x_wconf 88' lang='lat' dir='ltr'><strong>Christus,</strong></span> <span class='ocrx_word' id='word_1_167' title='bbox 1906 1808 2012 1873; x_wconf 88' lang='lat' dir='ltr'><strong>factus</strong></span> <span class='ocrx_word' id='word_1_168' title='bbox 2040 1815 2090 1872; x_wconf 91' lang='lat' dir='ltr'><strong>est</strong></span> <span class='ocrx_word' id='word_1_169' title='bbox 2111 1828 2171 1890; x_wconf 93' lang='lat' dir='ltr'><strong>pro</strong></span> <span class='ocrx_word' id='word_1_170' title='bbox 2193 1807 2286 1873; x_wconf 92' lang='lat' dir='ltr'><strong>nobis</strong></span> <span class='ocrx_word' id='word_1_171' title='bbox 2309 1809 2416 1874; x_wconf 86' lang='lat' dir='ltr'><strong>male-</strong></span> 
     </span>
     <span class='ocr_line' id='line_1_13' title="bbox 398 1892 2417 1978; baseline -0.001 -16"><span class='ocrx_word' id='word_1_172' title='bbox 398 1919 449 1976; x_wconf 78' lang='lat' dir='ltr'><strong>so;</strong></span> <span class='ocrx_word' id='word_1_173' title='bbox 473 1896 530 1960; x_wconf 90' lang='lat' dir='ltr'><strong>sed</strong></span> <span class='ocrx_word' id='word_1_174' title='bbox 552 1898 588 1959; x_wconf 93' lang='lat' dir='ltr'><strong>in</strong></span> <span class='ocrx_word' id='word_1_175' title='bbox 610 1896 672 1959; x_wconf 88' lang='lat' dir='ltr'><strong>hac</strong></span> <span class='ocrx_word' id='word_1_176' title='bbox 695 1892 737 1958; x_wconf 94' lang='lat' dir='ltr'><strong>ad</strong></span> <span class='ocrx_word' id='word_1_177' title='bbox 759 1914 858 1977; x_wconf 91' lang='lat' dir='ltr'><strong>quam</strong></span> <span class='ocrx_word' id='word_1_178' title='bbox 880 1915 940 1959; x_wconf 89' lang='lat' dir='ltr'><strong>nos</strong></span> <span class='ocrx_word' id='word_1_179' title='bbox 958 1893 1154 1959; x_wconf 87' lang='lat' dir='ltr'><strong>adhortatur</strong></span> <span class='ocrx_word' id='word_1_180' title='bbox 1170 1895 1378 1977; x_wconf 88' lang='lat' dir='ltr'><strong>perfectione,</strong></span> <span class='ocrx_word' id='word_1_181' title='bbox 1433 1894 1531 1959; x_wconf 84' lang='lat' dir='ltr'><strong>dictio</strong></span> <span class='ocrx_word' id='word_1_182' title='bbox 1554 1892 1644 1977; x_wconf 92' lang='lat' dir='ltr'><strong>(ibid.</strong></span> <span class='ocrx_word' id='word_1_183' title='bbox 1666 1897 1694 1971; x_wconf 88' lang='lat'><strong>3,</strong></span> <span class='ocrx_word' id='word_1_184' title='bbox 1717 1897 1754 1956; x_wconf 90' lang='lat'><strong>13</strong></span> <span class='ocrx_word' id='word_1_185' title='bbox 1779 1903 1812 1957; x_wconf 90' lang='lat' dir='ltr'><strong>et</strong></span> <span class='ocrx_word' id='word_1_186' title='bbox 1829 1900 1858 1972; x_wconf 85' lang='grc'><strong>4,</strong></span> <span class='ocrx_word' id='word_1_187' title='bbox 1877 1894 1922 1978; x_wconf 85' lang='grc'><strong>4).</strong></span> <span class='ocrx_word' id='word_1_188' title='bbox 1956 1892 2124 1976; x_wconf 79' lang='lat' dir='ltr'><strong>Scriptum</strong></span> <span class='ocrx_word' id='word_1_189' title='bbox 2146 1901 2196 1959; x_wconf 88' lang='lat' dir='ltr'><strong>est</strong></span> <span class='ocrx_word' id='word_1_190' title='bbox 2217 1896 2328 1975; x_wconf 69' lang='lat' dir='ltr'><strong>enims</strong></span> <span class='ocrx_word' id='word_1_191' title='bbox 2342 1915 2417 1959; x_wconf 78' lang='lat' dir='ltr'><strong>ma-</strong></span> 
     </span>
     <span class='ocr_line' id='line_1_14' title="bbox 397 1978 2418 2064; baseline -0 -17"><span class='ocrx_word' id='word_1_192' title='bbox 397 1989 522 2047; x_wconf 90' lang='lat' dir='ltr'><strong>metam</strong></span> <span class='ocrx_word' id='word_1_193' title='bbox 545 1983 747 2046; x_wconf 85' lang='lat' dir='ltr'><strong>demonstrat</strong></span> <span class='ocrx_word' id='word_1_194' title='bbox 768 1979 809 2044; x_wconf 92' lang='lat' dir='ltr'><strong>ad</strong></span> <span class='ocrx_word' id='word_1_195' title='bbox 833 2001 930 2061; x_wconf 88' lang='lat' dir='ltr'><strong>quam</strong></span> <span class='ocrx_word' id='word_1_196' title='bbox 953 1981 1048 2045; x_wconf 90' lang='lat' dir='ltr'><strong>nobis</strong></span> <span class='ocrx_word' id='word_1_197' title='bbox 1069 1987 1140 2044; x_wconf 90' lang='lat' dir='ltr'><strong>tota</strong></span> <span class='ocrx_word' id='word_1_198' title='bbox 1161 1982 1229 2045; x_wconf 84' lang='lat' dir='ltr'><strong>vita</strong></span> <span class='ocrx_word' id='word_1_199' title='bbox 1247 1987 1379 2045; x_wconf 90' lang='lat' dir='ltr'><strong>conten·</strong></span> <span class='ocrx_word' id='word_1_200' title='bbox 1432 1980 1571 2045; x_wconf 89' lang='lat' dir='ltr'><strong>ledictus</strong></span> <span class='ocrx_word' id='word_1_201' title='bbox 1593 1980 1698 2043; x_wconf 91' lang='lat' dir='ltr'><strong>omnis</strong></span> <span class='ocrx_word' id='word_1_202' title='bbox 1721 1980 1777 2060; x_wconf 92' lang='lat' dir='ltr'><strong>qui</strong></span> <span class='ocrx_word' id='word_1_203' title='bbox 1797 1978 1919 2061; x_wconf 90' lang='lat' dir='ltr'><strong>pendet</strong></span> <span class='ocrx_word' id='word_1_204' title='bbox 1939 1980 1975 2042; x_wconf 91' lang='lat' dir='ltr'><strong>in</strong></span> <span class='ocrx_word' id='word_1_205' title='bbox 1997 1980 2095 2062; x_wconf 88' lang='lat' dir='ltr'><strong>ligna.</strong></span> <span class='ocrx_word' id='word_1_206' title='bbox 2141 1978 2257 2063; x_wconf 88' lang='lat' dir='ltr'><strong>Capite</strong></span> <span class='ocrx_word' id='word_1_207' title='bbox 2278 1980 2418 2064; x_wconf 92' lang='lat' dir='ltr'><strong>quidem</strong></span> 
     </span>
     <span class='ocr_line' id='line_1_15' title="bbox 397 2064 2419 2148; baseline -0 -14"><span class='ocrx_word' id='word_1_208' title='bbox 397 2070 470 2134; x_wconf 83' lang='lat' dir='ltr'><strong>dere</strong></span> <span class='ocrx_word' id='word_1_209' title='bbox 495 2088 555 2132; x_wconf 81' lang='lat' dir='ltr'><strong>nora</strong></span> <span class='ocrx_word' id='word_1_210' title='bbox 582 2068 688 2132; x_wconf 88' lang='lat' dir='ltr'><strong>minus</strong></span> <span class='ocrx_word' id='word_1_211' title='bbox 715 2067 792 2131; x_wconf 81' lang='lat' dir='ltr'><strong>utile</strong></span> <span class='ocrx_word' id='word_1_212' title='bbox 817 2071 861 2130; x_wconf 90' lang='lat' dir='ltr'><strong>est</strong></span> <span class='ocrx_word' id='word_1_213' title='bbox 887 2086 983 2147; x_wconf 81' lang='lat' dir='ltr'><strong>quam</strong></span> <span class='ocrx_word' id='word_1_214' title='bbox 1011 2066 1113 2148; x_wconf 76' lang='lat' dir='ltr'><strong>officio</strong></span> <span class='ocrx_word' id='word_1_215' title='bbox 1134 2071 1237 2130; x_wconf 69' lang='lat' dir='ltr'><strong>neure</strong></span> <span class='ocrx_word' id='word_1_216' title='bbox 1259 2086 1380 2130; x_wconf 84' lang='lat' dir='ltr'><strong>consen</strong></span> <span class='ocrx_word' id='word_1_217' title='bbox 1433 2066 1582 2148; x_wconf 88' lang='lat' dir='ltr'><strong>sequenti</strong></span> <span class='ocrx_word' id='word_1_218' title='bbox 1603 2064 1719 2142; x_wconf 87' lang='lat' dir='ltr'><strong>tradit,</strong></span> <span class='ocrx_word' id='word_1_219' title='bbox 1749 2064 1923 2130; x_wconf 87' lang='lat' dir='ltr'><strong>Christum</strong></span> <span class='ocrx_word' id='word_1_220' title='bbox 1948 2065 2015 2148; x_wconf 88' lang='lat' dir='ltr'><strong>legi</strong></span> <span class='ocrx_word' id='word_1_221' title='bbox 2041 2066 2142 2130; x_wconf 83' lang='lat' dir='ltr'><strong>firisse</strong></span> <span class='ocrx_word' id='word_1_222' title='bbox 2168 2065 2353 2132; x_wconf 89' lang='lat' dir='ltr'><strong>subiectum</strong></span> <span class='ocrx_word' id='word_1_223' title='bbox 2377 2074 2419 2133; x_wconf 87' lang='lat' dir='ltr'><strong>nt</strong></span> 
     </span>
     <span class='ocr_line' id='line_1_16' title="bbox 397 2150 2416 2234; baseline 0.001 -16"><span class='ocrx_word' id='word_1_224' title='bbox 397 2159 531 2219; x_wconf 87' lang='lat' dir='ltr'><strong>taueum.</strong></span> <span class='ocrx_word' id='word_1_225' title='bbox 576 2155 617 2217; x_wconf 92' lang='lat' dir='ltr'><strong>In</strong></span> <span class='ocrx_word' id='word_1_226' title='bbox 640 2174 704 2234; x_wconf 88' lang='lat' dir='ltr'><strong>qua</strong></span> <span class='ocrx_word' id='word_1_227' title='bbox 726 2152 934 2217; x_wconf 87' lang='lat' dir='ltr'><strong>contentione</strong></span> <span class='ocrx_word' id='word_1_228' title='bbox 957 2151 984 2216; x_wconf 89' lang='lat' dir='ltr'><strong>si</strong></span> <span class='ocrx_word' id='word_1_229' title='bbox 1006 2172 1074 2215; x_wconf 92' lang='lat' dir='ltr'><strong>non</strong></span> <span class='ocrx_word' id='word_1_230' title='bbox 1096 2151 1274 2229; x_wconf 90' lang='lat' dir='ltr'><strong>deficimus,</strong></span> <span class='ocrx_word' id='word_1_231' title='bbox 1298 2152 1380 2216; x_wconf 89' lang='lat' dir='ltr'><strong>bene</strong></span> <span class='ocrx_word' id='word_1_232' title='bbox 1433 2173 1488 2217; x_wconf 89' lang='lat' dir='ltr'><strong>eos</strong></span> <span class='ocrx_word' id='word_1_233' title='bbox 1511 2153 1568 2233; x_wconf 87' lang='lat' dir='ltr'><strong>qui</strong></span> <span class='ocrx_word' id='word_1_234' title='bbox 1590 2152 1650 2215; x_wconf 91' lang='lat' dir='ltr'><strong>sub</strong></span> <span class='ocrx_word' id='word_1_235' title='bbox 1670 2150 1743 2233; x_wconf 88' lang='lat' dir='ltr'><strong>lege</strong></span> <span class='ocrx_word' id='word_1_236' title='bbox 1765 2158 1861 2215; x_wconf 90' lang='lat' dir='ltr'><strong>erant</strong></span> <span class='ocrx_word' id='word_1_237' title='bbox 1881 2150 2072 2230; x_wconf 89' lang='lat' dir='ltr'><strong>redimeret;</strong></span> <span class='ocrx_word' id='word_1_238' title='bbox 2095 2150 2152 2216; x_wconf 92' lang='lat' dir='ltr'><strong>sed</strong></span> <span class='ocrx_word' id='word_1_239' title='bbox 2171 2151 2285 2216; x_wconf 92' lang='lat' dir='ltr'><strong>eodem</strong></span> <span class='ocrx_word' id='word_1_240' title='bbox 2303 2175 2416 2221; x_wconf 78' lang='lat' dir='ltr'><strong>sensu</strong></span> 
     </span>
     <span class='ocr_line' id='line_1_17' title="bbox 398 2236 2419 2322; baseline 0 -17"><span class='ocrx_word' id='word_1_241' title='bbox 398 2247 456 2305; x_wconf 90' lang='lat' dir='ltr'><strong>est.</strong></span> <span class='ocrx_word' id='word_1_242' title='bbox 503 2238 655 2304; x_wconf 81' lang='lat' dir='ltr'><strong>Stadium</strong></span> <span class='ocrx_word' id='word_1_243' title='bbox 677 2259 818 2320; x_wconf 88' lang='lat' dir='ltr'><strong>namque</strong></span> <span class='ocrx_word' id='word_1_244' title='bbox 841 2244 892 2301; x_wconf 87' lang='lat' dir='ltr'><strong>est</strong></span> <span class='ocrx_word' id='word_1_245' title='bbox 912 2243 982 2301; x_wconf 89' lang='lat' dir='ltr'><strong>tota</strong></span> <span class='ocrx_word' id='word_1_246' title='bbox 1001 2237 1084 2302; x_wconf 89' lang='lat' dir='ltr'><strong>haec</strong></span> <span class='ocrx_word' id='word_1_247' title='bbox 1105 2237 1183 2316; x_wconf 86' lang='lat' dir='ltr'><strong>vita,</strong></span> <span class='ocrx_word' id='word_1_248' title='bbox 1208 2238 1302 2318; x_wconf 82' lang='lat' dir='ltr'><strong>cuius</strong></span> <span class='ocrx_word' id='word_1_249' title='bbox 1324 2237 1380 2302; x_wconf 92' lang='lat' dir='ltr'><strong>do·</strong></span> <span class='ocrx_word' id='word_1_250' title='bbox 1434 2236 1554 2302; x_wconf 81' lang='lat' dir='ltr'><strong>Subdit</strong></span> <span class='ocrx_word' id='word_1_251' title='bbox 1575 2238 1664 2301; x_wconf 91' lang='lat' dir='ltr'><strong>enim</strong></span> <span class='ocrx_word' id='word_1_252' title='bbox 1686 2237 1856 2301; x_wconf 91' lang='lat' dir='ltr'><strong>contiuuo:</strong></span> <span class='ocrx_word' id='word_1_253' title='bbox 1885 2258 1948 2318; x_wconf 90' lang='lat' dir='ltr'><strong>quo</strong></span> <span class='ocrx_word' id='word_1_254' title='bbox 1976 2237 2029 2300; x_wconf 91' lang='lat' dir='ltr'><strong>ius</strong></span> <span class='ocrx_word' id='word_1_255' title='bbox 2055 2237 2199 2301; x_wconf 90' lang='lat' dir='ltr'><strong>filiorum</strong></span> <span class='ocrx_word' id='word_1_256' title='bbox 2237 2237 2419 2322; x_wconf 85' lang='lat' dir='ltr'><strong>adoptione</strong></span> 
     </span>
     <span class='ocr_line' id='line_1_18' title="bbox 399 2320 2419 2407; baseline 0.001 -18"><span class='ocrx_word' id='word_1_257' title='bbox 399 2346 494 2389; x_wconf 87' lang='lat' dir='ltr'><strong>curso</strong></span> <span class='ocrx_word' id='word_1_258' title='bbox 529 2326 633 2407; x_wconf 90' lang='lat' dir='ltr'><strong>spatio</strong></span> <span class='ocrx_word' id='word_1_259' title='bbox 666 2322 757 2387; x_wconf 87' lang='lat' dir='ltr'><strong>dabit</strong></span> <span class='ocrx_word' id='word_1_260' title='bbox 785 2322 949 2387; x_wconf 88' lang='lat' dir='ltr'><strong>Dominus</strong></span> <span class='ocrx_word' id='word_1_261' title='bbox 982 2330 1019 2387; x_wconf 92' lang='lat' dir='ltr'><strong>ut</strong></span> <span class='ocrx_word' id='word_1_262' title='bbox 1047 2330 1169 2388; x_wconf 93' lang='lat' dir='ltr'><strong>metam</strong></span> <span class='ocrx_word' id='word_1_263' title='bbox 1197 2323 1304 2402; x_wconf 90' lang='lat' dir='ltr'><strong>illam,</strong></span> <span class='ocrx_word' id='word_1_264' title='bbox 1339 2321 1381 2387; x_wconf 90' lang='lat' dir='ltr'><strong>ad</strong></span> <span class='ocrx_word' id='word_1_265' title='bbox 1432 2325 1660 2405; x_wconf 89' lang='lat' dir='ltr'><strong>reciperemus.</strong></span> <span class='ocrx_word' id='word_1_266' title='bbox 1717 2320 1807 2401; x_wconf 80' lang='lat' dir='ltr'><strong>Quid</strong></span> <span class='ocrx_word' id='word_1_267' title='bbox 1833 2323 1917 2387; x_wconf 91' lang='lat' dir='ltr'><strong>istuc</strong></span> <span class='ocrx_word' id='word_1_268' title='bbox 1946 2322 2016 2386; x_wconf 84' lang='lat' dir='ltr'><strong>est?</strong></span> <span class='ocrx_word' id='word_1_269' title='bbox 2051 2344 2093 2386; x_wconf 89' lang='lat' dir='ltr'><strong>ne</strong></span> <span class='ocrx_word' id='word_1_270' title='bbox 2120 2330 2280 2406; x_wconf 88' lang='lat' dir='ltr'><strong>perpetua</strong></span> <span class='ocrx_word' id='word_1_271' title='bbox 2310 2326 2419 2392; x_wconf 83' lang='lat' dir='ltr'><strong>servi·</strong></span> 
     </span>
     <span class='ocr_line' id='line_1_19' title="bbox 398 2409 2418 2494; baseline 0 -18"><span class='ocrx_word' id='word_1_272' title='bbox 398 2433 498 2494; x_wconf 90' lang='lat' dir='ltr'><strong>quam</strong></span> <span class='ocrx_word' id='word_1_273' title='bbox 514 2433 603 2475; x_wconf 91' lang='lat' dir='ltr'><strong>nunc</strong></span> <span class='ocrx_word' id='word_1_274' title='bbox 620 2409 750 2473; x_wconf 88' lang='lat' dir='ltr'><strong>eminus</strong></span> <span class='ocrx_word' id='word_1_275' title='bbox 764 2410 917 2473; x_wconf 90' lang='lat' dir='ltr'><strong>nituntur</strong></span> <span class='ocrx_word' id='word_1_276' title='bbox 933 2417 1045 2474; x_wconf 88' lang='lat' dir='ltr'><strong>nostra</strong></span> <span class='ocrx_word' id='word_1_277' title='bbox 1063 2409 1180 2487; x_wconf 91' lang='lat' dir='ltr'><strong>studia,</strong></span> <span class='ocrx_word' id='word_1_278' title='bbox 1199 2418 1378 2473; x_wconf 89' lang='lat' dir='ltr'><strong>teneamus.</strong></span> <span class='ocrx_word' id='word_1_279' title='bbox 1432 2415 1505 2473; x_wconf 91' lang='lat' dir='ltr'><strong>tute</strong></span> <span class='ocrx_word' id='word_1_280' title='bbox 1526 2428 1765 2490; x_wconf 88' lang='lat' dir='ltr'><strong>premeremur,</strong></span> <span class='ocrx_word' id='word_1_281' title='bbox 1795 2429 1879 2490; x_wconf 90' lang='lat' dir='ltr'><strong>quae</strong></span> <span class='ocrx_word' id='word_1_282' title='bbox 1907 2409 2123 2474; x_wconf 88' lang='lat' dir='ltr'><strong>conscientias</strong></span> <span class='ocrx_word' id='word_1_283' title='bbox 2144 2417 2275 2476; x_wconf 87' lang='lat' dir='ltr'><strong>nostras</strong></span> <span class='ocrx_word' id='word_1_284' title='bbox 2299 2413 2418 2477; x_wconf 83' lang='lat' dir='ltr'><strong>anxie-</strong></span> 
     </span>
     <span class='ocr_line' id='line_1_20' title="bbox 490 2494 2420 2580; baseline 0.003 -22"><span class='ocrx_word' id='word_1_285' title='bbox 490 2501 537 2559; x_wconf 83' lang='grc'><strong>14.</strong></span> <span class='ocrx_word' id='word_1_286' title='bbox 582 2496 681 2560; x_wconf 88' lang='lat' dir='ltr'><strong>Nunc</strong></span> <span class='ocrx_word' id='word_1_287' title='bbox 722 2515 809 2578; x_wconf 88' lang='lat' dir='ltr'><strong>ergo,</strong></span> <span class='ocrx_word' id='word_1_288' title='bbox 850 2494 1007 2576; x_wconf 90' lang='lat' dir='ltr'><strong>quoniam</strong></span> <span class='ocrx_word' id='word_1_289' title='bbox 1041 2495 1109 2560; x_wconf 89' lang='lat' dir='ltr'><strong>vim</strong></span> <span class='ocrx_word' id='word_1_290' title='bbox 1142 2495 1380 2559; x_wconf 86' lang='lat' dir='ltr'><strong>exhortationis</strong></span> <span class='ocrx_word' id='word_1_291' title='bbox 1432 2501 1499 2558; x_wconf 87' lang='lat' dir='ltr'><strong>tate</strong></span> <span class='ocrx_word' id='word_1_292' title='bbox 1531 2495 1647 2558; x_wconf 91' lang='lat' dir='ltr'><strong>mortis</strong></span> <span class='ocrx_word' id='word_1_293' title='bbox 1680 2513 1883 2574; x_wconf 90' lang='lat' dir='ltr'><strong>compressas</strong></span> <span class='ocrx_word' id='word_1_294' title='bbox 1921 2501 2057 2557; x_wconf 89' lang='lat' dir='ltr'><strong>teneret.</strong></span> <span class='ocrx_word' id='word_1_295' title='bbox 2117 2495 2258 2580; x_wconf 86' lang='lat' dir='ltr'><strong>Interim</strong></span> <span class='ocrx_word' id='word_1_296' title='bbox 2301 2505 2420 2564; x_wconf 88' lang='lat' dir='ltr'><strong>manet</strong></span> 
     </span>
     <span class='ocr_line' id='line_1_21' title="bbox 399 2578 2420 2666; baseline 0.001 -20"><span class='ocrx_word' id='word_1_297' title='bbox 399 2603 479 2666; x_wconf 87' lang='lat' dir='ltr'><strong>erga</strong></span> <span class='ocrx_word' id='word_1_298' title='bbox 500 2581 613 2646; x_wconf 89' lang='lat' dir='ltr'><strong>fideles</strong></span> <span class='ocrx_word' id='word_1_299' title='bbox 635 2580 735 2644; x_wconf 91' lang='lat' dir='ltr'><strong>habet</strong></span> <span class='ocrx_word' id='word_1_300' title='bbox 755 2579 818 2657; x_wconf 79' lang='lat' dir='ltr'><strong>lex,</strong></span> <span class='ocrx_word' id='word_1_301' title='bbox 841 2601 907 2644; x_wconf 93' lang='lat' dir='ltr'><strong>non</strong></span> <span class='ocrx_word' id='word_1_302' title='bbox 924 2601 1007 2663; x_wconf 87' lang='lat' dir='ltr'><strong>quae</strong></span> <span class='ocrx_word' id='word_1_303' title='bbox 1029 2601 1143 2646; x_wconf 90' lang='lat' dir='ltr'><strong>eorum</strong></span> <span class='ocrx_word' id='word_1_304' title='bbox 1165 2580 1380 2645; x_wconf 88' lang='lat' dir='ltr'><strong>conscientias</strong></span> <span class='ocrx_word' id='word_1_305' title='bbox 1431 2578 1513 2643; x_wconf 91' lang='lat' dir='ltr'><strong>illud</strong></span> <span class='ocrx_word' id='word_1_306' title='bbox 1535 2599 1664 2661; x_wconf 88' lang='lat' dir='ltr'><strong>semper</strong></span> <span class='ocrx_word' id='word_1_307' title='bbox 1684 2580 1932 2658; x_wconf 88' lang='lat' dir='ltr'><strong>inconcussum,</strong></span> <span class='ocrx_word' id='word_1_308' title='bbox 1962 2579 2108 2662; x_wconf 83' lang='lat' dir='ltr'><strong>exlegis</strong></span> <span class='ocrx_word' id='word_1_309' title='bbox 2130 2582 2311 2647; x_wconf 84' lang='lat' dir='ltr'><strong>autoritate</strong></span> <span class='ocrx_word' id='word_1_310' title='bbox 2330 2583 2420 2649; x_wconf 90' lang='lat' dir='ltr'><strong>nihil</strong></span> 
     </span>
     <span class='ocr_line' id='line_1_22' title="bbox 398 2663 2420 2750; baseline 0.001 -18"><span class='ocrx_word' id='word_1_311' title='bbox 398 2665 629 2732; x_wconf 88' lang='lat' dir='ltr'><strong>maledictione</strong></span> <span class='ocrx_word' id='word_1_312' title='bbox 656 2666 753 2750; x_wconf 88' lang='lat' dir='ltr'><strong>liget,</strong></span> <span class='ocrx_word' id='word_1_313' title='bbox 783 2665 841 2731; x_wconf 92' lang='lat' dir='ltr'><strong>sed</strong></span> <span class='ocrx_word' id='word_1_314' title='bbox 868 2687 952 2749; x_wconf 88' lang='lat' dir='ltr'><strong>quae</strong></span> <span class='ocrx_word' id='word_1_315' title='bbox 973 2666 1141 2750; x_wconf 89' lang='lat' dir='ltr'><strong>pigritiam</strong></span> <span class='ocrx_word' id='word_1_316' title='bbox 1164 2665 1301 2731; x_wconf 91' lang='lat' dir='ltr'><strong>subinde</strong></span> <span class='ocrx_word' id='word_1_317' title='bbox 1329 2665 1380 2729; x_wconf 91' lang='lat' dir='ltr'><strong>in·</strong></span> <span class='ocrx_word' id='word_1_318' title='bbox 1433 2666 1609 2731; x_wconf 85' lang='lat' dir='ltr'><strong>decessisse</strong></span> <span class='ocrx_word' id='word_1_319' title='bbox 1635 2666 1715 2747; x_wconf 88' lang='lat' dir='ltr'><strong>quin</strong></span> <span class='ocrx_word' id='word_1_320' title='bbox 1741 2663 1855 2729; x_wconf 90' lang='lat' dir='ltr'><strong>eadem</strong></span> <span class='ocrx_word' id='word_1_321' title='bbox 1877 2685 2007 2747; x_wconf 89' lang='lat' dir='ltr'><strong>semper</strong></span> <span class='ocrx_word' id='word_1_322' title='bbox 2026 2666 2238 2732; x_wconf 87' lang='lat' dir='ltr'><strong>veneratione</strong></span> <span class='ocrx_word' id='word_1_323' title='bbox 2259 2667 2420 2735; x_wconf 89' lang='lat' dir='ltr'><strong>obedien·</strong></span> 
     </span>
     <span class='ocr_line' id='line_1_23' title="bbox 401 2750 2176 2834; baseline -0.001 -16"><span class='ocrx_word' id='word_1_324' title='bbox 401 2752 518 2818; x_wconf 88' lang='lat' dir='ltr'><strong>stando</strong></span> <span class='ocrx_word' id='word_1_325' title='bbox 552 2753 697 2817; x_wconf 83' lang='lat' dir='ltr'><strong>excutiat</strong></span> <span class='ocrx_word' id='word_1_326' title='bbox 729 2758 762 2816; x_wconf 90' lang='lat' dir='ltr'><strong>et</strong></span> <span class='ocrx_word' id='word_1_327' title='bbox 790 2750 1067 2834; x_wconf 88' lang='lat' dir='ltr'><strong>imperfectionem</strong></span> <span class='ocrx_word' id='word_1_328' title='bbox 1095 2752 1240 2830; x_wconf 78' lang='lat' dir='ltr'><strong>vellicet,</strong></span> <span class='ocrx_word' id='word_1_329' title='bbox 1274 2750 1379 2829; x_wconf 92' lang='lat' dir='ltr'><strong>multi,</strong></span> <span class='ocrx_word' id='word_1_330' title='bbox 1432 2753 1543 2834; x_wconf 88' lang='lat' dir='ltr'><strong>tiaque</strong></span> <span class='ocrx_word' id='word_1_331' title='bbox 1565 2752 1671 2834; x_wconf 91' lang='lat' dir='ltr'><strong>ipsam</strong></span> <span class='ocrx_word' id='word_1_332' title='bbox 1693 2751 1814 2832; x_wconf 87' lang='lat' dir='ltr'><strong>suscipi</strong></span> <span class='ocrx_word' id='word_1_333' title='bbox 1836 2772 1856 2815; x_wconf 91' lang='lat' dir='ltr'><strong>a</strong></span> <span class='ocrx_word' id='word_1_334' title='bbox 1877 2750 1972 2814; x_wconf 89' lang='lat' dir='ltr'><strong>nobis</strong></span> <span class='ocrx_word' id='word_1_335' title='bbox 1994 2753 2176 2816; x_wconf 87' lang='lat' dir='ltr'><strong>conveniat.</strong></span> 
     </span>
     <span class='ocr_line' id='line_1_24' title="bbox 401 2835 2418 2922; baseline 0.002 -20"><span class='ocrx_word' id='word_1_336' title='bbox 401 2838 480 2902; x_wconf 90' lang='lat' dir='ltr'><strong>dum</strong></span> <span class='ocrx_word' id='word_1_337' title='bbox 502 2838 620 2904; x_wconf 86' lang='lat' dir='ltr'><strong>volunt</strong></span> <span class='ocrx_word' id='word_1_338' title='bbox 647 2838 832 2920; x_wconf 82' lang='lat' dir='ltr'><strong>significare</strong></span> <span class='ocrx_word' id='word_1_339' title='bbox 860 2838 946 2903; x_wconf 89' lang='lat' dir='ltr'><strong>hanc</strong></span> <span class='ocrx_word' id='word_1_340' title='bbox 973 2836 1015 2901; x_wconf 88' lang='lat' dir='ltr'><strong>ab</strong></span> <span class='ocrx_word' id='word_1_341' title='bbox 1040 2836 1129 2902; x_wconf 90' lang='lat' dir='ltr'><strong>illius</strong></span> <span class='ocrx_word' id='word_1_342' title='bbox 1151 2836 1380 2902; x_wconf 91' lang='lat' dir='ltr'><strong>maledictione</strong></span> <span class='ocrx_word' id='word_1_343' title='bbox 1522 2841 1570 2900; x_wconf 85' lang='grc'><strong>16.</strong></span> <span class='ocrx_word' id='word_1_344' title='bbox 1615 2835 1696 2900; x_wconf 83' lang='lat' dir='ltr'><strong>Alia</strong></span> <span class='ocrx_word' id='word_1_345' title='bbox 1717 2837 1981 2901; x_wconf 75' lang='lat' dir='ltr'><strong>mernnoniarum</strong></span> <span class='ocrx_word' id='word_1_346' title='bbox 2002 2839 2092 2917; x_wconf 88' lang='lat' dir='ltr'><strong>ratio,</strong></span> <span class='ocrx_word' id='word_1_347' title='bbox 2114 2859 2195 2918; x_wconf 79' lang='lat' dir='ltr'><strong>qnae</strong></span> <span class='ocrx_word' id='word_1_348' title='bbox 2215 2859 2277 2904; x_wconf 75' lang='lat' dir='ltr'><strong>iton</strong></span> <span class='ocrx_word' id='word_1_349' title='bbox 2297 2842 2418 2922; x_wconf 72' lang='lat' dir='ltr'><strong>etfedu,</strong></span> 
     </span>
     <span class='ocr_line' id='line_1_25' title="bbox 399 2921 2418 3008; baseline 0.002 -20"><span class='ocrx_word' id='word_1_350' title='bbox 399 2924 635 3001; x_wconf 89' lang='lat' dir='ltr'><strong>liberationem,</strong></span> <span class='ocrx_word' id='word_1_351' title='bbox 659 2922 774 2988; x_wconf 91' lang='lat' dir='ltr'><strong>dicunt</strong></span> <span class='ocrx_word' id='word_1_352' title='bbox 796 2923 986 3007; x_wconf 83' lang='lat' dir='ltr'><strong>abrogatam</strong></span> <span class='ocrx_word' id='word_1_353' title='bbox 1010 2944 1081 2988; x_wconf 92' lang='lat' dir='ltr'><strong>esse</strong></span> <span class='ocrx_word' id='word_1_354' title='bbox 1102 2923 1210 3008; x_wconf 87' lang='lat' dir='ltr'><strong>legem</strong></span> <span class='ocrx_word' id='word_1_355' title='bbox 1229 2921 1381 2988; x_wconf 89' lang='lat' dir='ltr'><strong>fidelibus</strong></span> <span class='ocrx_word' id='word_1_356' title='bbox 1432 2923 1487 2987; x_wconf 84' lang='lat' dir='ltr'><strong>scd</strong></span> <span class='ocrx_word' id='word_1_357' title='bbox 1517 2943 1579 2987; x_wconf 87' lang='lat' dir='ltr'><strong>usu</strong></span> <span class='ocrx_word' id='word_1_358' title='bbox 1609 2922 1672 2988; x_wconf 84' lang='lat' dir='ltr'><strong>soto</strong></span> <span class='ocrx_word' id='word_1_359' title='bbox 1702 2922 1830 3004; x_wconf 74' lang='lat' dir='ltr'><strong>suerunt</strong></span> <span class='ocrx_word' id='word_1_360' title='bbox 1861 2922 2034 3005; x_wconf 82' lang='lat' dir='ltr'><strong>abrepatae.</strong></span> <span class='ocrx_word' id='word_1_361' title='bbox 2089 2924 2176 3004; x_wconf 80' lang='lat' dir='ltr'><strong>Quod</strong></span> <span class='ocrx_word' id='word_1_362' title='bbox 2209 2930 2312 2990; x_wconf 82' lang='lat' dir='ltr'><strong>autem</strong></span> <span class='ocrx_word' id='word_1_363' title='bbox 2342 2926 2418 2992; x_wconf 80' lang='lat' dir='ltr'><strong>iliis</strong></span> 
     </span>
     <span class='ocr_line' id='line_1_26' title="bbox 400 3006 2418 3094; baseline 0.001 -19"><span class='ocrx_word' id='word_1_364' title='bbox 400 3008 453 3094; x_wconf 83' lang='lat' dir='ltr'><strong>(de</strong></span> <span class='ocrx_word' id='word_1_365' title='bbox 470 3010 585 3075; x_wconf 73' lang='lat' dir='ltr'><strong>nemeti</strong></span> <span class='ocrx_word' id='word_1_366' title='bbox 602 3009 703 3073; x_wconf 77' lang='lat' dir='ltr'><strong>adltuc</strong></span> <span class='ocrx_word' id='word_1_367' title='bbox 719 3007 851 3093; x_wconf 80' lang='lat' dir='ltr'><strong>loquor),</strong></span> <span class='ocrx_word' id='word_1_368' title='bbox 872 3029 939 3073; x_wconf 93' lang='lat' dir='ltr'><strong>non</strong></span> <span class='ocrx_word' id='word_1_369' title='bbox 962 3009 1048 3091; x_wconf 92' lang='lat' dir='ltr'><strong>quod</strong></span> <span class='ocrx_word' id='word_1_370' title='bbox 1067 3008 1208 3090; x_wconf 88' lang='lat' dir='ltr'><strong>amplius</strong></span> <span class='ocrx_word' id='word_1_371' title='bbox 1229 3009 1295 3072; x_wconf 93' lang='lat' dir='ltr'><strong>illis</strong></span> <span class='ocrx_word' id='word_1_372' title='bbox 1312 3029 1381 3072; x_wconf 92' lang='lat' dir='ltr'><strong>non</strong></span> <span class='ocrx_word' id='word_1_373' title='bbox 1430 3010 1524 3091; x_wconf 71' lang='lat' dir='ltr'><strong>finem</strong></span> <span class='ocrx_word' id='word_1_374' title='bbox 1545 3008 1678 3073; x_wconf 63' lang='lat' dir='ltr'><strong>moerim</strong></span> <span class='ocrx_word' id='word_1_375' title='bbox 1694 3029 1751 3072; x_wconf 76' lang='lat' dir='ltr'><strong>suto</strong></span> <span class='ocrx_word' id='word_1_376' title='bbox 1764 3006 1909 3073; x_wconf 76' lang='lat' dir='ltr'><strong>Christus</strong></span> <span class='ocrx_word' id='word_1_377' title='bbox 1930 3010 2088 3089; x_wconf 79' lang='lat' dir='ltr'><strong>imposuit,</strong></span> <span class='ocrx_word' id='word_1_378' title='bbox 2111 3011 2188 3075; x_wconf 82' lang='lat' dir='ltr'><strong>adeo</strong></span> <span class='ocrx_word' id='word_1_379' title='bbox 2205 3011 2285 3076; x_wconf 81' lang='lat' dir='ltr'><strong>nihil</strong></span> <span class='ocrx_word' id='word_1_380' title='bbox 2299 3032 2418 3077; x_wconf 77' lang='lat' dir='ltr'><strong>aarum</strong></span> 
     </span>
     <span class='ocr_line' id='line_1_27' title="bbox 400 3093 2417 3177; baseline 0.001 -18"><span class='ocrx_word' id='word_1_381' title='bbox 400 3094 511 3160; x_wconf 90' lang='lat' dir='ltr'><strong>iubeat</strong></span> <span class='ocrx_word' id='word_1_382' title='bbox 538 3094 624 3177; x_wconf 93' lang='lat' dir='ltr'><strong>quod</strong></span> <span class='ocrx_word' id='word_1_383' title='bbox 651 3100 778 3158; x_wconf 91' lang='lat' dir='ltr'><strong>rectum</strong></span> <span class='ocrx_word' id='word_1_384' title='bbox 806 3102 868 3174; x_wconf 90' lang='lat' dir='ltr'><strong>est,</strong></span> <span class='ocrx_word' id='word_1_385' title='bbox 898 3094 955 3160; x_wconf 92' lang='lat' dir='ltr'><strong>sed</strong></span> <span class='ocrx_word' id='word_1_386' title='bbox 983 3093 1147 3159; x_wconf 79' lang='lat' dir='ltr'><strong>duntaxat</strong></span> <span class='ocrx_word' id='word_1_387' title='bbox 1175 3117 1216 3159; x_wconf 91' lang='lat' dir='ltr'><strong>ne</strong></span> <span class='ocrx_word' id='word_1_388' title='bbox 1244 3096 1287 3161; x_wconf 88' lang='lat' dir='ltr'><strong>sit</strong></span> <span class='ocrx_word' id='word_1_389' title='bbox 1315 3094 1380 3158; x_wconf 92' lang='lat' dir='ltr'><strong>illis</strong></span> <span class='ocrx_word' id='word_1_390' title='bbox 1433 3095 1591 3160; x_wconf 75' lang='lat' dir='ltr'><strong>sanaiati</strong></span> <span class='ocrx_word' id='word_1_391' title='bbox 1608 3096 1741 3176; x_wconf 68' lang='lat' dir='ltr'><strong>derogat,</strong></span> <span class='ocrx_word' id='word_1_392' title='bbox 1760 3098 1795 3157; x_wconf 92' lang='lat' dir='ltr'><strong>ut</strong></span> <span class='ocrx_word' id='word_1_393' title='bbox 1812 3115 1881 3160; x_wconf 88' lang='lat' dir='ltr'><strong>eam</strong></span> <span class='ocrx_word' id='word_1_394' title='bbox 1898 3097 2001 3177; x_wconf 83' lang='lat' dir='ltr'><strong>mapis</strong></span> <span class='ocrx_word' id='word_1_395' title='bbox 2017 3096 2201 3162; x_wconf 84' lang='lat' dir='ltr'><strong>rorumendet</strong></span> <span class='ocrx_word' id='word_1_396' title='bbox 2215 3117 2252 3162; x_wconf 84' lang='lat' dir='ltr'><strong>ar</strong></span> <span class='ocrx_word' id='word_1_397' title='bbox 2267 3096 2417 3162; x_wconf 64' lang='lat' dir='ltr'><strong>iurand.</strong></span> 
     </span>
    </p>
   </div>
   <div class='ocr_carea' id='block_1_3' title="bbox 302 3180 2419 3265">
    <p class='ocr_par' dir='ltr' id='par_1_3' title="bbox 302 3180 2419 3265">
     <span class='ocr_line' id='line_1_28' title="bbox 302 3180 2419 3265; baseline 0 -20"><span class='ocrx_word' id='word_1_398' title='bbox 302 3218 307 3229; x_wconf 82' lang='lat'><em>·</em></span> <span class='ocrx_word' id='word_1_399' title='bbox 400 3180 485 3263; x_wconf 93' lang='lat' dir='ltr'><strong>quod</strong></span> <span class='ocrx_word' id='word_1_400' title='bbox 512 3181 610 3244; x_wconf 85' lang='lat' dir='ltr'><strong>antea</strong></span> <span class='ocrx_word' id='word_1_401' title='bbox 636 3188 722 3259; x_wconf 87' lang='lat' dir='ltr'><strong>erat;</strong></span> <span class='ocrx_word' id='word_1_402' title='bbox 756 3180 818 3245; x_wconf 93' lang='lat' dir='ltr'><strong>hoc</strong></span> <span class='ocrx_word' id='word_1_403' title='bbox 844 3187 910 3260; x_wconf 90' lang='lat' dir='ltr'><strong>est,</strong></span> <span class='ocrx_word' id='word_1_404' title='bbox 944 3203 988 3245; x_wconf 93' lang='lat' dir='ltr'><strong>ne</strong></span> <span class='ocrx_word' id='word_1_405' title='bbox 1020 3202 1133 3245; x_wconf 89' lang='lat' dir='ltr'><strong>eorum</strong></span> <span class='ocrx_word' id='word_1_406' title='bbox 1166 3180 1381 3246; x_wconf 85' lang='lat' dir='ltr'><strong>conscientias</strong></span> <span class='ocrx_word' id='word_1_407' title='bbox 1435 3181 1522 3245; x_wconf 89' lang='lat' dir='ltr'><strong>Nam</strong></span> <span class='ocrx_word' id='word_1_408' title='bbox 1542 3181 1636 3245; x_wconf 70' lang='lat' dir='ltr'><strong>motti</strong></span> <span class='ocrx_word' id='word_1_409' title='bbox 1654 3180 1748 3245; x_wconf 74' lang='lat' dir='ltr'><strong>oneri</strong></span> <span class='ocrx_word' id='word_1_410' title='bbox 1761 3181 1881 3261; x_wconf 78' lang='lat' dir='ltr'><strong>populo</strong></span> <span class='ocrx_word' id='word_1_411' title='bbox 1906 3180 2003 3245; x_wconf 75' lang='lat' dir='ltr'><strong>inam</strong></span> <span class='ocrx_word' id='word_1_412' title='bbox 2017 3182 2237 3260; x_wconf 66' lang='lat' dir='ltr'><strong>praebuissent</strong></span> <span class='ocrx_word' id='word_1_413' title='bbox 2256 3188 2419 3265; x_wconf 67' lang='lat' dir='ltr'><strong>spedumi-</strong></span> 
     </span>
    </p>
   </div>
   <div class='ocr_carea' id='block_1_4' title="bbox 398 3264 2434 3695">
    <p class='ocr_par' dir='ltr' id='par_1_4' title="bbox 398 3264 2434 3695">
     <span class='ocr_line' id='line_1_29' title="bbox 398 3264 2421 3351; baseline 0.002 -20"><span class='ocrx_word' id='word_1_414' title='bbox 398 3265 612 3351; x_wconf 88' lang='lat' dir='ltr'><strong>perterrendo</strong></span> <span class='ocrx_word' id='word_1_415' title='bbox 639 3271 672 3329; x_wconf 92' lang='lat' dir='ltr'><strong>et</strong></span> <span class='ocrx_word' id='word_1_416' title='bbox 700 3264 927 3330; x_wconf 87' lang='lat' dir='ltr'><strong>confundendo</strong></span> <span class='ocrx_word' id='word_1_417' title='bbox 950 3265 1084 3331; x_wconf 90' lang='lat' dir='ltr'><strong>damnet</strong></span> <span class='ocrx_word' id='word_1_418' title='bbox 1106 3288 1144 3332; x_wconf 90' lang='lat' dir='ltr'><strong>ac</strong></span> <span class='ocrx_word' id='word_1_419' title='bbox 1165 3266 1289 3350; x_wconf 90' lang='lat' dir='ltr'><strong>perdat.</strong></span> <span class='ocrx_word' id='word_1_420' title='bbox 1334 3267 1381 3330; x_wconf 87' lang='lat' dir='ltr'><strong>Et</strong></span> <span class='ocrx_word' id='word_1_421' title='bbox 1433 3267 1507 3347; x_wconf 87' lang='lat' dir='ltr'><strong>lum,</strong></span> <span class='ocrx_word' id='word_1_422' title='bbox 1533 3267 1599 3331; x_wconf 85' lang='lat' dir='ltr'><strong>nisi</strong></span> <span class='ocrx_word' id='word_1_423' title='bbox 1619 3266 1730 3331; x_wconf 87' lang='lat' dir='ltr'><strong>mortis</strong></span> <span class='ocrx_word' id='word_1_424' title='bbox 1751 3270 1778 3329; x_wconf 91' lang='lat' dir='ltr'><strong>et</strong></span> <span class='ocrx_word' id='word_1_425' title='bbox 1805 3268 2040 3331; x_wconf 86' lang='lat' dir='ltr'><strong>resurrectionis</strong></span> <span class='ocrx_word' id='word_1_426' title='bbox 2069 3265 2190 3335; x_wconf 83' lang='lat' dir='ltr'><strong>Christi</strong></span> <span class='ocrx_word' id='word_1_427' title='bbox 2216 3268 2317 3334; x_wconf 70' lang='lat' dir='ltr'><strong>rinus</strong></span> <span class='ocrx_word' id='word_1_428' title='bbox 2344 3269 2421 3335; x_wconf 80' lang='lat' dir='ltr'><strong>iiiia</strong></span> 
     </span>
     <span class='ocr_line' id='line_1_30' title="bbox 399 3350 2423 3435; baseline 0.002 -18"><span class='ocrx_word' id='word_1_429' title='bbox 399 3374 478 3418; x_wconf 87' lang='lat' dir='ltr'><strong>sane</strong></span> <span class='ocrx_word' id='word_1_430' title='bbox 505 3352 607 3416; x_wconf 89' lang='lat' dir='ltr'><strong>talem</strong></span> <span class='ocrx_word' id='word_1_431' title='bbox 633 3351 717 3435; x_wconf 87' lang='lat' dir='ltr'><strong>legis</strong></span> <span class='ocrx_word' id='word_1_432' title='bbox 745 3351 991 3435; x_wconf 83' lang='lat' dir='ltr'><strong>abrogationem</strong></span> <span class='ocrx_word' id='word_1_433' title='bbox 1018 3373 1085 3416; x_wconf 91' lang='lat' dir='ltr'><strong>non</strong></span> <span class='ocrx_word' id='word_1_434' title='bbox 1118 3352 1255 3419; x_wconf 90' lang='lat' dir='ltr'><strong>obscure</strong></span> <span class='ocrx_word' id='word_1_435' title='bbox 1289 3350 1382 3417; x_wconf 91' lang='lat' dir='ltr'><strong>docet</strong></span> <span class='ocrx_word' id='word_1_436' title='bbox 1431 3356 1604 3417; x_wconf 80' lang='lat' dir='ltr'><strong>manahato</strong></span> <span class='ocrx_word' id='word_1_437' title='bbox 1629 3355 1717 3430; x_wconf 83' lang='lat' dir='ltr'><strong>esset,</strong></span> <span class='ocrx_word' id='word_1_438' title='bbox 1751 3351 1803 3415; x_wconf 87' lang='lat' dir='ltr'><strong>ita·</strong></span> <span class='ocrx_word' id='word_1_439' title='bbox 1823 3352 1889 3416; x_wconf 87' lang='lat' dir='ltr'><strong>uisi</strong></span> <span class='ocrx_word' id='word_1_440' title='bbox 1915 3358 2097 3431; x_wconf 74' lang='lat' dir='ltr'><strong>necassent,</strong></span> <span class='ocrx_word' id='word_1_441' title='bbox 2124 3357 2296 3421; x_wconf 72' lang='lat' dir='ltr'><strong>deumne</strong></span> <span class='ocrx_word' id='word_1_442' title='bbox 2321 3353 2423 3422; x_wconf 81' lang='lat' dir='ltr'><strong>hodie</strong></span> 
     </span>
     <span class='ocr_line' id='line_1_31' title="bbox 398 3437 2421 3521; baseline 0.001 -18"><span class='ocrx_word' id='word_1_443' title='bbox 398 3438 534 3504; x_wconf 87' lang='lat' dir='ltr'><strong>Paulus.</strong></span> <span class='ocrx_word' id='word_1_444' title='bbox 579 3438 612 3502; x_wconf 81' lang='lat' dir='ltr'>A</span> <span class='ocrx_word' id='word_1_445' title='bbox 638 3437 783 3502; x_wconf 93' lang='lat' dir='ltr'><strong>Domino</strong></span> <span class='ocrx_word' id='word_1_446' title='bbox 810 3458 938 3519; x_wconf 90' lang='lat' dir='ltr'><strong>quoque</strong></span> <span class='ocrx_word' id='word_1_447' title='bbox 964 3438 1064 3503; x_wconf 89' lang='lat' dir='ltr'><strong>fuisse</strong></span> <span class='ocrx_word' id='word_1_448' title='bbox 1091 3438 1312 3521; x_wconf 88' lang='lat' dir='ltr'><strong>praedicatam</strong></span> <span class='ocrx_word' id='word_1_449' title='bbox 1338 3459 1381 3503; x_wconf 85' lang='lat' dir='ltr'><strong>ex</strong></span> <span class='ocrx_word' id='word_1_450' title='bbox 1432 3458 1494 3504; x_wconf 87' lang='lat' dir='ltr'><strong>non</strong></span> <span class='ocrx_word' id='word_1_451' title='bbox 1514 3438 1617 3504; x_wconf 81' lang='lat' dir='ltr'><strong>liceret</strong></span> <span class='ocrx_word' id='word_1_452' title='bbox 1636 3456 1786 3518; x_wconf 83' lang='lat' dir='ltr'><strong>quorsmn</strong></span> <span class='ocrx_word' id='word_1_453' title='bbox 1812 3437 1947 3520; x_wconf 84' lang='lat' dir='ltr'><strong>fuissent</strong></span> <span class='ocrx_word' id='word_1_454' title='bbox 1968 3440 2144 3514; x_wconf 79' lang='lat' dir='ltr'><strong>institutae.</strong></span> <span class='ocrx_word' id='word_1_455' title='bbox 2176 3440 2254 3507; x_wconf 85' lang='lat' dir='ltr'><strong>Ideo</strong></span> <span class='ocrx_word' id='word_1_456' title='bbox 2278 3438 2421 3521; x_wconf 78' lang='lat' dir='ltr'><strong>Paulus,</strong></span> 
     </span>
     <span class='ocr_line' id='line_1_32' title="bbox 400 3522 2423 3609; baseline 0.002 -19"><span class='ocrx_word' id='word_1_457' title='bbox 400 3546 437 3591; x_wconf 91' lang='lat' dir='ltr'><strong>eo</strong></span> <span class='ocrx_word' id='word_1_458' title='bbox 461 3530 606 3607; x_wconf 88' lang='lat' dir='ltr'><strong>apparet,</strong></span> <span class='ocrx_word' id='word_1_459' title='bbox 629 3523 716 3606; x_wconf 92' lang='lat' dir='ltr'><strong>quod</strong></span> <span class='ocrx_word' id='word_1_460' title='bbox 739 3524 926 3607; x_wconf 90' lang='lat' dir='ltr'><strong>opinionem</strong></span> <span class='ocrx_word' id='word_1_461' title='bbox 947 3523 1048 3588; x_wconf 91' lang='lat' dir='ltr'><strong>illam·</strong></span> <span class='ocrx_word' id='word_1_462' title='bbox 1061 3522 1102 3589; x_wconf 92' lang='lat' dir='ltr'><strong>de</strong></span> <span class='ocrx_word' id='word_1_463' title='bbox 1122 3524 1195 3609; x_wconf 89' lang='lat' dir='ltr'><strong>lege</strong></span> <span class='ocrx_word' id='word_1_464' title='bbox 1216 3546 1236 3589; x_wconf 90' lang='lat' dir='ltr'><strong>a</strong></span> <span class='ocrx_word' id='word_1_465' title='bbox 1257 3544 1292 3589; x_wconf 89' lang='lat' dir='ltr'><strong>se</strong></span> <span class='ocrx_word' id='word_1_466' title='bbox 1315 3524 1381 3588; x_wconf 89' lang='lat' dir='ltr'><strong>dis-</strong></span> <span class='ocrx_word' id='word_1_467' title='bbox 1432 3528 1467 3588; x_wconf 88' lang='lat' dir='ltr'><strong>ut</strong></span> <span class='ocrx_word' id='word_1_468' title='bbox 1493 3545 1603 3589; x_wconf 88' lang='lat' dir='ltr'><strong>earum</strong></span> <span class='ocrx_word' id='word_1_469' title='bbox 1630 3523 1870 3590; x_wconf 64' lang='lat' dir='ltr'><strong>manuninum</strong></span> <span class='ocrx_word' id='word_1_470' title='bbox 1897 3544 1959 3589; x_wconf 89' lang='lat' dir='ltr'><strong>nou</strong></span> <span class='ocrx_word' id='word_1_471' title='bbox 1980 3545 2206 3605; x_wconf 71' lang='lat' dir='ltr'><strong>superroratam</strong></span> <span class='ocrx_word' id='word_1_472' title='bbox 2226 3526 2330 3607; x_wconf 86' lang='lat' dir='ltr'><strong>modo,</strong></span> <span class='ocrx_word' id='word_1_473' title='bbox 2360 3527 2423 3594; x_wconf 78' lang='lat' dir='ltr'><strong>sod</strong></span> 
     </span>
     <span class='ocr_line' id='line_1_33' title="bbox 399 3608 2434 3695; baseline 0.002 -21"><span class='ocrx_word' id='word_1_474' title='bbox 399 3609 535 3693; x_wconf 88' lang='lat' dir='ltr'><strong>sipanda</strong></span> <span class='ocrx_word' id='word_1_475' title='bbox 555 3631 622 3673; x_wconf 90' lang='lat' dir='ltr'><strong>non</strong></span> <span class='ocrx_word' id='word_1_476' title='bbox 641 3611 814 3674; x_wconf 87' lang='lat' dir='ltr'><strong>refutasset</strong></span> <span class='ocrx_word' id='word_1_477' title='bbox 830 3609 895 3674; x_wconf 92' lang='lat' dir='ltr'><strong>nisi</strong></span> <span class='ocrx_word' id='word_1_478' title='bbox 911 3608 1107 3675; x_wconf 87' lang='lat' dir='ltr'><strong>invaluisset</strong></span> <span class='ocrx_word' id='word_1_479' title='bbox 1123 3610 1211 3675; x_wconf 88' lang='lat' dir='ltr'><strong>inter</strong></span> <span class='ocrx_word' id='word_1_480' title='bbox 1230 3609 1379 3676; x_wconf 88' lang='lat' dir='ltr'><strong>Iudaeos.</strong></span> <span class='ocrx_word' id='word_1_481' title='bbox 1432 3611 1559 3674; x_wconf 80' lang='lat' dir='ltr'><strong>neniam</strong></span> <span class='ocrx_word' id='word_1_482' title='bbox 1580 3629 1699 3691; x_wconf 77' lang='lat' dir='ltr'><strong>quoque</strong></span> <span class='ocrx_word' id='word_1_483' title='bbox 1719 3629 1783 3674; x_wconf 87' lang='lat' dir='ltr'><strong>esse</strong></span> <span class='ocrx_word' id='word_1_484' title='bbox 1797 3608 1920 3691; x_wconf 86' lang='lat' dir='ltr'><strong>probet,</strong></span> <span class='ocrx_word' id='word_1_485' title='bbox 1949 3611 2077 3676; x_wconf 70' lang='lat' dir='ltr'><strong>umbos</strong></span> <span class='ocrx_word' id='word_1_486' title='bbox 2093 3611 2197 3692; x_wconf 64' lang='lat' dir='ltr'><strong>subn</strong></span> <span class='ocrx_word' id='word_1_487' title='bbox 2215 3614 2315 3692; x_wconf 64' lang='lat' dir='ltr'><strong>men,</strong></span> <span class='ocrx_word' id='word_1_488' title='bbox 2337 3633 2434 3695; x_wconf 71' lang='lat' dir='ltr'><strong>qua·</strong></span> 
     </span>
    </p>
   </div>
   <div class='ocr_carea' id='block_1_5' title="bbox 300 3693 2418 3782">
    <p class='ocr_par' dir='ltr' id='par_1_5' title="bbox 300 3693 2418 3782">
     <span class='ocr_line' id='line_1_34' title="bbox 300 3693 2418 3782; baseline 0 -23"><span class='ocrx_word' id='word_1_489' title='bbox 300 3701 305 3713; x_wconf 77' lang='grc'><em>“</em></span> <span class='ocrx_word' id='word_1_490' title='bbox 400 3695 514 3776; x_wconf 76' lang='lat' dir='ltr'><strong>Quum</strong></span> <span class='ocrx_word' id='word_1_491' title='bbox 541 3701 651 3760; x_wconf 90' lang='lat' dir='ltr'><strong>autem</strong></span> <span class='ocrx_word' id='word_1_492' title='bbox 679 3717 746 3759; x_wconf 92' lang='lat' dir='ltr'><strong>non</strong></span> <span class='ocrx_word' id='word_1_493' title='bbox 767 3695 913 3778; x_wconf 90' lang='lat' dir='ltr'><strong>potuerit</strong></span> <span class='ocrx_word' id='word_1_494' title='bbox 934 3703 1072 3775; x_wconf 63' lang='lat' dir='ltr'><strong>amere,</strong></span> <span class='ocrx_word' id='word_1_495' title='bbox 1102 3698 1173 3761; x_wconf 89' lang='lat' dir='ltr'><strong>sine</strong></span> <span class='ocrx_word' id='word_1_496' title='bbox 1197 3696 1265 3760; x_wconf 94' lang='lat' dir='ltr'><strong>ullo</strong></span> <span class='ocrx_word' id='word_1_497' title='bbox 1286 3716 1381 3778; x_wconf 89' lang='lat' dir='ltr'><strong>prae-</strong></span> <span class='ocrx_word' id='word_1_498' title='bbox 1433 3717 1506 3760; x_wconf 91' lang='lat' dir='ltr'><strong>rum</strong></span> <span class='ocrx_word' id='word_1_499' title='bbox 1540 3696 1628 3760; x_wconf 85' lang='lat' dir='ltr'><strong>nobis</strong></span> <span class='ocrx_word' id='word_1_500' title='bbox 1666 3699 1766 3760; x_wconf 77' lang='lat' dir='ltr'><strong>exstat</strong></span> <span class='ocrx_word' id='word_1_501' title='bbox 1797 3697 1834 3760; x_wconf 86' lang='lat' dir='ltr'><strong>in</strong></span> <span class='ocrx_word' id='word_1_502' title='bbox 1876 3693 1998 3760; x_wconf 86' lang='lat' dir='ltr'><strong>Christo</strong></span> <span class='ocrx_word' id='word_1_503' title='bbox 2031 3717 2144 3779; x_wconf 67' lang='lat' dir='ltr'><strong>temous</strong></span> <span class='ocrx_word' id='word_1_504' title='bbox 2177 3698 2261 3782; x_wconf 83' lang='lat' dir='ltr'><strong>(Col.</strong></span> <span class='ocrx_word' id='word_1_505' title='bbox 2286 3703 2321 3777; x_wconf 84' lang='lat'><strong>2,</strong></span> <span class='ocrx_word' id='word_1_506' title='bbox 2348 3696 2418 3782; x_wconf 64' lang='grc'><strong>17)</strong></span> 
     </span>
    </p>
   </div>
   <div class='ocr_carea' id='block_1_6' title="bbox 398 3780 2420 5760">
    <p class='ocr_par' dir='ltr' id='par_1_6' title="bbox 398 3780 2420 5161">
     <span class='ocr_line' id='line_1_35' title="bbox 400 3780 2420 3868; baseline 0.003 -24"><span class='ocrx_word' id='word_1_507' title='bbox 400 3786 509 3858; x_wconf 81' lang='lat' dir='ltr'><strong>textu,</strong></span> <span class='ocrx_word' id='word_1_508' title='bbox 544 3802 726 3865; x_wconf 85' lang='lat' dir='ltr'><strong>emergere,</strong></span> <span class='ocrx_word' id='word_1_509' title='bbox 760 3780 914 3847; x_wconf 88' lang='lat' dir='ltr'><strong>credibile</strong></span> <span class='ocrx_word' id='word_1_510' title='bbox 942 3789 1007 3861; x_wconf 89' lang='lat' dir='ltr'><strong>est,</strong></span> <span class='ocrx_word' id='word_1_511' title='bbox 1042 3782 1083 3848; x_wconf 91' lang='lat' dir='ltr'><strong>ab</strong></span> <span class='ocrx_word' id='word_1_512' title='bbox 1115 3783 1185 3848; x_wconf 90' lang='lat' dir='ltr'><strong>eius</strong></span> <span class='ocrx_word' id='word_1_513' title='bbox 1214 3782 1381 3846; x_wconf 90' lang='lat' dir='ltr'><strong>doctrinae</strong></span> <span class='ocrx_word' id='word_1_514' title='bbox 1441 3782 1591 3848; x_wconf 79' lang='lat' dir='ltr'><strong>Videmus</strong></span> <span class='ocrx_word' id='word_1_515' title='bbox 1612 3800 1682 3863; x_wconf 74' lang='lat' dir='ltr'><strong>erpo</strong></span> <span class='ocrx_word' id='word_1_516' title='bbox 1702 3782 1795 3846; x_wconf 87' lang='lat' dir='ltr'><strong>utin</strong></span> <span class='ocrx_word' id='word_1_517' title='bbox 1816 3801 1926 3846; x_wconf 87' lang='lat' dir='ltr'><strong>earum</strong></span> <span class='ocrx_word' id='word_1_518' title='bbox 1946 3781 2110 3850; x_wconf 75' lang='lat' dir='ltr'><strong>abolitione</strong></span> <span class='ocrx_word' id='word_1_519' title='bbox 2129 3785 2241 3853; x_wconf 78' lang='lat' dir='ltr'><strong>metim</strong></span> <span class='ocrx_word' id='word_1_520' title='bbox 2262 3783 2420 3868; x_wconf 51' lang='lat' dir='ltr'><strong>Molpeut</strong></span> 
     </span>
     <span class='ocr_line' id='line_1_36' title="bbox 400 3864 2418 3952; baseline 0.004 -23"><span class='ocrx_word' id='word_1_521' title='bbox 400 3864 483 3929; x_wconf 89' lang='lat' dir='ltr'><strong>falsa</strong></span> <span class='ocrx_word' id='word_1_522' title='bbox 511 3865 781 3948; x_wconf 86' lang='lat' dir='ltr'><strong>interpretatione</strong></span> <span class='ocrx_word' id='word_1_523' title='bbox 808 3867 910 3951; x_wconf 73' lang='lat' dir='ltr'><strong>firisse</strong></span> <span class='ocrx_word' id='word_1_524' title='bbox 936 3875 1062 3948; x_wconf 88' lang='lat' dir='ltr'><strong>natam;</strong></span> <span class='ocrx_word' id='word_1_525' title='bbox 1096 3868 1238 3951; x_wconf 87' lang='lat' dir='ltr'><strong>qualiter</strong></span> <span class='ocrx_word' id='word_1_526' title='bbox 1270 3868 1381 3933; x_wconf 85' lang='lat' dir='ltr'><strong>cuncti</strong></span> <span class='ocrx_word' id='word_1_527' title='bbox 1432 3868 1562 3946; x_wconf 72' lang='lat' dir='ltr'><strong>veum,</strong></span> <span class='ocrx_word' id='word_1_528' title='bbox 1595 3888 1690 3948; x_wconf 77' lang='lat' dir='ltr'><strong>quam</strong></span> <span class='ocrx_word' id='word_1_529' title='bbox 1720 3868 1751 3931; x_wconf 76' lang='lat' dir='ltr'><strong>si</strong></span> <span class='ocrx_word' id='word_1_530' title='bbox 1778 3867 1880 3932; x_wconf 79' lang='lat' dir='ltr'><strong>adhue</strong></span> <span class='ocrx_word' id='word_1_531' title='bbox 1901 3870 2015 3950; x_wconf 73' lang='lat' dir='ltr'><strong>praem</strong></span> <span class='ocrx_word' id='word_1_532' title='bbox 2039 3874 2067 3933; x_wconf 90' lang='lat' dir='ltr'><strong>et</strong></span> <span class='ocrx_word' id='word_1_533' title='bbox 2092 3876 2187 3952; x_wconf 77' lang='lat' dir='ltr'><strong>quasi</strong></span> <span class='ocrx_word' id='word_1_534' title='bbox 2208 3871 2322 3937; x_wconf 67' lang='lat' dir='ltr'><strong>obteras</strong></span> <span class='ocrx_word' id='word_1_535' title='bbox 2348 3870 2418 3936; x_wconf 73' lang='lat' dir='ltr'><strong>iao</strong></span> 
     </span>
     <span class='ocr_line' id='line_1_37' title="bbox 399 3952 2417 4039; baseline 0.003 -24"><span class='ocrx_word' id='word_1_536' title='bbox 399 3952 468 4015; x_wconf 89' lang='lat' dir='ltr'><strong>fere</strong></span> <span class='ocrx_word' id='word_1_537' title='bbox 496 3972 622 4015; x_wconf 90' lang='lat' dir='ltr'><strong>errores</strong></span> <span class='ocrx_word' id='word_1_538' title='bbox 650 3954 850 4017; x_wconf 87' lang='lat' dir='ltr'><strong>occasionem</strong></span> <span class='ocrx_word' id='word_1_539' title='bbox 880 3974 900 4017; x_wconf 92' lang='lat' dir='ltr'><strong>a</strong></span> <span class='ocrx_word' id='word_1_540' title='bbox 927 3956 1067 4019; x_wconf 88' lang='lat' dir='ltr'><strong>veritate</strong></span> <span class='ocrx_word' id='word_1_541' title='bbox 1092 3975 1222 4020; x_wconf 90' lang='lat' dir='ltr'><strong>sumere</strong></span> <span class='ocrx_word' id='word_1_542' title='bbox 1244 3974 1380 4019; x_wconf 90' lang='lat' dir='ltr'><strong>consue·</strong></span> <span class='ocrx_word' id='word_1_543' title='bbox 1436 3952 1610 4032; x_wconf 76' lang='lat' dir='ltr'><strong>Christum,</strong></span> <span class='ocrx_word' id='word_1_544' title='bbox 1645 3954 1700 4035; x_wconf 80' lang='lat' dir='ltr'><strong>qui</strong></span> <span class='ocrx_word' id='word_1_545' title='bbox 1726 3953 1840 4033; x_wconf 85' lang='lat' dir='ltr'><strong>patum</strong></span> <span class='ocrx_word' id='word_1_546' title='bbox 1867 3956 2026 4036; x_wconf 89' lang='lat' dir='ltr'><strong>apparuit,</strong></span> <span class='ocrx_word' id='word_1_547' title='bbox 2043 3955 2227 4039; x_wconf 76' lang='lat' dir='ltr'><strong>fipurareat.</strong></span> <span class='ocrx_word' id='word_1_548' title='bbox 2273 3955 2353 4021; x_wconf 81' lang='lat' dir='ltr'><strong>Ideo</strong></span> <span class='ocrx_word' id='word_1_549' title='bbox 2387 3961 2417 4022; x_wconf 75' lang='lat' dir='ltr'><strong>ct</strong></span> 
     </span>
     <span class='ocr_line' id='line_1_38' title="bbox 400 4036 2418 4126; baseline 0.004 -25"><span class='ocrx_word' id='word_1_550' title='bbox 400 4043 530 4102; x_wconf 82' lang='lat' dir='ltr'><strong>verunt.</strong></span> <span class='ocrx_word' id='word_1_551' title='bbox 591 4036 659 4101; x_wconf 92' lang='lat' dir='ltr'><strong>Nos</strong></span> <span class='ocrx_word' id='word_1_552' title='bbox 697 4060 791 4118; x_wconf 87' lang='lat' dir='ltr'><strong>vero,</strong></span> <span class='ocrx_word' id='word_1_553' title='bbox 831 4061 874 4104; x_wconf 91' lang='lat' dir='ltr'><strong>ne</strong></span> <span class='ocrx_word' id='word_1_554' title='bbox 906 4038 949 4104; x_wconf 90' lang='lat' dir='ltr'><strong>ad</strong></span> <span class='ocrx_word' id='word_1_555' title='bbox 980 4040 1122 4105; x_wconf 92' lang='lat' dir='ltr'><strong>eundem</strong></span> <span class='ocrx_word' id='word_1_556' title='bbox 1158 4041 1381 4124; x_wconf 87' lang='lat' dir='ltr'><strong>impingamus</strong></span> <span class='ocrx_word' id='word_1_557' title='bbox 1435 4037 1554 4105; x_wconf 78' lang='lat' dir='ltr'><strong>Christi</strong></span> <span class='ocrx_word' id='word_1_558' title='bbox 1584 4044 1679 4104; x_wconf 68' lang='lat' dir='ltr'><strong>mate</strong></span> <span class='ocrx_word' id='word_1_559' title='bbox 1709 4040 1810 4103; x_wconf 86' lang='lat' dir='ltr'><strong>vetum</strong></span> <span class='ocrx_word' id='word_1_560' title='bbox 1841 4039 1947 4122; x_wconf 85' lang='lat' dir='ltr'><strong>templi</strong></span> <span class='ocrx_word' id='word_1_561' title='bbox 1973 4041 2008 4105; x_wconf 91' lang='lat' dir='ltr'><strong>in</strong></span> <span class='ocrx_word' id='word_1_562' title='bbox 2035 4041 2118 4108; x_wconf 78' lang='lat' dir='ltr'><strong>diras</strong></span> <span class='ocrx_word' id='word_1_563' title='bbox 2139 4048 2250 4126; x_wconf 79' lang='lat' dir='ltr'><strong>partes</strong></span> <span class='ocrx_word' id='word_1_564' title='bbox 2276 4043 2418 4108; x_wconf 68' lang='lat' dir='ltr'><strong>nemu</strong></span> 
     </span>
     <span class='ocr_line' id='line_1_39' title="bbox 400 4121 2418 4211; baseline 0.004 -25"><span class='ocrx_word' id='word_1_565' title='bbox 400 4121 558 4204; x_wconf 89' lang='lat' dir='ltr'><strong>lapidem,</strong></span> <span class='ocrx_word' id='word_1_566' title='bbox 600 4130 748 4188; x_wconf 87' lang='lat' dir='ltr'><strong>accurate</strong></span> <span class='ocrx_word' id='word_1_567' title='bbox 781 4123 1023 4208; x_wconf 86' lang='lat' dir='ltr'><strong>distinguamus</strong></span> <span class='ocrx_word' id='word_1_568' title='bbox 1051 4127 1130 4209; x_wconf 93' lang='lat' dir='ltr'><strong>quid</strong></span> <span class='ocrx_word' id='word_1_569' title='bbox 1163 4127 1197 4191; x_wconf 93' lang='lat' dir='ltr'><strong>in</strong></span> <span class='ocrx_word' id='word_1_570' title='bbox 1225 4127 1298 4210; x_wconf 87' lang='lat' dir='ltr'><strong>lege</strong></span> <span class='ocrx_word' id='word_1_571' title='bbox 1338 4127 1382 4192; x_wconf 91' lang='lat' dir='ltr'><strong>sit</strong></span> <span class='ocrx_word' id='word_1_572' title='bbox 1433 4126 1542 4191; x_wconf 76' lang='lat' dir='ltr'><strong>cendit</strong></span> <span class='ocrx_word' id='word_1_573' title='bbox 1569 4125 1704 4210; x_wconf 87' lang='lat' dir='ltr'><strong>(Matth.</strong></span> <span class='ocrx_word' id='word_1_574' title='bbox 1727 4128 1784 4204; x_wconf 81' lang='lat'><strong>27,</strong></span> <span class='ocrx_word' id='word_1_575' title='bbox 1809 4127 1883 4211; x_wconf 80' lang='lat' dir='ltr'><strong>bl),-</strong></span> <span class='ocrx_word' id='word_1_576' title='bbox 1913 4127 1990 4207; x_wconf 80' lang='lat' dir='ltr'><strong>puia</strong></span> <span class='ocrx_word' id='word_1_577' title='bbox 2018 4128 2084 4191; x_wconf 86' lang='lat' dir='ltr'><strong>iam</strong></span> <span class='ocrx_word' id='word_1_578' title='bbox 2111 4132 2185 4196; x_wconf 83' lang='lat' dir='ltr'><strong>uiua</strong></span> <span class='ocrx_word' id='word_1_579' title='bbox 2211 4135 2240 4194; x_wconf 90' lang='lat' dir='ltr'><strong>et</strong></span> <span class='ocrx_word' id='word_1_580' title='bbox 2263 4148 2418 4210; x_wconf 66' lang='lat' dir='ltr'><strong>apressa</strong></span> 
     </span>
     <span class='ocr_line' id='line_1_40' title="bbox 402 4208 2419 4298; baseline 0.005 -25"><span class='ocrx_word' id='word_1_581' title='bbox 402 4208 604 4292; x_wconf 88' lang='lat' dir='ltr'><strong>abrogatum,</strong></span> <span class='ocrx_word' id='word_1_582' title='bbox 628 4208 705 4290; x_wconf 92' lang='lat' dir='ltr'><strong>quid</strong></span> <span class='ocrx_word' id='word_1_583' title='bbox 727 4210 862 4273; x_wconf 91' lang='lat' dir='ltr'><strong>firmum</strong></span> <span class='ocrx_word' id='word_1_584' title='bbox 884 4210 993 4276; x_wconf 88' lang='lat' dir='ltr'><strong>adhuc</strong></span> <span class='ocrx_word' id='word_1_585' title='bbox 1009 4220 1151 4278; x_wconf 88' lang='lat' dir='ltr'><strong>maneat.</strong></span> <span class='ocrx_word' id='word_1_586' title='bbox 1197 4212 1309 4294; x_wconf 81' lang='lat' dir='ltr'><strong>Quum</strong></span> <span class='ocrx_word' id='word_1_587' title='bbox 1332 4218 1381 4277; x_wconf 89' lang='lat' dir='ltr'><strong>te·</strong></span> <span class='ocrx_word' id='word_1_588' title='bbox 1433 4212 1607 4277; x_wconf 76' lang='lat' dir='ltr'><strong>eoeleshum</strong></span> <span class='ocrx_word' id='word_1_589' title='bbox 1635 4211 1781 4275; x_wconf 86' lang='lat' dir='ltr'><strong>bonorum</strong></span> <span class='ocrx_word' id='word_1_590' title='bbox 1808 4213 1911 4295; x_wconf 67' lang='lat' dir='ltr'><strong>imago</strong></span> <span class='ocrx_word' id='word_1_591' title='bbox 1940 4213 2100 4278; x_wconf 80' lang='lat' dir='ltr'><strong>intorem</strong></span> <span class='ocrx_word' id='word_1_592' title='bbox 2121 4215 2303 4298; x_wconf 64' lang='lat' dir='ltr'><strong>medient,</strong></span> <span class='ocrx_word' id='word_1_593' title='bbox 2333 4234 2419 4297; x_wconf 68' lang='lat' dir='ltr'><strong>qm</strong></span> 
     </span>
     <span class='ocr_line' id='line_1_41' title="bbox 400 4294 2419 4382; baseline 0.003 -23"><span class='ocrx_word' id='word_1_594' title='bbox 400 4301 509 4359; x_wconf 89' lang='lat' dir='ltr'><strong>statur</strong></span> <span class='ocrx_word' id='word_1_595' title='bbox 535 4294 700 4359; x_wconf 91' lang='lat' dir='ltr'><strong>Dominus</strong></span> <span class='ocrx_word' id='word_1_596' title='bbox 729 4295 918 4380; x_wconf 81' lang='lat' dir='ltr'><strong>(Matthb,</strong></span> <span class='ocrx_word' id='word_1_597' title='bbox 941 4296 996 4382; x_wconf 82' lang='lat'><strong>17)</strong></span> <span class='ocrx_word' id='word_1_598' title='bbox 1025 4319 1060 4362; x_wconf 91' lang='lat' dir='ltr'><strong>se</strong></span> <span class='ocrx_word' id='word_1_599' title='bbox 1088 4320 1154 4363; x_wconf 92' lang='lat' dir='ltr'><strong>non</strong></span> <span class='ocrx_word' id='word_1_600' title='bbox 1182 4300 1310 4364; x_wconf 81' lang='lat' dir='ltr'><strong>venisse</strong></span> <span class='ocrx_word' id='word_1_601' title='bbox 1339 4298 1381 4364; x_wconf 89' lang='lat' dir='ltr'><strong>ad</strong></span> <span class='ocrx_word' id='word_1_602' title='bbox 1433 4297 1572 4362; x_wconf 82' lang='lat' dir='ltr'><strong>obscuris</strong></span> <span class='ocrx_word' id='word_1_603' title='bbox 1592 4303 1714 4362; x_wconf 90' lang='lat' dir='ltr'><strong>tantum</strong></span> <span class='ocrx_word' id='word_1_604' title='bbox 1734 4298 1929 4362; x_wconf 82' lang='lat' dir='ltr'><strong>lineamentis</strong></span> <span class='ocrx_word' id='word_1_605' title='bbox 1948 4298 2091 4364; x_wconf 88' lang='lat' dir='ltr'><strong>inchoata</strong></span> <span class='ocrx_word' id='word_1_606' title='bbox 2110 4304 2231 4382; x_wconf 70' lang='lat' dir='ltr'><strong>fuam,</strong></span> <span class='ocrx_word' id='word_1_607' title='bbox 2253 4301 2352 4367; x_wconf 72' lang='lat' dir='ltr'><strong>siniti</strong></span> <span class='ocrx_word' id='word_1_608' title='bbox 2373 4301 2419 4366; x_wconf 82' lang='lat' dir='ltr'><strong>lo-</strong></span> 
     </span>
     <span class='ocr_line' id='line_1_42' title="bbox 399 4379 2419 4474; baseline 0.005 -29"><span class='ocrx_word' id='word_1_609' title='bbox 399 4381 507 4465; x_wconf 88' lang='lat' dir='ltr'><strong>legem</strong></span> <span class='ocrx_word' id='word_1_610' title='bbox 529 4379 737 4458; x_wconf 87' lang='lat' dir='ltr'><strong>abolendam,</strong></span> <span class='ocrx_word' id='word_1_611' title='bbox 761 4380 818 4446; x_wconf 89' lang='lat' dir='ltr'><strong>sed</strong></span> <span class='ocrx_word' id='word_1_612' title='bbox 840 4381 882 4445; x_wconf 91' lang='lat' dir='ltr'><strong>ad</strong></span> <span class='ocrx_word' id='word_1_613' title='bbox 903 4382 1119 4464; x_wconf 87' lang='lat' dir='ltr'><strong>implendam;</strong></span> <span class='ocrx_word' id='word_1_614' title='bbox 1141 4406 1201 4449; x_wconf 89' lang='lat' dir='ltr'><strong>neo</strong></span> <span class='ocrx_word' id='word_1_615' title='bbox 1222 4385 1381 4467; x_wconf 89' lang='lat' dir='ltr'><strong>praeteri·</strong></span> <span class='ocrx_word' id='word_1_616' title='bbox 1433 4386 1541 4466; x_wconf 78' lang='lat' dir='ltr'><strong>quitur</strong></span> <span class='ocrx_word' id='word_1_617' title='bbox 1562 4389 1653 4449; x_wconf 89' lang='lat' dir='ltr'><strong>autor</strong></span> <span class='ocrx_word' id='word_1_618' title='bbox 1674 4385 1819 4466; x_wconf 68' lang='lat' dir='ltr'><strong>nusum</strong></span> <span class='ocrx_word' id='word_1_619' title='bbox 1839 4386 1881 4449; x_wconf 85' lang='lat' dir='ltr'><strong>ad</strong></span> <span class='ocrx_word' id='word_1_620' title='bbox 1903 4384 2060 4450; x_wconf 81' lang='lat' dir='ltr'><strong>Hebraeos</strong></span> <span class='ocrx_word' id='word_1_621' title='bbox 2080 4386 2163 4471; x_wconf 85' lang='lat' dir='ltr'><strong>(cap.</strong></span> <span class='ocrx_word' id='word_1_622' title='bbox 2185 4392 2233 4467; x_wconf 92' lang='grc'><strong>10,</strong></span> <span class='ocrx_word' id='word_1_623' title='bbox 2256 4388 2298 4474; x_wconf 92' lang='lat' dir='ltr'><strong>l).</strong></span> <span class='ocrx_word' id='word_1_624' title='bbox 2338 4385 2419 4455; x_wconf 72' lang='lat' dir='ltr'><strong>Htw</strong></span> 
     </span>
     <span class='ocr_line' id='line_1_43' title="bbox 398 4462 2420 4557; baseline 0.003 -25"><span class='ocrx_word' id='word_1_625' title='bbox 398 4474 520 4546; x_wconf 91' lang='lat' dir='ltr'><strong>turum,</strong></span> <span class='ocrx_word' id='word_1_626' title='bbox 544 4465 647 4531; x_wconf 90' lang='lat' dir='ltr'><strong>donec</strong></span> <span class='ocrx_word' id='word_1_627' title='bbox 669 4466 797 4531; x_wconf 92' lang='lat' dir='ltr'><strong>coelum</strong></span> <span class='ocrx_word' id='word_1_628' title='bbox 820 4488 857 4532; x_wconf 90' lang='lat' dir='ltr'><strong>ac</strong></span> <span class='ocrx_word' id='word_1_629' title='bbox 879 4474 969 4532; x_wconf 90' lang='lat' dir='ltr'><strong>terra</strong></span> <span class='ocrx_word' id='word_1_630' title='bbox 987 4476 1167 4549; x_wconf 87' lang='lat' dir='ltr'><strong>transeant,</strong></span> <span class='ocrx_word' id='word_1_631' title='bbox 1191 4471 1315 4554; x_wconf 89' lang='lat' dir='ltr'><strong>apicem</strong></span> <span class='ocrx_word' id='word_1_632' title='bbox 1339 4492 1381 4535; x_wconf 86' lang='lat' dir='ltr'><strong>ex</strong></span> <span class='ocrx_word' id='word_1_633' title='bbox 1427 4462 1562 4550; x_wconf 76' lang='lat' dir='ltr'><strong>pertinet</strong></span> <span class='ocrx_word' id='word_1_634' title='bbox 1582 4471 1699 4534; x_wconf 88' lang='lat' dir='ltr'><strong>dictum</strong></span> <span class='ocrx_word' id='word_1_635' title='bbox 1714 4469 1834 4535; x_wconf 82' lang='lat' dir='ltr'><strong>Christi</strong></span> <span class='ocrx_word' id='word_1_636' title='bbox 1847 4470 1943 4553; x_wconf 86' lang='lat' dir='ltr'><strong>(Luc.</strong></span> <span class='ocrx_word' id='word_1_637' title='bbox 1967 4472 2102 4557; x_wconf 83' lang='grc'><strong>16,16).·</strong></span> <span class='ocrx_word' id='word_1_638' title='bbox 2122 4474 2215 4557; x_wconf 67' lang='lat' dir='ltr'><strong>tegern</strong></span> <span class='ocrx_word' id='word_1_639' title='bbox 2237 4471 2420 4555; x_wconf 72' lang='lat' dir='ltr'><strong>nprophe-</strong></span> 
     </span>
     <span class='ocr_line' id='line_1_44' title="bbox 399 4552 2419 4643; baseline 0.005 -28"><span class='ocrx_word' id='word_1_640' title='bbox 399 4553 471 4635; x_wconf 90' lang='lat' dir='ltr'><strong>lege</strong></span> <span class='ocrx_word' id='word_1_641' title='bbox 500 4553 581 4635; x_wconf 93' lang='lat' dir='ltr'><strong>quin</strong></span> <span class='ocrx_word' id='word_1_642' title='bbox 609 4552 719 4616; x_wconf 89' lang='lat' dir='ltr'><strong>omnia</strong></span> <span class='ocrx_word' id='word_1_643' title='bbox 746 4554 842 4616; x_wconf 88' lang='lat' dir='ltr'><strong>fiant:</strong></span> <span class='ocrx_word' id='word_1_644' title='bbox 876 4553 961 4617; x_wconf 90' lang='lat' dir='ltr'><strong>nihil</strong></span> <span class='ocrx_word' id='word_1_645' title='bbox 994 4553 1035 4618; x_wconf 92' lang='lat' dir='ltr'><strong>de</strong></span> <span class='ocrx_word' id='word_1_646' title='bbox 1063 4555 1270 4622; x_wconf 86' lang='lat' dir='ltr'><strong>observantia</strong></span> <span class='ocrx_word' id='word_1_647' title='bbox 1297 4557 1380 4640; x_wconf 86' lang='lat' dir='ltr'><strong>legis</strong></span> <span class='ocrx_word' id='word_1_648' title='bbox 1433 4562 1483 4620; x_wconf 91' lang='lat' dir='ltr'><strong>tas</strong></span> <span class='ocrx_word' id='word_1_649' title='bbox 1501 4557 1602 4637; x_wconf 79' lang='lat' dir='ltr'><strong>fuisse</strong></span> <span class='ocrx_word' id='word_1_650' title='bbox 1622 4576 1721 4638; x_wconf 82' lang='lat' dir='ltr'><strong>usque</strong></span> <span class='ocrx_word' id='word_1_651' title='bbox 1743 4556 1785 4620; x_wconf 84' lang='lat' dir='ltr'><strong>ad</strong></span> <span class='ocrx_word' id='word_1_652' title='bbox 1807 4555 1972 4636; x_wconf 68' lang='lat' dir='ltr'><strong>laturam,-</strong></span> <span class='ocrx_word' id='word_1_653' title='bbox 1998 4577 2037 4619; x_wconf 79' lang='lat' dir='ltr'><strong>en</strong></span> <span class='ocrx_word' id='word_1_654' title='bbox 2063 4579 2097 4622; x_wconf 90' lang='lat' dir='ltr'><strong>eo</strong></span> <span class='ocrx_word' id='word_1_655' title='bbox 2118 4580 2247 4643; x_wconf 73' lang='lat' dir='ltr'><strong>regnum</strong></span> <span class='ocrx_word' id='word_1_656' title='bbox 2265 4558 2331 4625; x_wconf 82' lang='lat' dir='ltr'><strong>Dei</strong></span> <span class='ocrx_word' id='word_1_657' title='bbox 2351 4577 2419 4624; x_wconf 83' lang='lat' dir='ltr'><strong>coe·</strong></span> 
     </span>
     <span class='ocr_line' id='line_1_45' title="bbox 398 4637 2418 4726; baseline 0.005 -25"><span class='ocrx_word' id='word_1_658' title='bbox 398 4659 458 4719; x_wconf 93' lang='lat' dir='ltr'><strong>per</strong></span> <span class='ocrx_word' id='word_1_659' title='bbox 485 4658 582 4701; x_wconf 90' lang='lat' dir='ltr'><strong>suum</strong></span> <span class='ocrx_word' id='word_1_660' title='bbox 610 4638 790 4703; x_wconf 86' lang='lat' dir='ltr'><strong>adventum</strong></span> <span class='ocrx_word' id='word_1_661' title='bbox 819 4637 1004 4703; x_wconf 87' lang='lat' dir='ltr'><strong>detractum</strong></span> <span class='ocrx_word' id='word_1_662' title='bbox 1032 4640 1073 4704; x_wconf 91' lang='lat' dir='ltr'><strong>iri</strong></span> <span class='ocrx_word' id='word_1_663' title='bbox 1096 4642 1176 4707; x_wconf 88' lang='lat' dir='ltr'><strong>satis</strong></span> <span class='ocrx_word' id='word_1_664' title='bbox 1198 4645 1378 4707; x_wconf 88' lang='lat' dir='ltr'><strong>confirmat.</strong></span> <span class='ocrx_word' id='word_1_665' title='bbox 1427 4643 1516 4724; x_wconf 88' lang='lat' dir='ltr'><strong>pisse</strong></span> <span class='ocrx_word' id='word_1_666' title='bbox 1533 4642 1751 4726; x_wconf 77' lang='lat' dir='ltr'><strong>manpetirari.</strong></span> <span class='ocrx_word' id='word_1_667' title='bbox 1788 4641 1860 4705; x_wconf 89' lang='lat' dir='ltr'><strong>Non</strong></span> <span class='ocrx_word' id='word_1_668' title='bbox 1877 4642 1959 4722; x_wconf 82' lang='lat' dir='ltr'><strong>quod</strong></span> <span class='ocrx_word' id='word_1_669' title='bbox 1971 4643 2211 4723; x_wconf 80' lang='lat' dir='ltr'><strong>praedieatione,</strong></span> <span class='ocrx_word' id='word_1_670' title='bbox 2229 4664 2309 4726; x_wconf 80' lang='lat' dir='ltr'><strong>quoe</strong></span> <span class='ocrx_word' id='word_1_671' title='bbox 2325 4663 2418 4726; x_wconf 57' lang='lat' dir='ltr'><strong>ment</strong></span> 
     </span>
     <span class='ocr_line' id='line_1_46' title="bbox 399 4723 2419 4814; baseline 0.005 -27"><span class='ocrx_word' id='word_1_672' title='bbox 399 4723 446 4787; x_wconf 88' lang='lat' dir='ltr'><strong>Et</strong></span> <span class='ocrx_word' id='word_1_673' title='bbox 467 4725 598 4803; x_wconf 83' lang='lat' dir='ltr'><strong>merit03</strong></span> <span class='ocrx_word' id='word_1_674' title='bbox 627 4724 758 4806; x_wconf 90' lang='lat' dir='ltr'><strong>quando</strong></span> <span class='ocrx_word' id='word_1_675' title='bbox 787 4725 823 4788; x_wconf 92' lang='lat' dir='ltr'><strong>in</strong></span> <span class='ocrx_word' id='word_1_676' title='bbox 851 4724 940 4790; x_wconf 92' lang='lat' dir='ltr'><strong>hune</strong></span> <span class='ocrx_word' id='word_1_677' title='bbox 966 4726 1067 4789; x_wconf 90' lang='lat' dir='ltr'><strong>finem</strong></span> <span class='ocrx_word' id='word_1_678' title='bbox 1094 4728 1203 4809; x_wconf 87' lang='lat' dir='ltr'><strong>potius</strong></span> <span class='ocrx_word' id='word_1_679' title='bbox 1224 4729 1317 4793; x_wconf 83' lang='lat' dir='ltr'><strong>vonit</strong></span> <span class='ocrx_word' id='word_1_680' title='bbox 1343 4736 1381 4792; x_wconf 91' lang='lat' dir='ltr'><strong>ut</strong></span> <span class='ocrx_word' id='word_1_681' title='bbox 1433 4728 1547 4792; x_wconf 85' lang='lat' dir='ltr'><strong>salutis</strong></span> <span class='ocrx_word' id='word_1_682' title='bbox 1567 4734 1595 4792; x_wconf 88' lang='lat' dir='ltr'><strong>et</strong></span> <span class='ocrx_word' id='word_1_683' title='bbox 1615 4729 1696 4792; x_wconf 82' lang='lat' dir='ltr'><strong>ritae</strong></span> <span class='ocrx_word' id='word_1_684' title='bbox 1718 4731 1859 4791; x_wconf 69' lang='lat' dir='ltr'><strong>caenae</strong></span> <span class='ocrx_word' id='word_1_685' title='bbox 1875 4728 2012 4804; x_wconf 87' lang='lat' dir='ltr'><strong>eontinet,</strong></span> <span class='ocrx_word' id='word_1_686' title='bbox 2030 4731 2152 4808; x_wconf 75' lang='lat' dir='ltr'><strong>priami</strong></span> <span class='ocrx_word' id='word_1_687' title='bbox 2171 4733 2291 4814; x_wconf 70' lang='lat' dir='ltr'><strong>fuerint</strong></span> <span class='ocrx_word' id='word_1_688' title='bbox 2309 4730 2419 4797; x_wconf 73' lang='lat' dir='ltr'><strong>sandi</strong></span> 
     </span>
     <span class='ocr_line' id='line_1_47' title="bbox 400 4809 2416 4897; baseline 0.005 -25"><span class='ocrx_word' id='word_1_689' title='bbox 400 4809 469 4872; x_wconf 91' lang='lat' dir='ltr'><strong>eius</strong></span> <span class='ocrx_word' id='word_1_690' title='bbox 492 4809 805 4892; x_wconf 83' lang='lat' dir='ltr'><strong>transgressionibus</strong></span> <span class='ocrx_word' id='word_1_691' title='bbox 823 4809 1018 4875; x_wconf 89' lang='lat' dir='ltr'><strong>mederetur.</strong></span> <span class='ocrx_word' id='word_1_692' title='bbox 1064 4812 1179 4876; x_wconf 89' lang='lat' dir='ltr'><strong>Manet</strong></span> <span class='ocrx_word' id='word_1_693' title='bbox 1200 4814 1301 4897; x_wconf 92' lang='lat' dir='ltr'><strong>igitur</strong></span> <span class='ocrx_word' id='word_1_694' title='bbox 1321 4836 1381 4896; x_wconf 91' lang='lat' dir='ltr'><strong>per</strong></span> <span class='ocrx_word' id='word_1_695' title='bbox 1428 4818 1554 4896; x_wconf 72' lang='lat' dir='ltr'><strong>patres,</strong></span> <span class='ocrx_word' id='word_1_696' title='bbox 1575 4814 1629 4878; x_wconf 86' lang='lat' dir='ltr'><strong>sed</strong></span> <span class='ocrx_word' id='word_1_697' title='bbox 1648 4814 1726 4894; x_wconf 80' lang='lat' dir='ltr'><strong>puin</strong></span> <span class='ocrx_word' id='word_1_698' title='bbox 1742 4813 1854 4893; x_wconf 87' lang='lat' dir='ltr'><strong>procui</strong></span> <span class='ocrx_word' id='word_1_699' title='bbox 1874 4818 1903 4876; x_wconf 90' lang='lat' dir='ltr'><strong>et</strong></span> <span class='ocrx_word' id='word_1_700' title='bbox 1923 4814 1981 4877; x_wconf 87' lang='lat' dir='ltr'><strong>sub</strong></span> <span class='ocrx_word' id='word_1_701' title='bbox 2000 4814 2192 4881; x_wconf 69' lang='lat' dir='ltr'><strong>umbratitiis</strong></span> <span class='ocrx_word' id='word_1_702' title='bbox 2209 4817 2318 4882; x_wconf 81' lang='lat' dir='ltr'><strong>intuiti</strong></span> <span class='ocrx_word' id='word_1_703' title='bbox 2338 4819 2416 4882; x_wconf 69' lang='lat' dir='ltr'><strong>nu</strong></span> 
     </span>
     <span class='ocr_line' id='line_1_48' title="bbox 400 4890 2416 4984; baseline 0.006 -27"><span class='ocrx_word' id='word_1_704' title='bbox 400 4890 573 4957; x_wconf 79' lang='lat' dir='ltr'><strong>Christum&#39;</strong></span> <span class='ocrx_word' id='word_1_705' title='bbox 598 4895 795 4961; x_wconf 85' lang='lat' dir='ltr'><strong>inviolabilis</strong></span> <span class='ocrx_word' id='word_1_706' title='bbox 822 4896 905 4981; x_wconf 87' lang='lat' dir='ltr'><strong>legis</strong></span> <span class='ocrx_word' id='word_1_707' title='bbox 932 4896 1094 4976; x_wconf 89' lang='lat' dir='ltr'><strong>doctrina,</strong></span> <span class='ocrx_word' id='word_1_708' title='bbox 1127 4920 1209 4981; x_wconf 87' lang='lat' dir='ltr'><strong>quae</strong></span> <span class='ocrx_word' id='word_1_709' title='bbox 1237 4920 1297 4963; x_wconf 91' lang='lat' dir='ltr'><strong>nos</strong></span> <span class='ocrx_word' id='word_1_710' title='bbox 1324 4899 1380 4963; x_wconf 89' lang='lat' dir='ltr'><strong>do·</strong></span> <span class='ocrx_word' id='word_1_711' title='bbox 1433 4900 1595 4978; x_wconf 74' lang='lat' dir='ltr'><strong>duntaxat,</strong></span> <span class='ocrx_word' id='word_1_712' title='bbox 1618 4899 1699 4980; x_wconf 84' lang='lat' dir='ltr'><strong>quod</strong></span> <span class='ocrx_word' id='word_1_713' title='bbox 1718 4898 1807 4962; x_wconf 85' lang='lat' dir='ltr'><strong>hodie</strong></span> <span class='ocrx_word' id='word_1_714' title='bbox 1828 4899 1863 4961; x_wconf 89' lang='lat' dir='ltr'><strong>iu</strong></span> <span class='ocrx_word' id='word_1_715' title='bbox 1880 4898 1978 4979; x_wconf 86' lang='lat' dir='ltr'><strong>plena</strong></span> <span class='ocrx_word' id='word_1_716' title='bbox 1999 4899 2065 4964; x_wconf 86' lang='lat' dir='ltr'><strong>lnce</strong></span> <span class='ocrx_word' id='word_1_717' title='bbox 2085 4904 2298 4984; x_wconf 79' lang='lat' dir='ltr'><strong>omupiehnns.</strong></span> <span class='ocrx_word' id='word_1_718' title='bbox 2345 4900 2416 4968; x_wconf 75' lang='lat' dir='ltr'><strong>Cur</strong></span> 
     </span>
     <span class='ocr_line' id='line_1_49' title="bbox 400 4977 2415 5068; baseline 0.006 -26"><span class='ocrx_word' id='word_1_719' title='bbox 400 4978 512 5057; x_wconf 84' lang='lat' dir='ltr'><strong>cando,</strong></span> <span class='ocrx_word' id='word_1_720' title='bbox 536 4977 749 5059; x_wconf 84' lang='lat' dir='ltr'><strong>admonenda,</strong></span> <span class='ocrx_word' id='word_1_721' title='bbox 768 4982 978 5067; x_wconf 87' lang='lat' dir='ltr'><strong>obiurgando,</strong></span> <span class='ocrx_word' id='word_1_722' title='bbox 997 4983 1200 5068; x_wconf 88' lang='lat' dir='ltr'><strong>corrigendo,</strong></span> <span class='ocrx_word' id='word_1_723' title='bbox 1224 4985 1265 5049; x_wconf 91' lang='lat' dir='ltr'><strong>ad</strong></span> <span class='ocrx_word' id='word_1_724' title='bbox 1284 5006 1380 5050; x_wconf 90' lang='lat' dir='ltr'><strong>omne</strong></span> <span class='ocrx_word' id='word_1_725' title='bbox 1433 4987 1536 5049; x_wconf 88' lang='lat' dir='ltr'><strong>antem</strong></span> <span class='ocrx_word' id='word_1_726' title='bbox 1557 4985 1714 5050; x_wconf 70' lang='lat' dir='ltr'><strong>eceimiam</strong></span> <span class='ocrx_word' id='word_1_727' title='bbox 1735 4983 1800 5048; x_wconf 86' lang='lat' dir='ltr'><strong>Dei</strong></span> <span class='ocrx_word' id='word_1_728' title='bbox 1827 4983 1865 5048; x_wconf 88' lang='lat' dir='ltr'><strong>ab</strong></span> <span class='ocrx_word' id='word_1_729' title='bbox 1892 4984 1960 5048; x_wconf 80' lang='lat' dir='ltr'><strong>titis</strong></span> <span class='ocrx_word' id='word_1_730' title='bbox 1986 4985 2172 5053; x_wconf 79' lang='lat' dir='ltr'><strong>radionatis</strong></span> <span class='ocrx_word' id='word_1_731' title='bbox 2191 4989 2288 5054; x_wconf 87' lang='lat' dir='ltr'><strong>altius</strong></span> <span class='ocrx_word' id='word_1_732' title='bbox 2307 4993 2415 5054; x_wconf 83' lang='lat' dir='ltr'><strong>trans·</strong></span> 
     </span>
     <span class='ocr_line' id='line_1_50' title="bbox 401 5064 2412 5161; baseline 0.005 -33"><span class='ocrx_word' id='word_1_733' title='bbox 401 5084 483 5146; x_wconf 93' lang='lat' dir='ltr'><strong>opus</strong></span> <span class='ocrx_word' id='word_1_734' title='bbox 505 5064 629 5128; x_wconf 89' lang='lat' dir='ltr'><strong>bouum</strong></span> <span class='ocrx_word' id='word_1_735' title='bbox 651 5067 768 5130; x_wconf 87' lang='lat' dir='ltr'><strong>formet</strong></span> <span class='ocrx_word' id='word_1_736' title='bbox 789 5089 826 5133; x_wconf 90' lang='lat' dir='ltr'><strong>ac</strong></span> <span class='ocrx_word' id='word_1_737' title='bbox 849 5075 1024 5152; x_wconf 89' lang='lat' dir='ltr'><strong>comparet.</strong></span> <span class='ocrx_word' id='word_1_738' title='bbox 1432 5070 1573 5135; x_wconf 83' lang='lat' dir='ltr'><strong>scandere</strong></span> <span class='ocrx_word' id='word_1_739' title='bbox 1595 5070 1769 5152; x_wconf 80' lang='lat' dir='ltr'><strong>oportuerit,</strong></span> <span class='ocrx_word' id='word_1_740' title='bbox 1794 5070 1929 5152; x_wconf 75' lang='lat' dir='ltr'><strong>erpi-icat</strong></span> <span class='ocrx_word' id='word_1_741' title='bbox 1951 5069 2086 5136; x_wconf 83' lang='lat' dir='ltr'><strong>Ioarrnes</strong></span> <span class='ocrx_word' id='word_1_742' title='bbox 2106 5072 2412 5161; x_wconf 80' lang='lat' dir='ltr'><strong>Baptista-(Ionan.</strong></span> 
     </span>
    </p>

    <p class='ocr_par' dir='ltr' id='par_1_7' title="bbox 399 5147 2416 5760">
     <span class='ocr_line' id='line_1_51' title="bbox 490 5147 2415 5243; baseline 0.008 -32"><span class='ocrx_word' id='word_1_743' title='bbox 490 5154 538 5212; x_wconf 88' lang='grc'><strong>15.</strong></span> <span class='ocrx_word' id='word_1_744' title='bbox 585 5147 679 5230; x_wconf 83' lang='lat' dir='ltr'><strong>Quae</strong></span> <span class='ocrx_word' id='word_1_745' title='bbox 718 5174 795 5217; x_wconf 89' lang='lat' dir='ltr'><strong>vero</strong></span> <span class='ocrx_word' id='word_1_746' title='bbox 829 5153 869 5218; x_wconf 90' lang='lat' dir='ltr'><strong>de</strong></span> <span class='ocrx_word' id='word_1_747' title='bbox 908 5154 1139 5221; x_wconf 85' lang='lat' dir='ltr'><strong>maledictione</strong></span> <span class='ocrx_word' id='word_1_748' title='bbox 1174 5155 1328 5221; x_wconf 89' lang='lat' dir='ltr'><strong>dicuntur</strong></span> <span class='ocrx_word' id='word_1_749' title='bbox 1361 5180 1381 5222; x_wconf 92' lang='lat' dir='ltr'><strong>a</strong></span> <span class='ocrx_word' id='word_1_750' title='bbox 1436 5156 1556 5241; x_wconf 84' lang='lat'><strong>1,17);</strong></span> <span class='ocrx_word' id='word_1_751' title='bbox 1582 5157 1663 5238; x_wconf 77' lang='lat' dir='ltr'><strong>quod</strong></span> <span class='ocrx_word' id='word_1_752' title='bbox 1685 5156 1734 5220; x_wconf 79' lang='lat' dir='ltr'><strong>les</strong></span> <span class='ocrx_word' id='word_1_753' title='bbox 1749 5176 1811 5236; x_wconf 87' lang='lat' dir='ltr'><strong>per</strong></span> <span class='ocrx_word' id='word_1_754' title='bbox 1834 5154 1944 5221; x_wconf 85' lang='lat' dir='ltr'><strong>Mosen</strong></span> <span class='ocrx_word' id='word_1_755' title='bbox 1964 5157 2039 5221; x_wconf 84' lang='lat' dir='ltr'><strong>data</strong></span> <span class='ocrx_word' id='word_1_756' title='bbox 2060 5159 2110 5238; x_wconf 85' lang='lat' dir='ltr'><strong>sit,</strong></span> <span class='ocrx_word' id='word_1_757' title='bbox 2131 5161 2239 5243; x_wconf 83' lang='lat' dir='ltr'><strong>pratia</strong></span> <span class='ocrx_word' id='word_1_758' title='bbox 2259 5165 2363 5225; x_wconf 67' lang='lat' dir='ltr'><strong>aman</strong></span> <span class='ocrx_word' id='word_1_759' title='bbox 2383 5162 2415 5224; x_wconf 69' lang='lat' dir='ltr'><strong><em>d</em></strong></span> 
     </span>
     <span class='ocr_line' id='line_1_52' title="bbox 399 5234 2415 5332; baseline 0.005 -31"><span class='ocrx_word' id='word_1_760' title='bbox 399 5236 520 5314; x_wconf 89' lang='lat' dir='ltr'><strong>Paulo,</strong></span> <span class='ocrx_word' id='word_1_761' title='bbox 552 5257 619 5300; x_wconf 92' lang='lat' dir='ltr'><strong>non</strong></span> <span class='ocrx_word' id='word_1_762' title='bbox 653 5234 694 5300; x_wconf 92' lang='lat' dir='ltr'><strong>ad</strong></span> <span class='ocrx_word' id='word_1_763' title='bbox 709 5237 956 5332; x_wconf 30' lang='lat' dir='ltr'><strong>‘institutionem</strong></span> <span class='ocrx_word' id='word_1_764' title='bbox 982 5240 1088 5324; x_wconf 89' lang='lat' dir='ltr'><strong>ipsam</strong></span> <span class='ocrx_word' id='word_1_765' title='bbox 1112 5243 1292 5325; x_wconf 90' lang='lat' dir='ltr'><strong>pertinere,</strong></span> <span class='ocrx_word' id='word_1_766' title='bbox 1323 5243 1380 5308; x_wconf 91' lang='lat' dir='ltr'><strong>sed</strong></span> <span class='ocrx_word' id='word_1_767' title='bbox 1432 5243 1547 5308; x_wconf 85' lang='lat' dir='ltr'><strong>veritas</strong></span> <span class='ocrx_word' id='word_1_768' title='bbox 1564 5264 1626 5324; x_wconf 90' lang='lat' dir='ltr'><strong>per</strong></span> <span class='ocrx_word' id='word_1_769' title='bbox 1647 5241 1755 5305; x_wconf 86' lang='lat' dir='ltr'><strong>Iesum</strong></span> <span class='ocrx_word' id='word_1_770' title='bbox 1780 5241 1874 5322; x_wconf 77' lang='lat' dir='ltr'><strong>sacta</strong></span> <span class='ocrx_word' id='word_1_771' title='bbox 1923 5243 2015 5322; x_wconf 79' lang='lat' dir='ltr'><strong>Quia,</strong></span> <span class='ocrx_word' id='word_1_772' title='bbox 2044 5245 2101 5309; x_wconf 89' lang='lat' dir='ltr'><strong>etsi</strong></span> <span class='ocrx_word' id='word_1_773' title='bbox 2122 5267 2191 5311; x_wconf 86' lang='lat' dir='ltr'><strong>uere</strong></span> <span class='ocrx_word' id='word_1_774' title='bbox 2212 5247 2348 5328; x_wconf 61' lang='lat' dir='ltr'><strong>afflatio</strong></span> <span class='ocrx_word' id='word_1_775' title='bbox 2373 5245 2415 5310; x_wconf 75' lang='lat' dir='ltr'><strong>in</strong></span> 
     </span>
     <span class='ocr_line' id='line_1_53' title="bbox 401 5322 2416 5413; baseline 0.005 -28"><span class='ocrx_word' id='word_1_776' title='bbox 401 5322 508 5386; x_wconf 91' lang='lat' dir='ltr'><strong>solum</strong></span> <span class='ocrx_word' id='word_1_777' title='bbox 529 5322 573 5386; x_wconf 86' lang='lat' dir='ltr'><strong>ad</strong></span> <span class='ocrx_word' id='word_1_778' title='bbox 594 5324 867 5404; x_wconf 86' lang='lat' dir='ltr'><strong>constrmgendae</strong></span> <span class='ocrx_word' id='word_1_779' title='bbox 889 5327 1104 5394; x_wconf 88' lang='lat' dir='ltr'><strong>conscientiae</strong></span> <span class='ocrx_word' id='word_1_780' title='bbox 1121 5329 1155 5394; x_wconf 84' lang='lat' dir='ltr'><strong>vi</strong></span> <span class='ocrx_word' id='word_1_781' title='bbox 1178 5349 1278 5408; x_wconf 89' lang='lat' dir='ltr'><strong>orem,</strong></span> <span class='ocrx_word' id='word_1_782' title='bbox 1302 5349 1380 5393; x_wconf 92' lang='lat' dir='ltr'><strong>con·</strong></span> <span class='ocrx_word' id='word_1_783' title='bbox 1433 5329 1583 5393; x_wconf 62' lang='lat' dir='ltr'><strong>omnbus</strong></span> <span class='ocrx_word' id='word_1_784' title='bbox 1604 5327 1771 5408; x_wconf 73' lang='lat' dir='ltr'><strong>sacrifieiis</strong></span> <span class='ocrx_word' id='word_1_785' title='bbox 1786 5328 1949 5409; x_wconf 72' lang='lat' dir='ltr'><strong>mamhra</strong></span> <span class='ocrx_word' id='word_1_786' title='bbox 1965 5328 2036 5409; x_wconf 69' lang='lat' dir='ltr'><strong>fuit,</strong></span> <span class='ocrx_word' id='word_1_787' title='bbox 2056 5335 2085 5395; x_wconf 89' lang='lat' dir='ltr'><strong>et</strong></span> <span class='ocrx_word' id='word_1_788' title='bbox 2105 5351 2181 5396; x_wconf 87' lang='lat' dir='ltr'><strong>arca</strong></span> <span class='ocrx_word' id='word_1_789' title='bbox 2196 5332 2331 5413; x_wconf 71' lang='lat' dir='ltr'><strong>foedais</strong></span> <span class='ocrx_word' id='word_1_790' title='bbox 2347 5349 2416 5396; x_wconf 59' lang='lat' dir='ltr'><strong>cem</strong></span> 
     </span>
     <span class='ocr_line' id='line_1_54' title="bbox 401 5350 2416 5507; baseline 0.006 -35"><span class='ocrx_word' id='word_1_791' title='bbox 401 5413 486 5507; x_wconf 37' lang='lat' dir='ltr'><strong>stat..</strong></span> <span class='ocrx_word' id='word_1_792' title='bbox 519 5407 595 5472; x_wconf 90' lang='lat' dir='ltr'><strong>Non</strong></span> <span class='ocrx_word' id='word_1_793' title='bbox 628 5407 716 5472; x_wconf 92' lang='lat' dir='ltr'><strong>enim</strong></span> <span class='ocrx_word' id='word_1_794' title='bbox 749 5407 853 5472; x_wconf 91' lang='lat' dir='ltr'><strong>solum</strong></span> <span class='ocrx_word' id='word_1_795' title='bbox 882 5410 980 5507; x_wconf 30' lang='lat' dir='ltr'><strong>&#39;dmet</strong></span> <span class='ocrx_word' id='word_1_796' title='bbox 1011 5414 1082 5493; x_wconf 83' lang='lat' dir='ltr'><strong>lex,</strong></span> <span class='ocrx_word' id='word_1_797' title='bbox 1117 5350 1178 5479; x_wconf 77' lang='lat' dir='ltr'><strong>sed</strong></span> <span class='ocrx_word' id='word_1_798' title='bbox 1206 5415 1380 5497; x_wconf 89' lang='lat' dir='ltr'><strong>imperiose</strong></span> <span class='ocrx_word' id='word_1_799' title='bbox 1432 5421 1498 5479; x_wconf 90' lang='lat' dir='ltr'><strong>tum</strong></span> <span class='ocrx_word' id='word_1_800' title='bbox 1513 5414 1577 5496; x_wconf 74' lang='lat' dir='ltr'><strong>suit</strong></span> <span class='ocrx_word' id='word_1_801' title='bbox 1591 5415 1720 5495; x_wconf 86' lang='lat' dir='ltr'><strong>paterni</strong></span> <span class='ocrx_word' id='word_1_802' title='bbox 1736 5413 1800 5478; x_wconf 86' lang='lat' dir='ltr'><strong>Dei</strong></span> <span class='ocrx_word' id='word_1_803' title='bbox 1818 5413 1939 5494; x_wconf 75' lang='lat' dir='ltr'><strong>faunis</strong></span> <span class='ocrx_word' id='word_1_804' title='bbox 1953 5415 2081 5498; x_wconf 76' lang='lat' dir='ltr'><strong>pipam,</strong></span> <span class='ocrx_word' id='word_1_805' title='bbox 2103 5415 2158 5482; x_wconf 88' lang='lat' dir='ltr'><strong>hoc</strong></span> <span class='ocrx_word' id='word_1_806' title='bbox 2174 5422 2270 5483; x_wconf 76' lang='lat' dir='ltr'><strong>mium</strong></span> <span class='ocrx_word' id='word_1_807' title='bbox 2286 5415 2416 5483; x_wconf 82' lang='lat' dir='ltr'><strong>umbra·</strong></span> 
     </span>
     <span class='ocr_line' id='line_1_55' title="bbox 401 5490 2416 5586; baseline 0.007 -31"><span class='ocrx_word' id='word_1_808' title='bbox 401 5500 505 5576; x_wconf 79' lang='lat' dir='ltr'><strong>exigit</strong></span> <span class='ocrx_word' id='word_1_809' title='bbox 537 5493 625 5576; x_wconf 91' lang='lat' dir='ltr'><strong>quod</strong></span> <span class='ocrx_word' id='word_1_810' title='bbox 657 5490 800 5557; x_wconf 88' lang='lat' dir='ltr'><strong>mandat.</strong></span> <span class='ocrx_word' id='word_1_811' title='bbox 853 5494 892 5559; x_wconf 79' lang='lat' dir='ltr'><strong>Si</strong></span> <span class='ocrx_word' id='word_1_812' title='bbox 918 5517 985 5561; x_wconf 93' lang='lat' dir='ltr'><strong>non</strong></span> <span class='ocrx_word' id='word_1_813' title='bbox 1012 5500 1220 5578; x_wconf 79' lang='lat' dir='ltr'><strong>exhibeatur,</strong></span> <span class='ocrx_word' id='word_1_814' title='bbox 1252 5502 1319 5566; x_wconf 93' lang='lat' dir='ltr'><strong>imo</strong></span> <span class='ocrx_word' id='word_1_815' title='bbox 1351 5501 1380 5567; x_wconf 92' lang='lat' dir='ltr'><strong>si</strong></span> <span class='ocrx_word' id='word_1_816' title='bbox 1432 5501 1485 5565; x_wconf 81' lang='lat' dir='ltr'><strong>tile</strong></span> <span class='ocrx_word' id='word_1_817' title='bbox 1503 5501 1624 5582; x_wconf 71' lang='lat' dir='ltr'><strong>fuisset,</strong></span> <span class='ocrx_word' id='word_1_818' title='bbox 1647 5500 1711 5564; x_wconf 89' lang='lat' dir='ltr'><strong>nisi</strong></span> <span class='ocrx_word' id='word_1_819' title='bbox 1732 5501 1767 5563; x_wconf 90' lang='lat' dir='ltr'><strong>in</strong></span> <span class='ocrx_word' id='word_1_820' title='bbox 1787 5498 1906 5564; x_wconf 79' lang='lat' dir='ltr'><strong>Christi</strong></span> <span class='ocrx_word' id='word_1_821' title='bbox 1925 5502 2032 5583; x_wconf 81' lang='lat' dir='ltr'><strong>pratia</strong></span> <span class='ocrx_word' id='word_1_822' title='bbox 2051 5502 2227 5583; x_wconf 64' lang='lat' dir='ltr'><strong>fundauit,</strong></span> <span class='ocrx_word' id='word_1_823' title='bbox 2248 5503 2416 5586; x_wconf 66' lang='lat' dir='ltr'><strong>ubirepe·</strong></span> 
     </span>
     <span class='ocr_line' id='line_1_56' title="bbox 402 5578 2415 5671; baseline 0.006 -29"><span class='ocrx_word' id='word_1_824' title='bbox 402 5598 466 5660; x_wconf 88' lang='lat' dir='ltr'><strong>qua</strong></span> <span class='ocrx_word' id='word_1_825' title='bbox 487 5580 522 5642; x_wconf 90' lang='lat' dir='ltr'><strong>in</strong></span> <span class='ocrx_word' id='word_1_826' title='bbox 540 5588 632 5661; x_wconf 88' lang='lat' dir='ltr'><strong>parte</strong></span> <span class='ocrx_word' id='word_1_827' title='bbox 655 5578 696 5644; x_wconf 89' lang='lat' dir='ltr'><strong>ab</strong></span> <span class='ocrx_word' id='word_1_828' title='bbox 710 5578 980 5661; x_wconf 87' lang='lat' dir='ltr'><strong>officiocessetur,</strong></span> <span class='ocrx_word' id='word_1_829' title='bbox 1003 5585 1380 5652; x_wconf 81' lang='lat' dir='ltr'><strong>maledictionisfirlmen</strong></span> <span class='ocrx_word' id='word_1_830' title='bbox 1432 5589 1516 5653; x_wconf 86' lang='lat' dir='ltr'><strong>ritur</strong></span> <span class='ocrx_word' id='word_1_831' title='bbox 1537 5588 1638 5653; x_wconf 83' lang='lat' dir='ltr'><strong>satida</strong></span> <span class='ocrx_word' id='word_1_832' title='bbox 1660 5591 1844 5666; x_wconf 72' lang='lat' dir='ltr'><strong>cannaque</strong></span> <span class='ocrx_word' id='word_1_833' title='bbox 1864 5587 2028 5652; x_wconf 84' lang='lat' dir='ltr'><strong>stabilitas.</strong></span> <span class='ocrx_word' id='word_1_834' title='bbox 2072 5588 2141 5652; x_wconf 86' lang='lat' dir='ltr'><strong>Hoc</strong></span> <span class='ocrx_word' id='word_1_835' title='bbox 2162 5590 2288 5670; x_wconf 83' lang='lat' dir='ltr'><strong>quidem</strong></span> <span class='ocrx_word' id='word_1_836' title='bbox 2305 5589 2415 5671; x_wconf 66' lang='lat' dir='ltr'><strong>simum</strong></span> 
     </span>
     <span class='ocr_line' id='line_1_57' title="bbox 403 5663 2416 5760; baseline 0.008 -34"><span class='ocrx_word' id='word_1_837' title='bbox 403 5664 544 5747; x_wconf 87' lang='lat' dir='ltr'><strong>stringit.</strong></span> <span class='ocrx_word' id='word_1_838' title='bbox 589 5664 663 5730; x_wconf 88' lang='lat' dir='ltr'><strong>Hac</strong></span> <span class='ocrx_word' id='word_1_839' title='bbox 690 5663 817 5729; x_wconf 88' lang='lat' dir='ltr'><strong>ratione</strong></span> <span class='ocrx_word' id='word_1_840' title='bbox 852 5665 932 5731; x_wconf 89' lang='lat' dir='ltr'><strong>dicit</strong></span> <span class='ocrx_word' id='word_1_841' title='bbox 958 5670 1124 5752; x_wconf 87' lang='lat' dir='ltr'><strong>apostolus</strong></span> <span class='ocrx_word' id='word_1_842' title='bbox 1147 5672 1236 5757; x_wconf 81' lang='lat' dir='ltr'><strong>(Gal.</strong></span> <span class='ocrx_word' id='word_1_843' title='bbox 1259 5673 1379 5758; x_wconf 83' lang='lat'><strong>3,10),</strong></span> <span class='ocrx_word' id='word_1_844' title='bbox 1432 5679 1572 5754; x_wconf 86' lang='lat' dir='ltr'><strong>mancat,</strong></span> <span class='ocrx_word' id='word_1_845' title='bbox 1600 5673 1744 5756; x_wconf 77' lang='lat' dir='ltr'><strong>quamuis</strong></span> <span class='ocrx_word' id='word_1_846' title='bbox 1770 5672 1891 5738; x_wconf 87' lang='lat' dir='ltr'><strong>servari</strong></span> <span class='ocrx_word' id='word_1_847' title='bbox 1914 5673 2062 5738; x_wconf 84' lang='lat' dir='ltr'><strong>desierint</strong></span> <span class='ocrx_word' id='word_1_848' title='bbox 2081 5675 2164 5738; x_wconf 87' lang='lat' dir='ltr'><strong>ritus</strong></span> <span class='ocrx_word' id='word_1_849' title='bbox 2186 5676 2312 5760; x_wconf 68' lang='lat' dir='ltr'><strong>hyda,</strong></span> <span class='ocrx_word' id='word_1_850' title='bbox 2340 5677 2416 5758; x_wconf 83' lang='lat' dir='ltr'><strong>ipso</strong></span> 
     </span>
    </p>
   </div>
   <div class='ocr_carea' id='block_1_7' title="bbox 0 0 2816 6804">
    <p class='ocr_par' dir='ltr' id='par_1_8' title="bbox 0 0 2816 6804">
     <span class='ocr_line' id='line_1_58' title="bbox 0 0 2816 6804; baseline 0 0"><span class='ocrx_word' id='word_1_851' title='bbox 0 0 2816 6804; x_wconf 95' lang='lat' dir='ltr'><strong> </strong></span> 
     </span>
    </p>
   </div>
  </div>
 </body>
</html>
