5600 6809
538 738 599 804 let
1068 755 1073 762 '
1183 734 1449 804 utsmuuulo
1470 734 1575 799 Rue.
1598 732 1778 801 CHRIS'P.
1804 737 1896 798 1559.
2000 787 2004 793 .
2479 737 2543 798 184

541 928 677 1013 gineis
698 947 758 990 nos
780 924 936 1009 derivari)
960 926 1056 991 simul
1078 933 1188 990 tamen
1206 934 1240 991 et
1256 925 1425 1007 proprium
1442 922 1517 988 uni-
1569 925 1629 986 tem
1649 925 1788 988 caecitati
1822 929 1849 987 et
1878 943 1930 988 cor
1949 922 2104 1005 pravitati
2136 922 2295 987 mulctum
2320 940 2392 986 esse.
2439 921 2544 1002 Atque

542 1015 659 1095 cuique
681 1011 806 1076 asserit
850 1012 896 1074 Et
918 1013 1080 1092 apostolus
1096 1013 1167 1094 ipse
1188 1010 1400 1076 disertissime
1417 1016 1517 1074 testa-
1569 1009 1694 1072 tertium
1715 1010 1797 1075 illud
1818 1011 1861 1074 ud
1884 1009 2043 1073 Romaum
2067 1013 2161 1088 caput
2178 1007 2261 1072 uiuit
2276 1006 2367 1073 atiud
2383 1013 2429 1071 est
2445 1027 2543 1088 quum

544 1095 872 1180 tur(Rom.5,12),
902 1097 974 1171 ideo
999 1104 1138 1162 mortem
1166 1098 1201 1161 in
1223 1118 1335 1160 omnes
1357 1116 1517 1178 pervaga-
1571 1094 1740 1176 aarum
1758 1097 1880 1176 petam
1907 1095 2080 1174 casuue.
2133 1092 2175 1158 Id
2196 1113 2235 1157 eu
2262 1094 2458 1157 renovatione
2478 1093 2544 1157 clo-

544 1192 614 1249 tam
635 1183 720 1265 quod
742 1204 854 1246 omnes
872 1182 1045 1264 peccarint,
1069 1181 1103 1246 id
1124 1188 1182 1261 est,
1205 1181 1344 1246 involuti
1367 1183 1433 1246 sint
1454 1181 1518 1244 ori·
1570 1181 1641 1243 rius
1656 1185 1753 1261 potet.
1799 1180 1886 1245 Nam
1906 1181 2049 1262 spiratus,
2071 1181 2126 1260 qui
2145 1180 2240 1243 ueteri
2262 1179 2381 1243 homiui
2402 1183 2430 1242 et
2450 1177 2544 1243 curm

504 1325 507 1331 .
545 1269 648 1354 ginali
680 1275 811 1351 peccato
844 1276 877 1332 et
908 1269 977 1333 eius
1014 1269 1151 1334 maculis
1181 1268 1352 1350 inquinati.
1409 1268 1518 1348 Atque
1570 1267 1752 1346 opponitur,
1786 1287 1849 1331 uou
1880 1267 1969 1330 muodo
1999 1267 2138 1348 prata'am
2169 1270 2253 1328 notat
2282 1285 2346 1344 qua
2377 1266 2546 1346 aerque

544 1355 618 1420 ideo
639 1356 782 1419 infantes
809 1374 936 1436 quoque
961 1353 1038 1435 ipsi,
1071 1353 1148 1417 dum
1177 1375 1271 1418 suam
1293 1374 1403 1418 secum
1427 1351 1518 1415 dam·
1570 1351 1704 1432 inferior
1718 1370 1803 1432 porc
1831 1354 1957 1416 animae
1983 1351 2227 1427 celeusmatis,
2255 1350 2309 1415 scd
2328 1350 2459 1429 plemam
2479 1369 2544 1413 oru-

545 1440 710 1505 nationem
738 1461 759 1503 a
781 1440 895 1502 matris
921 1446 1013 1502 utero
1042 1440 1198 1517 afferunt,
1228 1460 1295 1503 non
1316 1439 1437 1516 alieno,
1461 1436 1519 1501 sed
1569 1437 1659 1499 uicum
1691 1439 1837 1519 portium
1880 1432 2127 1520 reformiutioucm
2170 1436 2384 1516 complectitur.
2438 1435 2546 1516 Atque

552 1547 612 1590 suo
642 1526 788 1608 ipsorum
816 1524 897 1588 vitio
929 1531 1008 1588 sunt
1046 1525 1202 1590 obstricti.
1258 1525 1346 1588 Nam
1386 1522 1519 1587 tametsi
1570 1523 1638 1586 idco
1663 1521 1788 1588 Paulus
1819 1522 1919 1606 (Eph.
1939 1527 1969 1599 4,
1989 1520 2045 1605 23)
2069 1542 2131 1585 uon
2158 1525 2279 1584 motum
2303 1540 2426 1585 crassos
2451 1537 2568 1602 appe*

545 1632 624 1676 suae
641 1610 820 1693 iniquitatis
841 1609 965 1673 fructus
986 1609 1134 1674 nondum
1155 1610 1365 1694 protulerint,
1394 1608 1519 1673 habent
1571 1609 1645 1671 titus
1666 1608 1702 1673 iu
1722 1607 1859 1695 nibilum
1879 1609 1994 1690 redipi,
2020 1608 2075 1672 sed
2095 1626 2152 1671 uos
2179 1607 2297 1686 spiritu
2323 1608 2436 1671 mentis
2455 1626 2545 1671 reuo-

544 1704 656 1760 tamen
682 1697 717 1760 in
739 1716 774 1759 se
794 1694 955 1759 inclusum
977 1716 1104 1774 semen,
1133 1696 1200 1760 imo
1227 1702 1297 1760 tate
1325 1716 1438 1760 eorum
1460 1713 1518 1758 na·
1570 1693 1642 1780 ouri
1663 1695 1760 1774 tuta·
1790 1695 1871 1758 sicca
1897 1695 1993 1758 etiam
2023 1693 2103 1757 alibi
2131 1692 2241 1775 (Rom.
2263 1695 2311 1771 12,
2330 1691 2366 1775 2)
2392 1691 2546 1774 transfor·

545 1789 620 1846 tura
646 1780 808 1863 quoddam
835 1788 886 1844 est
911 1781 1034 1862 peccati
1061 1802 1187 1860 semen;
1216 1781 1288 1845 ideo
1316 1801 1383 1844 uon
1408 1779 1519 1844 odiosa
1570 1780 1655 1843 mum
1675 1800 1732 1845 uos
1748 1780 1829 1844 iubet
1844 1781 1882 1843 iu
1897 1781 2030 1844 cordate
2045 1779 2164 1843 meretis.
2203 1777 2289 1843 Unde
2305 1780 2453 1858 aequitem,
2465 1798 2546 1858 par-

546 1878 580 1932 et
601 1864 824 1931 abominabilis
845 1866 918 1929 Deo
946 1888 1016 1931 esse
1044 1887 1111 1931 non
1138 1872 1253 1949 potest.
1306 1865 1393 1931 Uude
1420 1867 1519 1947 sepeu-
1570 1870 1630 1928 tem
1650 1866 1749 1943 illam
1771 1866 1806 1928 iu
1822 1885 1887 1946 qua
1903 1865 2039 1928 marimo
2055 1864 2187 1946 refulpet
2204 1865 2330 1928 animae
2344 1864 2559 1943 praestantia,

495 1952 496 1957 ’
545 1958 612 2029 tur,
634 1953 764 2032 proprie
791 1971 895 2014 corum
924 1950 990 2016 Deo
1018 1954 1133 2017 cessem
1160 1957 1321 2034 peecatum
1349 1953 1427 2031 quio
1458 1971 1519 2014 uou
1570 1956 1598 2014 et
1618 1950 1772 2028 mutua,
1793 1971 1855 2014 uou
1871 1951 1960 2015 modo
1977 1949 2172 2013 vulneratam
2189 1949 2333 2027 receset
2355 1950 2402 2013 ita
2418 1968 2547 2030 comp-

546 2042 750 2103 occaecatus
786 2036 901 2116 absque
928 2038 1030 2120 culpa
1078 2037 1230 2102 Alterum
1257 2038 1368 2103 dando
1395 2036 1518 2113 amedu,
1570 2041 1643 2113 tam,
1665 2041 1700 2099 ut
1720 2057 1779 2100 uon
1801 2037 1890 2101 modo
1911 2034 2038 2113 samri,
2066 2036 2120 2099 sect
2141 2054 2252 2100 uooom
2273 2054 2374 2116 prope
2395 2039 2546 2101 naturam

547 2122 633 2205 quod
653 2122 733 2186 haec
755 2122 953 2204 perversitas
974 2143 1142 2206 nunquam
1160 2125 1196 2186 in
1218 2124 1310 2188 uobis
1328 2131 1443 2199 cessat,
1462 2120 1518 2185 sed
1571 2122 1700 2185 iuduere
1727 2142 1806 2201 opus
1832 2121 1948 2186 tuear.
1996 2121 2156 2201 Quamne
2175 2125 2204 2184 et
2223 2125 2352 2184 menum
2376 2125 2406 2184 et
2426 2140 2478 2184 cor
2495 2140 2545 2185 ce-

545 2221 646 2273 novos
675 2206 803 2272 assidue
829 2209 954 2272 fructus
981 2209 1080 2290 parit:
1109 2223 1148 2273 ea
1173 2208 1305 2286 scilicet,
1334 2229 1417 2291 quae
1443 2214 1519 2270 ante
1571 2212 1659 2287 cupet
1675 2212 1844 2287 peceatcuu,
1865 2227 1938 2271 moe
1959 2206 2139 2271 uidebimus.
2182 2205 2247 2269 Hic
2273 2211 2395 2270 muturu
2414 2205 2546 2270 merum

546 2293 785 2375 descripsimus,
809 2312 908 2375 opera
925 2295 1048 2372 carnis;
1066 2314 1133 2358 non
1155 2315 1247 2358 secus
1269 2301 1365 2377 atque
1387 2293 1520 2357 incensa
1572 2295 1721 2375 atttupere
1741 2293 1837 2372 uolui,
1859 2298 1953 2357 totum
1969 2291 2124 2356 homiuem
2145 2292 2239 2372 quusi
2261 2291 2381 2376 dilupc‘o
2401 2311 2424 2355 a
2443 2293 2546 2372 capite

545 2380 662 2443 fornax
692 2380 858 2442 flammam
884 2385 918 2441 et
948 2379 1106 2444 scintillas
1133 2381 1237 2457 efflat,
1272 2388 1328 2447 aut
1355 2378 1519 2460 scaturigo
1572 2379 1615 2443 ad
1626 2379 1723 2458 pedes
1739 2379 1784 2443 sic
1803 2379 1905 2460 fuisse
1921 2377 2077 2456 ouum,
2104 2382 2140 2441 ut
2165 2377 2257 2442 uulta
2273 2396 2355 2457 pars
2382 2398 2404 2440 a
2418 2382 2546 2459 peceato

546 2486 667 2547 aquam
685 2464 755 2528 sine
776 2464 842 2527 fine
860 2465 972 2547 egerit.
1017 2463 1129 2544 Quare
1150 2466 1205 2546 qui
1227 2472 1396 2547 peccatum
1419 2464 1519 2546 origi-
1572 2465 1615 2528 su
1636 2465 1803 2545 immuuie,·
1832 2485 1869 2529 ca
1889 2465 2025 2544 moiude
2052 2463 2204 2544 quidquid
2229 2463 2269 2526 ab
2295 2483 2328 2526 eo
2340 2463 2483 2544 procedit
2508 2463 2546 2527 iu

547 2550 622 2614 nale
644 2548 840 2614 definierunt
861 2551 1039 2614 carentiam
1060 2551 1202 2615 iustitiae
1225 2550 1402 2633 originalis,
1425 2569 1520 2631 ptam
1568 2555 1728 2631 peccatum
1749 2551 1910 2631 imputari.
1958 2549 2046 2614 Sicut
2067 2548 2144 2615 ciat
2166 2548 2291 2613 Paulus
2317 2548 2428 2631 (Rom.
2448 2553 2478 2625 8,
2498 2548 2544 2631 7),

541 2636 647 2698 iuesse
667 2634 755 2698 uobis
776 2635 936 2714 oportebat,
965 2657 1151 2718 quanquam
1172 2635 1206 2699 id
1227 2643 1332 2700 totum
1360 2635 1520 2717 complec-
1573 2656 1676 2699 moues
1697 2636 1825 2716 offertus
1841 2637 1956 2713 caruis,
1978 2635 2026 2700 oet
2046 2635 2249 2717 aarum
2271 2654 2337 2698 esse
2356 2634 2546 2699 iuimicitias

548 2727 664 2783 tantur
683 2718 768 2800 quod
789 2721 824 2783 in
846 2742 882 2784 re
904 2727 961 2799 est,
984 2742 1050 2786 nou
1070 2729 1180 2786 tamen
1198 2722 1277 2787 eatis
1295 2723 1520 2805 significanter
1572 2723 1724 2786 advocas
1745 2721 1858 2798 Deum,
1880 2726 1911 2785 et
1928 2722 1998 2785 ideo
2018 2725 2152 2784 morters.

548 2805 615 2868 vim
639 2811 736 2886 atque
753 2806 919 2888 energiam
936 2806 1037 2888 ipsius
1055 2816 1294 2889 expresserunt.
1339 2807 1415 2871 Non
1433 2808 1521 2870 enim
1663 2811 1709 2870 10.
1754 2806 1844 2870 llant
1870 2827 1959 2870 nunc
1986 2806 2043 2888 qui
2070 2806 2180 2870 Deum
2208 2804 2276 2869 suis
2307 2804 2396 2870 vitiis
2427 2805 2546 2871 inseri·

548 2896 667 2953 netura
688 2899 800 2954 nostra
821 2891 896 2954 boni
917 2898 1045 2964 tantum
1073 2891 1168 2976 inops
1190 2904 1223 2957 et
1244 2892 1348 2958 vacua
1369 2900 1433 2970 est,
1464 2890 1521 2956 sed
1573 2894 1648 2957 bere
1671 2891 1800 2967 audent,
1829 2893 1905 2973 quia
1931 2891 2068 2956 dicimus
2094 2891 2289 2956 naturaliter
2314 2891 2446 2955 vitiosos
2472 2911 2547 2969 esse

548 2975 710 3038 malorum
739 2977 881 3039 omnium
913 2975 993 3042 adeo
1021 2978 1136 3043 fertilis
1165 2988 1200 3043 et
1221 2979 1328 3058 ferax,
1362 2987 1399 3042 ut
1419 2978 1521 3042 otiosa
1574 2978 1730 3041 homines.
1786 2975 1881 3059 Opus
1912 2978 1976 3041 Dei
2004 2998 2175 3059 perperam
2206 2978 2243 3041 in
2274 2997 2335 3041 sua
2365 2976 2548 3057 pollutione

548 3081 706 3125 essenon
729 3062 838 3143 possit.
873 3058 938 3141 Qui
957 3062 1112 3127 dixerunt
1129 3085 1200 3129 esse
1217 3064 1520 3146 concupiscentiam,
1573 3070 1771 3141 scrutantur,
1794 3063 1936 3144 quadiu
1958 3061 2015 3127 illa
2035 3065 2166 3146 integra
2182 3061 2290 3128 adhuc
2306 3069 2340 3126 et
2357 3063 2548 3144 incorrupta

550 3166 618 3208 non
639 3146 738 3210 nimis
760 3146 866 3210 alieno
885 3149 986 3212 verbo
1007 3148 1060 3213 usi
1081 3158 1166 3228 sunt,
1185 3151 1213 3214 si
1234 3149 1329 3213 medo
1347 3149 1522 3214 adderetur
1573 3148 1666 3213 Adae
1693 3156 1812 3213 natura
1837 3148 2004 3230 requirere
2033 3147 2220 3213 debuerant.
2264 3149 2297 3212 A
2325 3148 2432 3212 carnis
2465 3169 2484 3212 e

552 3229 652 3315 (quod
680 3232 814 3296 minime
844 3231 1030 3297 conceditur
1054 3255 1075 3299 a
1100 3234 1277 3319 plerisque)
1307 3233 1464 3317 quidquid
1484 3234 1521 3297 in
1572 3241 1704 3299 nostrae
1721 3234 1826 3317 culpa,
1844 3255 1910 3299 non
1928 3234 2030 3299 aDec
2047 3243 2160 3322 uestra
2175 3233 2315 3315 perditio
2331 3241 2396 3312 eet;
2413 3255 2504 3316 quan
2527 3255 2547 3299 ο

551 3315 683 3380 homine
705 3325 763 3394 est,
787 3318 827 3382 ab
845 3317 1013 3384 intellectu
1041 3319 1083 3384 ad
1103 3321 1321 3398 voluntatem,
1351 3321 1391 3385 ab
1413 3321 1522 3384 anima
1573 3341 1639 3385 nen
1661 3320 1727 3385 alia
1747 3321 1874 3385 ratione
1894 3320 2062 3403 periimus,
2092 3321 2156 3385 nisi
2177 3319 2254 3401 quia
2275 3319 2548 3404 degeneravimus

550 3400 592 3465 ad
620 3423 752 3466 carnem
779 3424 895 3484 usque,
930 3404 991 3468 hac
1022 3407 1283 3488 concupiscentia
1313 3406 1523 3489 inquinatum
1574 3426 1594 3469 a
1625 3407 1732 3488 prima
1762 3416 1875 3492 nostra
1906 3404 2099 3471 conditione.
2148 3406 2263 3488 Neque
2295 3406 2348 3470 hic
2379 3404 2550 3488 obstrepat

550 3489 768 3570 refertumque
791 3510 875 3568 esse;
899 3496 963 3567 aut,
987 3497 1024 3554 ut
1045 3491 1177 3556 brevius
1196 3492 1392 3570 absolvatur,
1415 3500 1523 3556 totum
1574 3491 1744 3574 quispiam,
1766 3491 1909 3574 potuisse
1927 3492 2037 3555 Deum
2058 3499 2189 3556 nostrae
2206 3490 2306 3557 saluti
2331 3490 2447 3555 melius
2470 3511 2548 3573 prs·

550 3572 716 3637 hominem
735 3595 801 3639 non
823 3574 912 3638 aliud
933 3597 975 3639 ex
997 3597 1032 3640 se
1052 3577 1123 3659 ipso
1145 3598 1332 3659 essequam
1353 3578 1523 3659 concupis·
1574 3578 1699 3659 spicere
1710 3578 1738 3642 si
1748 3575 1842 3642 Adae
1854 3576 1961 3659 lapsui
1977 3578 2180 3642 occurrisset.
2225 3576 2313 3641 Nam
2329 3576 2465 3641 obiectio
2481 3577 2549 3640 ista

547 3660 697 3723 centiam.
1574 3683 1650 3726 cum
1671 3664 1711 3728 ob
1739 3663 1838 3727 nimis
1864 3662 2267 3729 audacem-curiositatem
2292 3662 2355 3745 piis
2381 3662 2548 3728 mentibus

636 3747 665 3806 9.
719 3744 921 3824 chaumbmm
952 3746 1023 3810 out
1053 3744 1178 3832 cunetas
1209 3749 1335 3818 cumeae
1361 3752 1471 3829 partas
1502 3769 1523 3811 a
1575 3747 1792 3827 abominanda
1816 3755 1877 3826 est,
1899 3755 1971 3813 tum
1993 3747 2035 3812 ad
2055 3747 2361 3831 praedestinationis
2388 3767 2548 3812 areanum

545 3832 670 3909 peccato
690 3829 790 3909 fuisse
801 3850 980 3910 possessas,
1007 3853 1046 3896 cu
1068 3853 1129 3913 quo
1151 3854 1172 3897 u
1188 3835 1273 3917 foute
1307 3835 1448 3898 iustitiae
1474 3835 1524 3899 de
1575 3834 1708 3914 attinet,
1742 3833 1829 3917 quod
1856 3855 1915 3900 suo
1941 3834 2012 3901 loco
2040 3843 2153 3916 postea
2186 3833 2388 3898 tractabitur.
2433 3831 2548 3914 Quare

549 3913 778 4010 soluendam.
826 3915 933 3995 Neque
954 3919 1036 3983 cuum
1064 3921 1221 4001 appetitus
1247 3925 1368 3985 tautum
1390 3921 1524 4000 inferior
1574 3920 1705 3984 ruinam
1733 3926 1879 3985 nostram
1907 3928 2044 3984 naturae
2066 3919 2291 4002 depravationi
2318 3917 2548 4003 imputandam

550 4018 620 4094 eum
638 3998 748 4076 clteart,
766 3999 821 4062 sed
838 4020 941 4066 arcem
957 4004 1061 4083 ipsam
1077 4007 1188 4070 meretis
1206 4007 1364 4086 occupauit
1384 4005 1523 4086 mfaudu
1574 4006 1827 4084 meminerimus,
1850 4027 1893 4070 ne
1914 4007 1949 4070 in
1971 4004 2081 4070 Deum
2106 4008 2215 4089 ipsum
2233 4013 2372 4070 naturae
2398 4015 2549 4070 sutorem

548 4085 709 4180 eripietur,
736 4089 763 4182 et
792 4084 835 4148 ud
855 4105 907 4150 cor
929 4089 1075 4152 tutimmu
1097 4093 1274 4170 penetrauit
1294 4091 1459 4171 sapatum
1489 4095 1524 4154 ut
1574 4093 1774 4174 stringamus
1796 4093 2042 4157 accusationem.
2087 4091 2234 4156 Haerere
2255 4090 2387 4173 quidem
2413 4091 2548 4157 exitiale

547 4168 701 4267 trepidum
722 4174 764 4234 set
785 4189 822 4233 uc
849 4172 991 4249 stultum,
1015 4177 1234 4257 corruptelam,
1263 4197 1342 4257 quae
1362 4178 1436 4241 iude
1456 4196 1523 4240 mu·
1574 4176 1655 4241 illud
1676 4177 1798 4242 vulnus
1818 4179 1853 4241 in
1880 4184 2000 4242 natura
2019 4199 2134 4242 verum
2156 4185 2219 4256 eet;
2246 4177 2304 4242 sed
2330 4177 2473 4242 multum
2494 4199 2548 4242 re-

548 4259 646 4332 uuoct,
668 4255 711 4320 ad
727 4255 889 4352 ‘sensuales
910 4262 1044 4338 tautum,
1070 4265 1107 4324 ut
1125 4268 1247 4340 oocaut,
1276 4268 1376 4327 motus
1396 4264 1523 4326 restriu-
1565 4264 1637 4328 fert
1663 4264 1878 4328 accesseritne
1906 4260 2053 4342 aliunde,
2088 4285 2130 4327 an
2160 4263 2200 4327 ab
2223 4263 2348 4346 origine
2378 4263 2546 4329 insederit

546 4360 624 4423 pere,
648 4345 703 4439 out
721 4342 860 4422 foramem
881 4363 989 4407 occare
1009 4345 1064 4423 qui
1086 4347 1186 4410 solam
1201 4354 1327 4428 partem
1353 4369 1433 4428 quae
1451 4349 1522 4414 utta
1574 4347 1712 4414 Constat
1733 4358 1842 4414 autem
1864 4370 1924 4431 per
1944 4357 2113 4430 peccatum
2135 4349 2296 4414 inflictum
2314 4349 2422 4415 fuisse.
2468 4349 2548 4413 Non

549 4427 742 4492 sensualitas
763 4431 807 4490 est
828 4428 870 4492 od
885 4434 1047 4509 peccatum
1069 4432 1199 4511 alliciat,
1223 4435 1330 4498 excitet
1352 4454 1389 4498 ao
1406 4434 1521 4498 tradat.
1574 4445 1624 4499 est
1655 4435 1758 4518 igitur
1796 4456 1856 4501 cur
1883 4454 2131 4516 conqueramur,
2163 4436 2229 4500 nisi
2257 4434 2297 4499 de
2328 4435 2422 4500 nobis
2453 4435 2546 4517 ipsis,
2577 4491 2582 4497 .

549 4511 669 4611 laquo
686 4532 829 4578 massam
846 4513 1005 4578 lucedium
1021 4515 1132 4580 deterit
1152 4518 1481 4597 PetrusLomhurdus,
1497 4518 1521 4603 ¹)
1574 4519 1662 4603 quod
1694 4521 1867 4604 diligenter
1903 4521 2075 4584 annotavit
2109 4522 2279 4603 scriptura.
2334 4521 2425 4586 Dicit
2454 4520 2547 4584 enim

547 4617 603 4676 quc
625 4600 725 4663 ecdem
754 4619 905 4680 quaereus
933 4603 1139 4691 aomtpous
1167 4603 1242 4667 elicit
1269 4605 1305 4668 iu
1330 4625 1424 4669 carue
1447 4625 1520 4682 esse,
1573 4606 1786 4671 Ecclesiastes
1812 4606 1856 4687 (t,
1876 4604 1946 4689 29):
1981 4604 2043 4670 hoc
2075 4607 2157 4686 scio,
2191 4607 2278 4690 quod
2311 4607 2426 4672 fecerit
2451 4606 2547 4671 Deus

547 4685 634 4780 teste⁸
648 4683 765 4763 Paulo,
794 4706 857 4750 uou
883 4687 1007 4766 quidem
1021 4689 1164 4768 proprie,
1188 4690 1243 4753 sed
1268 4692 1345 4770 quia
1373 4691 1408 4753 iu
1428 4710 1522 4754 carue
1575 4692 1739 4755 hominem
1767 4700 1907 4768 rectum;
1934 4691 1996 4772 ipsi
2024 4699 2132 4756 autem
2160 4693 2370 4776 quaesierunt
2397 4692 2460 4758 sibi
2486 4691 2546 4754 ad·

547 4786 652 4849 mopcs
678 4776 815 4850 apparet.
868 4771 968 4852 Quasi
994 4792 1064 4837 vero
1096 4778 1218 4838 tautum
1244 4781 1370 4855 purtem
1395 4777 1521 4840 uuiueae
1573 4777 1778 4841 inventiones
1799 4775 1928 4840 multas.
1972 4775 2108 4840 Homini
2131 4785 2261 4842 tantum
2287 4799 2384 4843 suum
2406 4777 2546 4842 exitium

549 4850 691 4951 desipuit·
709 4854 847 4953 Paulus,
870 4877 907 4921 ac
928 4878 990 4922 uou
1015 4863 1110 4922 totam
1135 4866 1284 4924 maturam
1311 4882 1391 4942 quae
1411 4881 1519 4941 super·
1573 4861 1823 4927 adscribendum
1844 4870 1988 4943 apparet,
2011 4883 2112 4944 quum
2133 4864 2199 4928 Dei
2221 4864 2423 4948 benignitate
2451 4864 2546 4928 recti-

548 4939 691 5034 uaturale
710 4946 833 5020 prateae
854 4944 1027 5024 opponitur.
1072 4943 1116 5009 Et
1139 4944 1266 5010 Paulus
1293 4966 1412 5012 muuem
1433 4947 1521 5011 dubi-
1572 4947 1719 5011 tudinem
1748 4947 1898 5028 adeptus,
1931 4968 1991 5012 sua
2018 4949 2088 5031 ipse
2116 4948 2280 5015 dementia
2305 4951 2341 5015 in
2362 4950 2545 5015 vanitatem

548 5026 693 5086 tctuomm
714 5025 808 5102 toltit,
822 5031 1061 5122 ,corrrcptiouem
1087 5032 1197 5095 docens
1224 5052 1287 5096 uou
1308 5033 1344 5096 iu
1364 5054 1431 5097 uuo
1452 5037 1520 5096 tau·
1572 5031 1723 5115 delapsus
1745 5033 1795 5096 sit.
2427 5066 2429 5070 ·

546 5112 614 5170 tum
628 5113 722 5189 parte
742 5109 912 5209 subeam,
941 5114 995 5178 sed
1022 5115 1107 5181 uitu't
1127 5140 1149 5181 a
1173 5118 1338 5200 mortifera
1364 5120 1432 5183 eius
1453 5118 1520 5182 tabe
1660 5124 1708 5183 ll.
1752 5118 1902 5183 Dicimus
1924 5139 2001 5202 ergo
2023 5120 2165 5185 naturali
2183 5121 2350 5186 hominem
2368 5121 2543 5186 vitiomtste
2574 5121 2576 5125 ’

541 5213 662 5292 paurum
689 5214 767 5271 esse,
798 5201 854 5257 aut
878 5216 1040 5265 sumerum.
1086 5201 1174 5268 Nam
1203 5202 1240 5267 de
1269 5205 1383 5268 odiosa
1403 5209 1522 5276 potura
1571 5203 1850 5286 corruptumsed
1872 5225 1954 5286 quae
1976 5213 2136 5270 enatura
2156 5228 2222 5271 non
2243 5208 2384 5272 fluxerit.
2427 5208 2461 5272 A
2481 5227 2542 5269 na·

493 5333 503 5348 .
547 5279 721 5377 desputaus,
745 5299 806 5343 uou
832 5285 953 5344 tautum
973 5285 1181 5366 iuordiuatos,
1204 5290 1259 5369 qui
1280 5295 1442 5372 appareret,
1465 5310 1520 5370 ap
1570 5299 1646 5354 tura
1665 5291 1800 5354 flumsse
1816 5310 1989 5372 negamus,
2016 5300 2054 5355 ut
2081 5292 2301 5374 significemus
2329 5291 2543 5360 adventiu‘am

541 5369 697 5444 petatuum
717 5369 817 5429 motus
838 5366 1051 5446 dumuat,.sed
1066 5375 1238 5456 praecipue
1258 5376 1411 5440 mamutii
1437 5395 1520 5438 utem
1570 5376 1676 5458 magis
1698 5396 1769 5441 esse
1790 5375 1979 5458 qualitatem
2000 5397 2083 5459 quae
2104 5377 2230 5442 homini
2250 5378 2418 5458 acciderit,
2442 5397 2543 5460 quam

1571 5460 1818 5526 substantialem
1854 5462 2087 5544 proprietatem
2124 5484 2207 5546 quae
2239 5465 2293 5530 ab·
2310 5463 2404 5530 initio
2434 5463 2543 5528 indita

1570 5548 1676 5613 fuerit.
1720 5547 1886 5613 Vacemus
1907 5556 2017 5612 tamen
2034 5549 2227 5628 naturalem,
2250 5570 2293 5614 ne
2310 5552 2383 5632 quis
2400 5551 2441 5617 ab
2458 5570 2542 5615 uno·

612 5636 641 5704 1)
658 5639 732 5692 Libr.
751 5638 776 5693 2.
795 5641 857 5694 dist.
874 5639 917 5694 31.
1569 5654 1696 5717 quoque
1716 5655 1820 5717 prava
1841 5633 2074 5699 consuetudine
2103 5636 2283 5717 comparari
2304 5643 2411 5719 putet,
2438 5656 2543 5720 quum
