5600 6809
717 1979 1118 2116 1111111
1158 1917 2084 2114 11111111111111

523 2257 565 2322 In
591 2257 697 2340 prima
725 2256 822 2320 huius
848 2255 953 2319 nestri
976 2255 1083 2336 operis
1105 2253 1263 2331 editione,
1293 2254 1369 2336 quia
1391 2275 1466 2318 eum
1488 2274 1586 2336 quem
1609 2275 1668 2336 pro
1696 2256 1858 2320 immensa
1885 2276 1945 2320 sua
1972 2254 2117 2321 bonitate
2139 2257 2301 2323 Dominus
2323 2279 2398 2323 sue·

395 2390 523 2435 cessum
544 2367 635 2433 dedit
654 2367 789 2431 minime
810 2367 1054 2449 exspectabam,
1083 2367 1213 2444 leviter,
1243 2366 1358 2429 maiori
1380 2386 1423 2429 ex
1443 2372 1536 2447 parte
1558 2364 1667 2446 (utin
1689 2367 1824 2431 minutis
1843 2365 1993 2449 operibus
2015 2368 2086 2431 fieri
2109 2368 2202 2448 solet)
2226 2368 2399 2434 defrmctus

367 2480 377 2492 ”
395 2502 502 2559 eram;
524 2500 641 2544 vemm
662 2500 766 2561 quum
786 2477 1013 2560 intelligerem,
1035 2499 1073 2542 eo
1095 2478 1225 2561 piorum
1245 2476 1313 2540 fere
1335 2477 1482 2540 omnium
1502 2476 1614 2541 favere
1636 2486 1810 2560 exceptum
1832 2499 1912 2556 esse,
1935 2500 2033 2561 quem
2052 2500 2222 2562 nunquam
2243 2488 2319 2545 vete
2341 2502 2398 2544 ex-

395 2602 515 2675 petere,
537 2589 661 2655 nedum
681 2608 813 2672 sperare
836 2610 936 2653 ausus
957 2589 1105 2654 fuissem:
1135 2598 1174 2652 ut
1201 2587 1284 2651 mihi
1310 2587 1385 2670 plus
1412 2587 1516 2650 multo
1538 2586 1657 2652 deferri
1679 2610 1721 2652 ex
1743 2590 1851 2653 animo
1874 2589 2055 2654 sentiebam
2076 2611 2175 2673 quam
2197 2612 2302 2655 essem
2324 2611 2399 2673 pro-

395 2703 547 2779 meritus,
580 2702 628 2765 ita
655 2720 794 2783 magnae
819 2699 1065 2783 ingratitudinis
1092 2699 1163 2764 fore
1189 2699 1304 2781 putavi
1325 2699 1389 2762 nisi
1417 2697 1498 2762 adeo
1519 2700 1690 2782 propensis
1717 2700 1753 2762 in
1774 2722 1827 2764 me
1857 2700 1988 2780 studiis,
2017 2722 2054 2767 ac
2075 2723 2183 2766 meam
2203 2702 2400 2767 industriam

397 2821 511 2897 sponte
538 2812 767 2890 invitantibus,
796 2811 991 2893 respondere
1018 2811 1135 2875 saltem
1162 2832 1222 2894 pre
1250 2831 1323 2874 mea
1352 2810 1510 2874 tenuitate
1538 2829 1681 2874 conarer.
1734 2810 1849 2892 Neque
1874 2812 1909 2876 id
1936 2812 2078 2878 secunda
2105 2821 2235 2878 tantum
2262 2813 2403 2879 editione

397 2925 531 3002 tentavi,
555 2922 612 2988 sed
634 2924 759 3005 quoties
781 2920 899 2986 deinde
921 2943 1078 2986 excusum
1099 2922 1163 2985 fuit
1187 2942 1267 3003 opus
1288 2920 1449 2985 nonnulla
1470 2921 1652 2985 accessione
1677 2921 1911 3005 locupletatum
1938 2924 2008 2987 fuit
2053 2924 2127 2989 Etsi
2150 2933 2262 2989 autem
2283 2925 2403 2991 laberis

397 3046 476 3101 tune
498 3035 638 3118 impensi
655 3056 708 3098 me
730 3055 796 3098 non
813 3031 1014 3114 poenitebat,
1038 3054 1207 3115 nunquam
1226 3039 1338 3096 tamen
1360 3031 1443 3095 mihi
1465 3024 1615 3110 satisfeci,
1639 3032 1742 3098 denec
1763 3033 1799 3096 in
1821 3034 1910 3099 hunc
1930 3034 2077 3099 ordinem
2099 3036 2155 3117 qui
2176 3058 2265 3102 nune
2286 3058 2403 3120 prepo-

396 3148 487 3212 nitur
509 3146 672 3230 digestum
693 3145 763 3209 fuit.
808 3143 905 3208 Nunc
927 3166 980 3208 me
1003 3143 1130 3208 dedisse
1152 3143 1280 3208 confido
1302 3142 1389 3225 qued
1410 3151 1521 3207 vestro
1543 3145 1689 3207 omnium
1715 3143 1834 3209 iudicio
1863 3145 2026 3227 probetur.
2069 3146 2167 3211 Certe
2189 3156 2312 3229 quanto
2333 3157 2403 3213 stu·

398 3258 451 3323 dio
478 3257 519 3322 ad
543 3277 676 3340 operam
697 3256 784 3320 hanc
811 3254 965 3320 ecclesiae
986 3255 1050 3319 Dei
1073 3253 1304 3337 praestandam
1326 3253 1532 3320 incubuerim
1552 3254 1755 3320 luculentum
1776 3251 2002 3320 testimenium
2023 3258 2169 3339 preferre
2196 3258 2286 3337 licet,
2318 3259 2403 3342 quod

397 3369 548 3453 proxima
569 3367 689 3452 hyeme
711 3367 792 3432 dum
814 3365 1042 3431 existimabam
1064 3387 1084 3429 a
1105 3366 1194 3430 febre
1216 3373 1377 3448 quartana
1398 3376 1538 3430 mertem
1559 3365 1643 3429 mihi
1665 3366 1866 3447 denuntiari,
1889 3389 1953 3450 quo
1974 3370 2079 3452 magis
2101 3368 2240 3452 urgebat
2261 3370 2424 3450 morbus,

399 3503 437 3547 eo
456 3482 566 3545 minus
588 3478 672 3543 mihi
692 3477 838 3561 peperci,
861 3476 965 3541 denec
986 3477 1110 3542 librum
1131 3478 1339 3558 superstitem
1360 3476 1594 3559 relinquerem,
1616 3479 1671 3560 qui
1693 3486 1763 3543 tam
1788 3479 1949 3562 benignae
1969 3480 2097 3561 piorum
2117 3481 2306 3546 invitationi
2327 3502 2404 3564 gra·

398 3595 480 3657 tiam
502 3591 645 3674 aliquam
666 3589 867 3672 rependeret.
913 3589 1105 3654 Maluissem
1127 3589 1277 3670 equidem
1299 3583 1406 3666 citiirs,
1428 3609 1545 3652 verum
1567 3594 1619 3653 sat
1639 3590 1703 3654 cito
1724 3590 1750 3655 si
1773 3595 1825 3654 sat
1845 3589 1936 3654 bene.
1981 3589 2175 3674 Opportune
2197 3600 2308 3657 autem
2329 3614 2404 3675 pro·

399 3703 485 3769 disse
507 3711 586 3767 tune
608 3702 730 3784 putabo
753 3700 808 3765 ubi
828 3721 958 3766 sensero
976 3700 1160 3765 uberiorem
1178 3698 1285 3764 adhue
1302 3721 1401 3782 quam
1419 3700 1558 3766 antehac
1575 3701 1719 3765 fructum
1735 3700 1877 3783 aliquem
1894 3702 2047 3767 ecclesiae
2064 3703 2129 3768 Dei
2146 3703 2301 3769 attulisse.
2331 3703 2405 3769 Hoe

399 3816 483 3880 mihi
508 3815 643 3879 unicum
667 3821 790 3878 votum.
841 3813 888 3876 Et
914 3834 992 3876 sane
1020 3832 1149 3876 meeum
1169 3811 1255 3874 male
1278 3819 1444 3895 ageretur,
1472 3812 1537 3877 nisi
1558 3813 1656 3877 unius
1678 3812 1742 3876 Dei
1765 3811 1998 3894 approbatione
2020 3821 2205 3893 contentus,
2228 3815 2282 3880 vel
2303 3816 2404 3880 stulta

401 3934 434 3991 et
456 3945 611 4010 perversa
631 3925 859 4007 imperitorum
879 3923 1059 4001 hominum,
1082 3922 1136 3987 vel
1158 3924 1271 4006 iniqua
1293 3930 1326 3986 et
1347 3923 1735 4006 malignaimproborum
1756 3923 1877 3988 iudicia
1898 3931 2147 3988 contemnerem.
2186 3927 2273 3991 Nam
2290 3947 2404 4009 quam·

400 4037 452 4103 vis
473 4039 565 4102 Deus
588 4042 622 4100 et
639 4034 842 4119 propagandi
863 4035 958 4118 regni
980 4035 1039 4112 sui,
1064 4041 1097 4098 et
1118 4032 1321 4099 adiuvandae
1343 4034 1493 4116 publicae
1514 4034 1666 4099 utilitatis
1689 4033 1795 4099 studio
1818 4036 1964 4098 animum
1986 4057 2096 4100 meum
2118 4039 2248 4120 penitus
2271 4038 2405 4103 addixe-

401 4149 459 4229 rit,
488 4147 571 4212 mihi
598 4167 726 4229 quoque
753 4146 852 4229 probe
874 4146 1021 4211 conscius
1048 4147 1126 4223 sim,
1153 4146 1262 4227 ipsum
1283 4155 1316 4209 et
1338 4146 1471 4229 angeles
1491 4152 1589 4210 testes
1612 4145 1766 4223 habeam,
1789 4146 1874 4209 nihil
1895 4168 1938 4210 ex
1959 4168 2023 4229 quo
2044 4149 2187 4213 officium
2209 4148 2349 4214 doctoris
2369 4151 2406 4214 in

401 4259 538 4326 ecelesia
559 4258 701 4340 suscepi,
729 4258 812 4321 mihi
838 4257 938 4321 fuisse
959 4257 1162 4338 propesitum
1183 4277 1283 4338 quam
1304 4257 1459 4321 ecelesiae
1481 4256 1649 4338 prodesse,
1678 4257 1839 4321 sinceram
1860 4259 1990 4339 pietatis
2012 4257 2194 4323 doctrinam
2215 4259 2402 4324 asserendo:

401 4372 567 4435 neminem
588 4378 699 4453 tamen
728 4389 799 4433 esse
825 4375 905 4450 puto
933 4369 989 4450 qui
1010 4365 1158 4450 pluribus
1184 4368 1370 4448 impetatur,
1400 4366 1592 4431 mordeatur
1625 4375 1658 4431 et
1684 4368 1846 4433 laceretur
1873 4368 2053 4433 calumniis.
2106 4367 2217 4450 Quum
2248 4371 2315 4433 iam
2344 4371 2404 4436 sub

403 4482 492 4564 prelo
514 4488 599 4546 esset
620 4480 769 4562 epistola,
796 4485 884 4543 certo
907 4480 1037 4557 rescivi,
1061 4479 1246 4562 Augustae,
1269 4478 1324 4543 ubi
1348 4486 1528 4544 cenventus
1550 4478 1701 4543 ordinum
1723 4480 1851 4562 imperii
1871 4479 2043 4563 agebatur,
2073 4501 2221 4562 sparsum
2243 4480 2341 4543 fuisse
2364 4480 2405 4546 de

401 4615 475 4656 mea
503 4592 544 4656 ad
573 4599 729 4674 papatum
757 4590 935 4655 defectione
963 4610 1128 4654 rumorem
1156 4597 1190 4654 et
1218 4589 1367 4673 cupidius
1396 4611 1494 4672 quam
1522 4611 1581 4673 par
1608 4599 1679 4656 eret
1706 4592 1741 4654 in
1769 4592 1852 4657 aulis
1879 4593 2065 4674 principum
2087 4598 2266 4671 exceptum.
2312 4592 2405 4659 Haec

402 4713 452 4769 est
473 4703 595 4770 scilieet
616 4723 729 4766 eorum
751 4701 915 4784 gratitudo
938 4722 1018 4783 ques
1041 4708 1127 4787 certe
1149 4722 1216 4765 non
1237 4701 1342 4766 latent
1364 4702 1505 4784 plurima
1525 4704 1728 4766 constantiae
1749 4695 1841 4767 meae
1863 4703 2096 4784 experimenta,
2120 4721 2204 4781 quae
2225 4709 2264 4765 ut
2281 4703 2405 4767 calum-

402 4815 492 4879 niam
514 4814 595 4879 adeb
617 4813 745 4878 foedam
767 4821 935 4895 respuunt,
956 4813 1004 4877 ita
1025 4811 1065 4876 ab
1088 4833 1126 4875 ea
1148 4834 1200 4876 me
1223 4812 1310 4895 apud
1332 4833 1445 4877 omnes
1467 4834 1586 4895 aequos
1609 4820 1642 4876 et
1660 4813 1819 4879 humanos
1836 4813 1960 4878 iudices
1977 4813 2062 4876 tueri
2079 4810 2266 4877 debuerant.
2300 4815 2404 4878 Falli-

402 4909 588 4990 tur'aute'm
617 4946 693 4991 eum
720 4932 788 4988 tota
814 4946 874 4989 sua
900 4932 1032 4990 caterva
1059 4923 1218 5002 diabolus,
1246 4926 1273 4988 si
1295 4946 1349 4988 me
1370 4924 1492 5007 putidis
1513 4923 1691 4990 mendaciis
1712 4924 1891 5003 obmende,
1914 4925 1976 4988 hac
1997 4921 2193 5006 indignitate
2219 4925 2405 4990 fractiorem

401 5037 455 5102 vel
481 5038 586 5120 magis
615 5035 742 5100 lentum
768 5035 838 5100 fore
864 5044 971 5118 putat:
999 5036 1075 5117 quia
1095 5036 1205 5099 Deum
1233 5056 1292 5118 pre
1314 5037 1476 5103 immensa
1502 5056 1561 5100 sua
1581 5035 1732 5101 bonitate¹
1747 5037 1902 5102 daturum
1923 5033 2006 5097 mihi
2028 5034 2170 5113 confido,
2193 5043 2231 5100 ut
2251 5037 2286 5100 in
2306 5046 2404 5102 cursu

363 5139 367 5148 ’
402 5156 535 5213 sanctae
562 5168 641 5213 suae
662 5147 853 5212 vocationis·
871 5146 1029 5228 aequabili
1052 5147 1226 5212 tolerantia
1253 5168 1468 5231 perseverem.
1514 5146 1617 5213 Cuius
1638 5149 1685 5213 rei
1714 5169 1837 5211 novum
1863 5145 1899 5207 in
1925 5145 1988 5210 hae
2010 5145 2150 5211 editione
2173 5147 2404 5212 documentum

402 5261 464 5342 piis
492 5258 667 5325 lectoribus
696 5257 842 5323 exhibeo.
886 5258 992 5322 Porro
1015 5258 1078 5323 hoe
1097 5258 1182 5322 mihi
1203 5261 1238 5323 in
1260 5261 1321 5324 isto
1343 5259 1453 5324 labore
1475 5260 1675 5341 propesitum
1696 5258 1772 5334 fuit,
1808 5276 1918 5320 sacrae
1946 5256 2129 5341 theologiae
2151 5257 2339 5323 candidatos
2362 5255 2404 5320 ad

403 5370 506 5436 divini
527 5371 621 5436 verbi
638 5370 811 5435 lectionem
830 5369 877 5432 ita
897 5389 1091 5451 praeparare
1114 5377 1147 5433 et
1167 5371 1340 5449 instruere,
1362 5377 1402 5434 ut
1421 5378 1455 5433 et
1477 5368 1605 5433 facilem
1627 5368 1669 5433 ad
1690 5388 1763 5431 eam
1781 5365 1907 5431 aditum
1926 5368 2056 5447 habere,
2080 5376 2113 5432 et
2130 5369 2289 5432 inoffense
2307 5367 2342 5431 in
2365 5386 2404 5431 ea

402 5482 508 5567 gradu
535 5501 672 5566 pergere
699 5487 828 5563 queant
879 5476 1051 5562 Siquidem
1078 5479 1245 5564 religionis
1273 5501 1435 5555 summam
1462 5478 1613 5543 omnibus
1634 5478 1781 5561 partibus
1808 5478 1855 5544 sic
1876 5480 1959 5543 mihi
1980 5479 2168 5561 complexus
2188 5499 2258 5543 esse
2280 5478 2405 5560 videor,

403 5572 438 5658 et
458 5614 497 5658 eo
518 5614 647 5676 quoque
666 5590 780 5657 ordine
801 5589 990 5675 digessisse,
1013 5602 1051 5655 ut
1073 5591 1101 5656 si
1122 5592 1194 5672 quis
1216 5612 1289 5656 eam
1311 5600 1399 5656 reete
1421 5589 1577 5666 tenuerit,
1601 5589 1630 5652 ei
1652 5609 1718 5653 nen
1739 5590 1783 5654 sit
1802 5589 1932 5655 difficile
1954 5597 2097 5655 statuere
2117 5597 2151 5653 et
2172 5589 2251 5671 quid
2273 5590 2405 5673 petissi-

510 5710 620 5767 eaesm·
634 5722 725 5781 opera
766 5711 822 5766 voe
842 5709 885 5763 11.
1646 5773 1649 5778 ,
2182 5709 2198 5762 1
