5600 6809
360 793 419 853 501
576 787 666 853 affl.
690 786 745 850 ΠΙ
797 787 861 851 ΒΕ
883 782 1019 851 MODO
1039 783 1389 850 PEROIPIENDAE
1412 781 1603 850 caulam
1624 783 1843 850 asanaa.
1888 783 1987 850 OAP.
2010 785 2052 850 V.
2074 785 2133 851 VI.
2231 871 2240 887 ἱ
2298 790 2360 851 502
2414 787 2423 803 ’

359 976 445 1060 quod
473 976 513 1041 de
542 975 729 1058 purgatorio
752 973 972 1050 somniarunt,
1000 994 1059 1055 pro
1085 972 1162 1037 fidei
1184 970 1334 1055 dogmate
1387 972 1591 1054 compositae.
1635 972 1750 1054 Neque
1776 972 1811 1037 id
1839 972 2034 1054 loquacitate
2056 975 2171 1054 nimia,
2200 976 2362 1058 siquidem

359 1063 474 1128 haberi
496 1062 567 1126 sine
588 1061 775 1142 quaestione
796 1058 972 1141 postulant.
1013 1059 1069 1121 Illi
1089 1079 1186 1140 parce
1208 1065 1241 1122 et
1261 1065 1335 1120 tan·
1386 1078 1612 1140 quamcunque
1640 1057 1799 1122 virtutem
1820 1057 2048 1124 commendare
2074 1062 2220 1126 oratione
2245 1083 2362 1146 propo·

358 1155 433 1213 tum
451 1156 487 1212 ut
504 1147 768 1229 defungerentur,
791 1145 826 1208 in
844 1144 1070 1209 communione
1087 1164 1199 1208 sacrae
1217 1162 1335 1207 coenae
1387 1144 1487 1207 situm
1498 1144 1550 1223 sit,
1572 1143 1660 1207 ultro
1682 1144 1778 1209 stilus
1797 1143 1833 1208 in
1850 1165 1923 1208 eam
1941 1144 2189 1226 amplitudinem
2206 1150 2363 1214 materiae

360 1256 435 1300 suos
463 1240 607 1297 mortuos
636 1231 708 1295 Deo
735 1228 1013 1294 commendabant.
1058 1228 1118 1293 His
1132 1236 1336 1293 mortuorum
1387 1229 1481 1310 eopia
1513 1227 1697 1307 deducitur,
1737 1237 1776 1294 ut
1807 1230 1868 1293 rite
1897 1228 2087 1295 disseruisse
2119 1253 2186 1295 non
2220 1234 2362 1299 videaris

361 1341 470 1384 curam
500 1316 629 1383 assidue
658 1322 792 1400 urgent,
823 1323 857 1379 et
883 1316 1070 1397 importuna
1096 1314 1336 1397 praedicatione
1388 1316 1452 1378 nisi
1482 1315 1587 1379 multa
1619 1314 1750 1380 dixeris.
1805 1315 1892 1379 Mihi
1932 1337 2010 1380 vero
2044 1317 2174 1382 animus
2206 1341 2272 1384 nou
2302 1328 2361 1399 est,

359 1406 506 1471 efficiunt
539 1410 576 1468 ut
609 1403 760 1467 omnibus
797 1401 944 1466 caritatis
976 1401 1092 1466 officiis
1124 1400 1334 1482 praeferatur.
1388 1422 1487 1482 quam
1514 1422 1567 1464 me
1594 1400 1795 1464 traditurum
1817 1422 1906 1466 nuno
1934 1403 2089 1484 profiteor
2118 1404 2204 1468 vitae
2231 1405 2362 1471 institu-

361 1490 450 1572 Quin
477 1490 578 1554 otiam
605 1487 768 1552 nonnth
793 1494 942 1552 veterum
975 1487 1160 1551 testimonia
1191 1486 1336 1568 proferre
1388 1487 1509 1550 tionem
1537 1507 1574 1550 eo
1600 1507 1703 1568 usque
1730 1486 1921 1564 extendere,
1949 1496 1987 1550 ut
2011 1496 2045 1551 ct
2065 1489 2274 1570 peculiariter
2295 1494 2363 1556 sin-

362 1577 455 1642 nobis
477 1575 566 1640 haud
589 1573 720 1639 difficile
742 1584 840 1649 assat,
863 1592 946 1654 quae
967 1579 1051 1636 totas
1072 1571 1146 1636 illas
1168 1592 1227 1654 pro
1249 1592 1337 1635 mor·
1388 1571 1482 1655 gulas
1502 1578 1718 1654 prosequatur
1738 1573 1894 1651 virtutes,
1923 1580 1957 1637 et
1985 1573 2021 1636 in
2041 1575 2284 1641 exhortationes
2306 1600 2376 1650 exr

361 1664 426 1729 tuis
443 1681 566 1743 preces,
584 1681 666 1742 quae
683 1668 761 1724 tunc
779 1659 917 1722 usitatae
935 1665 1038 1735 erant,
1055 1657 1226 1721 manifeste
1244 1678 1336 1722 ever·
1388 1657 1556 1739 spatietur.
1600 1657 1656 1720 Ex
1676 1657 1816 1722 aliorum
1838 1659 1982 1740 scriptis,
2010 1662 2203 1741 praesertim
2223 1685 2300 1728 vero
2322 1686 2364 1729 ex

361 1756 444 1812 tunt.
491 1746 597 1827 Quale
626 1752 676 1810 est
702 1745 763 1809 hoc
784 1744 978 1828 Augustini,
994 1747 1019 1827 ¹)
1044 1764 1146 1824 quum
1172 1761 1336 1807 resurreo·
1388 1749 1539 1808 veterum
1560 1742 1711 1821 homiliis,
1736 1742 1817 1808 haec
1838 1751 2000 1825 potantur.
2045 1745 2131 1809 Mihi
2151 1746 2280 1815 abunde
2302 1751 2366 1814 orit

360 1835 484 1899 tionem
506 1831 614 1898 carnis
637 1838 670 1895 et
691 1838 859 1895 aeternam
882 1825 1019 1913 gldriam
1041 1828 1223 1910 exspectari
1245 1827 1338 1893 docet
1388 1830 1418 1894 si
1449 1828 1639 1893 methodum
1671 1827 1855 1907 ostendero,
1888 1850 1954 1912 qua
1986 1831 2037 1894 vir
2063 1833 2136 1913 pius
2164 1834 2206 1897 ad
2237 1843 2364 1901 rectum

362 1920 403 1985 ab
432 1918 597 1996 omuibus3
626 1916 773 1998 requiem
794 1936 889 1994 vero,
919 1935 1000 1997 quae
1028 1922 1261 1996 postmortem
1286 1935 1336 1978 se-
1389 1913 1635 1980 oonstituendae
1662 1915 1749 1979 vitae
1771 1935 1905 1996 scopam
1928 1914 2121 1996 deducatur,
2151 1939 2189 1984 ac
2216 1922 2364 2004 regulam

361 2007 486 2087 quitur,
509 2014 589 2067 tunc
610 2023 873 2084 unumquemque
895 2001 1054 2083 accipere,
1087 2002 1114 2065 si
1137 2000 1256 2083 dignus
1277 2006 1335 2078 est,
1389 1998 1553 2082 quandam
1575 2000 1796 2065 universalem
1819 2000 1963 2066 breviter
1983 2003 2108 2080 finiero,
2134 2004 2294 2087 adquam
2316 2009 2364 2072 of·

360 2111 461 2173 quum
478 2090 625 2154 moritur.
660 2087 776 2169 Itaque
798 2088 868 2168 pios
889 2108 1003 2151 omnes
1024 2108 1091 2151 non
1113 2087 1222 2151 minus
1239 2105 1337 2168 quam
1388 2087 1463 2151 ficia
1493 2105 1552 2149 sua
1582 2106 1649 2149 non
1671 2086 1756 2150 male
1779 2086 1897 2169 exigat.
1942 2087 2245 2156 Declamationibus
2267 2114 2365 2157 suum

359 2176 536 2258 prophetas
565 2183 598 2238 et
619 2172 782 2256 apostolos
806 2180 839 2237 et
860 2180 1023 2256 martyres
1045 2173 1156 2239 statim
1186 2194 1206 2237 a
1231 2179 1337 2236 morte
1390 2171 1562 2253 aliquando
1585 2171 1668 2236 forte
1691 2178 1818 2259 tempus
1841 2174 1916 2253 erit,
1943 2174 1991 2238 vei
2019 2174 2096 2239 aliis
2117 2179 2227 2257 partes
2253 2178 2366 2258 quibus

360 2262 457 2327 beata
480 2260 591 2343 'quiete
617 2259 683 2324 frui
704 2267 851 2323 testatur.
897 2256 935 2323 Si
957 2257 1040 2322 talis
1055 2266 1105 2323 est
1126 2279 1239 2322 eorum
1261 2278 1337 2321 con·
1389 2278 1449 2322 uon
1470 2257 1546 2322 adeo
1567 2278 1638 2322 acm
1659 2258 1789 2322 idaim
1808 2257 1992 2340 relinquam.
2031 2260 2113 2325 Amo
2133 2267 2250 2328 natura
2270 2263 2367 2328 breui-

362 2346 455 2425 ditio,
484 2346 562 2429 quid
589 2344 654 2410 illis
682 2345 813 2410 obsecro
842 2345 1010 2408 conferent
1041 2351 1171 2408 nostrae
1204 2342 1336 2426 preces?
1390 2348 1501 2421 tatem·
1528 2347 1556 2406 et
1581 2344 1661 2424 sorte
1687 2345 1718 2408 si
1744 2345 1899 2425 copiosius
1927 2346 2012 2425 ioqui
2032 2347 2152 2423 ocium,
2180 2369 2241 2413 uon
2267 2369 2367 2414 succe-

363 2431 546 2498 Orassiores
586 2430 658 2495 illas
691 2431 952 2512 superstitiones,
992 2429 1109 2512 quibus
1143 2429 1338 2511 simplicium
1390 2431 1480 2494 deret.
1534 2427 1622 2509 Quod
1653 2429 1684 2492 si
1715 2431 1853 2493 meamea
1886 2431 2073 2512 plausibilis
2105 2439 2183 2497 essct
2209 2435 2367 2516 prolicior

364 2519 489 2583 animos
511 2517 724 2593 fascinarent,
748 2516 876 2580 omitto:
905 2536 988 2597 quae
1009 2523 1120 2580 tamen
1142 2524 1219 2580 sunt
1240 2516 1339 2596 innu-
1390 2515 1520 2579 doceudi
1557 2514 1652 2592 ratio,
1692 2516 1831 2595 experiri
1869 2521 1972 2580 tamen
2012 2519 2067 2581 vix
2101 2518 2212 2583 liberet.
2265 2521 2367 2585 Prae·

364 2625 489 2680 merae,
518 2610 551 2668 et
571 2602 744 2686 pleraeque
767 2600 847 2666 adeo
869 2606 1088 2684 portentosae,
1111 2600 1258 2665 utnulla
1280 2601 1338 2664 ho·
1392 2600 1493 2665 sentis
1532 2605 1642 2663 autem
1680 2602 1787 2682 operis
1819 2602 1902 2666 ratio
1942 2603 2085 2684 postulat
2116 2612 2155 2668 ut
2187 2605 2368 2688 simplicem

365 2699 457 2754 nesto
479 2689 584 2754 colore
604 2695 795 2771 praetexere
822 2687 911 2769 ipsas
932 2688 1067 2770 possint.
1112 2687 1192 2752 Illas
1213 2706 1340 2768 quoque
1392 2684 1576 2750 doctrinam
1608 2695 1732 2767 quanta
1762 2686 1873 2751 licebit
1902 2688 2063 2754 brevitate
2099 2692 2367 2775 perstringamus.

365 2775 572 2857 turpissimas
588 2773 842 2839 nundinationes
860 2781 959 2851 taceo,
982 2794 1063 2855 quas
1074 2772 1214 2837 intanto
1224 2770 1340 2836 mundi
1393 2769 1677 2850 Quemadmodum
1705 2779 1817 2834 autem
1845 2781 1950 2838 certos
1978 2774 2058 2839 recti
2080 2782 2115 2839 et
2135 2776 2264 2842 honesti
2285 2780 2369 2843 fines

364 2868 497 2943 stupore
525 2882 585 2925 sua
613 2858 748 2925 libidine
775 2865 1001 2924 exercuerunt.
1050 2859 1137 2922 Nam
1167 2879 1226 2922 nec
1254 2856 1340 2922 ullus
1392 2856 1517 2921 habent
1543 2855 1742 2937 philosophi,
1772 2856 1860 2921 unde
1886 2859 2099 2939 particularia
2120 2862 2226 2927 officia
2248 2870 2368 2928 totum·

363 2948 493 3012 futurus
525 2951 612 3012 esset
642 2946 733 3024 finis,
766 2953 800 3010 et
832 2946 902 3009 sine
929 2944 1234 3009 commemoratione
1260 2943 1341 3008 satis
1392 2963 1455 3024 que
1476 2941 1639 3008 virtutum
1660 2940 1798 3007 chorum
1820 2941 2001 3021 deducunt,
2024 2946 2071 3008 ita
2091 2967 2152 3011 nec
2173 2947 2287 3012 ordine
2310 2970 2368 3014 suo

364 3032 533 3099 habebunt
564 3032 617 3098 hic
651 3031 696 3114 pii
729 3030 866 3095 lectores
899 3029 987 3094 unde
1019 3029 1232 3095 conscientias
1263 3049 1341 3093 suaa
1393 3034 1485 3094 caret
1510 3027 1547 3090 in
1569 3026 1630 3092 hoc
1652 3028 1827 3109 scriptura;
1855 3029 1935 3111 quin
1956 3031 2212 3112 pulcherrimam
2234 3054 2369 3100 oecono-

364 3119 540 3183 stabiliant.
1393 3114 1495 3177 miam
1526 3119 1629 3192 tenet,
1664 3134 1701 3185 aa
1733 3113 1965 3196 philosophicis
1992 3116 2141 3181 omnibus
2168 3118 2271 3182 multo
2298 3139 2368 3182 cer·

1393 3199 1519 3263 tiorem
1563 3197 1637 3273 Hoc
1664 3205 1795 3263 tantum
1821 3201 1973 3279 interest,
2006 3202 2092 3283 quod
2120 3201 2168 3266 illi
2197 3201 2250 3288 (ut
2276 3211 2370 3268 erant

828 3307 830 3312 >
1394 3284 1559 3350 ambitiosi
1579 3283 1745 3368 homines)
1773 3286 1968 3369 exquisitam
1997 3287 2215 3369 dispositionis
2243 3290 2369 3373 perspi-

717 3389 869 3456 OAPUq
893 3389 988 3473 Vp)
1394 3371 1564 3447 cuitatem,
1593 3390 1658 3451 qua
1677 3371 1803 3454 ingenii
1825 3371 2054 3437 dexteritatem
2075 3380 2288 3455 ostentarent,
2319 3395 2371 3440 se-

1394 3455 1472 3520 dulo
1494 3455 1704 3533 affectarunt,
1728 3457 1865 3538 spiritus
1885 3480 1964 3523 vero
1981 3457 2059 3538 Dei,
2082 3461 2159 3542 quia
2181 3462 2251 3526 sine
2273 3462 2371 3528 affec-

365 3551 432 3632 ΒΘ
463 3549 551 3632 vita
582 3550 762 3632 homjnjs
793 3549 1028 3632 obj-istim
1067 3578 1114 3631 ac
1144 3547 1341 3660 primum,
1393 3542 1518 3640 tatione
1545 3540 1696 3640 docebat,
1728 3563 1795 3607 non
1822 3545 1869 3608 ita
1895 3550 2008 3643 exacte
2035 3566 2095 3611 neo
2122 3554 2278 3628 perpetuo
2301 3567 2371 3611 me-

367 3671 520 3780 quibus
552 3669 816 3782 argumentis
848 3669 902 3751 ad
932 3697 1028 3751 eam
1046 3698 1122 3752 nos
1145 3669 1343 3752 hortetur
1394 3627 1755 3796 {lffflmpofflffi
1781 3629 1986 3780 ‘i'lll'sseufflffl
2013 3652 2130 3781 23¹³,
2149 3632 2371 3802 ῗζζξξηξὲξῖ

460 3959 463 3966 ,
746 3801 965 3902 Emptum.
1395 3799 1650 3949 murgum
1671 3883 1798 3949 duabus
1819 3885 2025 3966 potissimum
2046 3887 2194 3970 partibus
2215 3887 2374 3953 incumbit

460 3978 485 4037 1.
533 3971 667 4054 Scopam
694 3972 935 4056 repmeratiouis
961 3992 1027 4038 esse
1052 3973 1208 4051 dicimus,
1241 3977 1277 4036 ut
1308 3972 1344 4035 iu
1396 3972 1487 4048 haec,
1511 3970 1637 4052 de-qua
1657 3969 1832 4053 loquimur,
1858 3971 2038 4053 scripturae
2059 3973 2232 4039 institutio.
2275 3975 2373 4040 Prior

366 4062 433 4125 uita
457 4059 600 4141 fidetiuru
625 4064 778 4141 appareat
804 4059 886 4123 aue
912 4057 977 4124 Dei
1004 4059 1161 4122 iustitium
1186 4062 1213 4123 et
1240 4077 1345 4127 eorum
1396 4066 1461 4135 est,
1487 4065 1525 4119 ut
1546 4055 1691 4120 iustitiae
1713 4076 1821 4135 amor,
1850 4055 2010 4140 adquam
2032 4059 2151 4142 alioqui
2172 4068 2291 4125 natura
2311 4062 2373 4125 mi·

366 4147 544 4227 obsequium
564 4145 745 4227 symmetria
765 4149 793 4208 et
813 4163 990 4223 mmmmm,
1018 4149 1109 4224 atque
1135 4145 1182 4208 ita
1208 4143 1346 4223 adoptio-
1396 4143 1486 4206 nime
1512 4142 1665 4223 propensi
1693 4163 1822 4221 sumtis,
1852 4143 1970 4207 animis
1992 4145 2115 4210 nostris
2136 4146 2314 4211 instilletur
2335 4167 2372 4211 ae

366 4254 437 4297 item
458 4229 635 4311 mupirmeut
655 4252 720 4312 qua
740 4229 854 4312 recepti
874 4234 946 4293 suut
967 4229 1003 4293 iu
1022 4229 1113 4310 filios.
1147 4228 1222 4294 Etsi
1243 4234 1346 4294 auum
1396 4228 1572 4306 inferatur,
1607 4227 1725 4306 altera,
1758 4234 1797 4292 ut
1828 4229 1922 4293 nobis
1950 4250 2067 4295 norma
2093 4233 2294 4313 praescripta
2320 4232 2371 4308 sit,

367 4319 531 4383 uocuaoem
558 4317 648 4382 mam
674 4338 740 4398 qua
764 4317 867 4398 imapo
888 4315 954 4382 Dei
974 4316 1010 4378 iu
1031 4314 1118 4382 ποιὰς
1139 4317 1345 4393 uastauratur,
1397 4334 1480 4398 quae
1512 4334 1573 4378 nos
1603 4313 1639 4378 in
1670 4313 1813 4378 iustitiae
1851 4313 1958 4379 studio
1991 4315 2144 4381 aberrare
2176 4337 2244 4379 non
2276 4315 2372 4379 sinat

367 4404 416 4469 lec
436 4405 542 4487 ipsius
570 4404 606 4467 iu
627 4423 660 4467 se
685 4403 826 4480 mutua,
856 4402 933 4483 quia
960 4406 1063 4467 tameu
1084 4402 1218 4466 tarditas
1238 4405 1346 4465 uestra
1398 4397 1685 4464 Commendandae
1712 4408 1824 4465 autem
1848 4400 1996 4465 iustitiae
2017 4401 2159 4465 rationes
2181 4398 2279 4464 habet
2300 4400 2373 4481 plu-

366 4490 475 4554 muitis
508 4496 573 4554 tam
604 4489 743 4555 stimulis
776 4507 871 4570 quam
902 4489 1109 4554 Mmiumutis
1141 4506 1220 4570 opus
1247 4485 1345 4566 habet,
1398 4486 1499 4549 rimas
1520 4495 1554 4549 et
1573 4484 1727 4566 optimas,
1757 4506 1799 4551 ex
1826 4486 1944 4568 quibus
1970 4486 2090 4553 multas
2113 4506 2213 4566 supra
2235 4484 2373 4551 diversis

362 4575 505 4655 proderit
533 4597 571 4640 ec
598 4576 701 4640 uariis
719 4575 893 4657 scripturae
913 4574 989 4639 iocis
1008 4575 1163 4640 ratmnem
1182 4573 1264 4637 vitae
1281 4574 1347 4656 sor-
1397 4572 1477 4637 loeis
1499 4571 1693 4648 notavimus,
1715 4573 1891 4637 nonnullas
1913 4571 2020 4636 adhuc
2039 4571 2182 4635 breviter
2203 4569 2256 4634 hic
2273 4572 2374 4634 attin-

367 4660 502 4723 mamiae
521 4661 667 4744 coltipere,
686 4681 724 4726 ue
745 4661 781 4725 iu
802 4661 905 4726 studio
927 4681 983 4726 suo
1005 4660 1146 4725 aberrent
1167 4659 1280 4741 quibam
1301 4679 1347 4722 ra
1398 4678 1522 4742 gemus.
1557 4657 1591 4722 A
1607 4677 1670 4740 quo
1689 4657 1901 4723 fundamento
1918 4657 2036 4721 melius
2058 4653 2253 4732 exordiatur,
2276 4676 2375 4738 quam

368 4745 551 4823 sapisceutia
582 4747 669 4811 cordi
696 4752 748 4811 est.
800 4746 901 4812 Porro
932 4745 1011 4810 dum
1039 4747 1142 4811 vitam
1175 4745 1347 4812 christiani
1398 4743 1479 4820 dum
1506 4741 1660 4808 admonet
1686 4764 1746 4808 nos
1775 4742 1972 4809 sanctificari
1994 4748 2157 4822 oportere,
2186 4741 2262 4823 quia
2282 4743 2375 4808 Dens

368 4828 512 4893 hominis
537 4829 741 4896 formandam
769 4833 927 4917 suscipio,
963 4840 1195 4918 argumentum
1221 4851 1269 4896 me
1295 4830 1346 4895 in-
1399 4838 1510 4896 noster
1526 4838 1659 4896 sanctus
1677 4837 1727 4895 est
1743 4830 1866 4914 (Lavit.
1889 4831 1936 4904 19,
1959 4830 1972 4888 l
1994 4847 2076 4907 seq.;
2102 4826 2225 4891 lPetr.
2249 4829 2388 4914 1,1o)?'

370 4914 463 4999 gredi
485 4934 544 4976 uon
564 4915 673 4997 ipuom
693 4918 823 4983 varium
845 4927 879 4983 et
899 4919 1075 5002 copiosum,
1098 4927 1131 4983 et
1148 4917 1237 5002 quod
1253 4937 1347 5001 mag·
1400 4915 1572 4998 Siquidem
1602 4938 1704 4999 quum
1730 4918 1835 4980 instar
1863 4913 2072 4977 disiecturum
2099 4913 2209 4977 ovium
2238 4912 2375 4997 dispersi

370 4998 519 5065 nitudine
542 5020 603 5064 sua
622 5000 654 5065 lo
774 5003 930 5070 volumen
952 5005 1083 5088 explere
1106 5006 1215 5087 possit,
1238 5003 1267 5068 si
1284 5024 1347 5069 nu·
1400 5022 1561 5081 essemus,
1591 5023 1628 5067 ac
1649 5024 1708 5084 per
1729 4999 1844 5081 mundi
1865 4996 2093 5081 labyrinthum
2114 4996 2277 5082 dissipati,
2306 5002 2376 5084 ipse

370 5086 469 5150 meris
497 5086 566 5150 suis
594 5087 682 5150 omni
705 5109 745 5152 us
772 5089 882 5171 ipsum
903 5090 1071 5157 absolvere
1093 5092 1200 5157 libeat.
1245 5090 1347 5155 Vida-
1400 5103 1460 5154 nos
1486 5087 1668 5171 recollegit,
1700 5095 1738 5150 ut
1764 5085 1826 5150 sibi
1853 5091 2056 5166 aggregaret
2102 5081 2215 5166 Quum
2243 5096 2376 5151 nostrae

370 5193 444 5236 mus
481 5172 569 5236 enim
607 5173 643 5237 in
680 5180 834 5253 quautam
867 5174 1089 5254 prolixitatem
1121 5175 1348 5241 diffimdantur
1401 5197 1476 5242 cum
1498 5174 1571 5239 Deo
1593 5171 1828 5237 coniunctionis
1849 5168 2051 5233 mentionem
2073 5169 2237 5249 audimus,
2260 5173 2376 5236 memi-

371 5267 521 5322 veterum
552 5277 747 5339 paraeneses
779 5258 820 5322 de
848 5257 987 5340 singulis
1015 5267 1143 5324 tantum
1168 5261 1348 5327 virtutibus
1401 5262 1547 5326 norimus
1579 5257 1787 5323 sanctitatem
1823 5262 1972 5336 oportere
2002 5255 2074 5320 eius
2107 5276 2179 5320 esse
2211 5257 2373 5338 copulam:
2419 5312 2422 5317 ,

1400 5367 1468 5410 non
1493 5344 1569 5426 quia
1591 5340 1773 5406 sanctitatis
1794 5342 1912 5406 merito
1933 5340 2104 5406 veniamus
2132 5342 2168 5404 in
2196 5342 2267 5405 eius
2288 5362 2375 5406 com-

374 5452 402 5456 “
431 5451 576 5456 ”””““
1032 5504 1036 5512 .
1400 5431 1591 5523 munionem
1615 5426 1732 5511 (quum
1752 5426 1862 5522 potius
1884 5426 2063 5492 adhaerere
2084 5427 2189 5508 primo
2210 5425 2259 5488 illi
2282 5446 2376 5508 opor·

445 5566 472 5634 ι)
490 5567 590 5621 noma.
615 5567 641 5620 u
660 5568 754 5620 rosen.
772 5562 814 5618 a.
839 5581 860 5617 ι.
882 5561 922 5615 10.
958 5561 1030 5614 vus
1054 5562 1168 5615 eunoun
1185 5564 1246 5615 uer.
1265 5561 1290 5615 4.
1314 5564 1348 5618 ao
1402 5522 1471 5580 “³³³
1497 5520 1534 5577 ut
1561 5533 1632 5575 ⁰¹³⁸
1656 5517 1830 5577 sanctitate
1851 5514 1975 5596 peruia·
1995 5532 2166 5593 sanamur
2186 5531 2246 5592 W
2267 5512 2376 5596 ”ml

375 5635 527 5700 erutae,
552 5655 573 5689 ι.
595 5636 695 5690 1316.
783 5630 1350 5701 araapttamuraV1-x.easuoeo
1403 5597 1642 5679 sedquoniam
1668 5595 1710 5660 ad
1736 5597 1806 5664 eius
1834 5600 1972 5684 gloriam
1999 5618 2197 5682 masmim
2224 5598 2376 5678 pertinet,
2504 5652 2506 5656 -

374 5703 559 5770 paradeum
576 5706 698 5759 acimum
716 5703 823 5771 (XXI)
840 5705 1052 5771 repraeuoram.
1403 5706 1470 5748 non
1497 5701 1568 5745 esse
1595 5682 1646 5748 illi
1667 5685 1865 5750 consortium
1891 5707 1967 5752 cum
1989 5684 2215 5810 iniquitataet
2234 5683 2377 5748 immun·

378 5825 385 5849 ·
2116 5783 2151 5836 32
