5600 6809
394 755 457 817 353
689 752 779 818 Lm.
802 752 848 817 Π.
892 752 957 818 Du
979 748 1265 818 ooamulouu
1286 750 1370 816 DEI
1389 746 1737 817 Runutffuoms.
1782 741 1886 816 oAP.
1904 750 2004 818 xm.
2025 752 2123 820 XIV.
2348 761 2414 822 354

1427 940 1511 1004 diem
1532 938 1796 1021 manifestationis
1816 937 1855 1002 ab
1877 944 2004 1004 aeterna
2023 943 2156 1006 essentia
2178 943 2360 1026 distinam,
2382 951 2411 1010 et

1427 1045 1467 1089 ea
1483 1025 1626 1106 professe
1646 1023 1686 1088 ab
1707 1025 1891 1104 antiquitate
1912 1025 2080 1105 imperimn
2101 1028 2162 1092 sibi
2182 1030 2327 1109 eenediet,
2349 1051 2410 1112 qne

490 1138 493 1147 .
618 1150 646 1229 d
702 1149 729 1229 d
896 1160 916 1230 t
1119 1151 1234 1234 diam
1260 1152 1269 1169 ·
1303 1148 1333 1232 2)
1428 1110 1571 1208 excellat¹
1587 1131 1697 1208 snpra⁸
1720 1110 1899 1188 Abrabam,
1916 1110 1994 1208 ‘stet
2026 1111 2114 1175 laea
2145 1114 2237 1211 dabie
2268 1117 2410 1182 eentdieat

449 1149 616 1255 Quomo
647 1177 671 1230 ⁰
731 1177 811 1230 uae
841 1177 897 1230 na
915 1178 1018 1232 urae
1049 1180 1117 1233 me
1234 1182 1293 1235 ΠΒ
1428 1197 1510 1278 qima
1537 1197 1714 1261 divinitates
1742 1200 1785 1258 est
1805 1215 1984 1276 propriam.
2030 1194 2127 1276 Quod
2154 1203 2408 1284 primogenitum

662 1269 847 1351 efficiant
875 1298 1109 1380 personam.
1428 1282 1553 1346 Paulus
1575 1280 1660 1366 (001.
1683 1285 1709 1358 l,
1732 1282 1786 1363 15)
1809 1281 1926 1345 inserit
1948 1282 2121 1347 universae
2144 1295 2327 1367 creaturae,
2353 1288 2408 1371 qui

726 989 878 1056 earm
903 989 998 1054 xm.
1019 991 1043 1074 1)

1429 1376 1508 1432 aute
1528 1366 1639 1431 omnia
1651 1367 1822 1443 exstiterit,
1846 1375 1880 1431 et
1896 1388 1956 1449 per
1968 1389 2065 1449 quem
2087 1370 2199 1433 emnia
2219 1373 2408 1453 consistant,

485 1458 511 1516 l.
556 1453 660 1517 Porro
689 1451 778 1534 quod
805 1452 1076 1535 dieitur(10anu.
1099 1459 1126 1532 1,
1149 1455 1213 1538 14),
1236 1456 1376 1520 verbum
1429 1454 1511 1534 qnod
1542 1454 1637 1517 etiam
1668 1470 1701 1515 se
1726 1452 1894 1532 praedicat
1926 1453 2056 1537 (Ioann.
2087 1458 2140 1532 17,
2173 1456 2207 1540 5)
2236 1457 2409 1538 ebriosam

394 1558 530 1607 earnem
552 1559 623 1603 esse
639 1538 770 1615 factum,
794 1559 861 1602 non
882 1538 929 1603 sic
945 1537 1197 1622 intelligendum
1215 1550 1266 1605 est
1282 1542 1377 1623 quasi
1427 1540 1528 1621 fnisse
1560 1538 1649 1619 apud
1675 1542 1802 1618 patrem
1833 1543 1904 1602 anm
1931 1540 2084 1604 mnndum
2115 1540 2287 1621 eonditum,
2318 1564 2409 1624 seque

394 1626 450 1692 rel
471 1626 506 1688 in
524 1644 657 1690 carnem
668 1644 810 1701 versum,
833 1623 888 1688 vel
910 1625 1001 1688 carni
1021 1625 1154 1691 coubrse
1176 1629 1376 1708 permixtum
1428 1646 1493 1688 nna
1514 1644 1585 1688 cnm
1600 1628 1694 1704 patre
1710 1623 1837 1704 operari
1853 1623 1944 1705 (ibid.
1965 1625 2075 1709 517),
2098 1626 2202 1690 nihilo
2224 1629 2329 1712 magis
2351 1630 2411 1695 ho-

394 1711 508 1790 fuerit3
538 1709 596 1775 sed
623 1710 700 1793 quia
727 1731 745 1773 e
769 1709 908 1793 virginis
936 1718 1030 1774 utero
1051 1712 1214 1795 templum
1236 1712 1298 1778 sibi
1320 1712 1376 1777 de-
1429 1711 1510 1774 mini
1537 1708 1699 1791 competit
1744 1709 1837 1774 Haec
1864 1711 1965 1792 igitur
1993 1718 2027 1775 et
2054 1712 2174 1776 similia
2201 1714 2410 1795 peculiariter

395 1797 478 1881 legit
499 1797 533 1860 in
556 1816 621 1879 quo
645 1795 823 1875 habitaret;
848 1802 881 1859 et
903 1796 959 1877 qui
981 1796 1070 1861 filius
1092 1806 1164 1862 erat
1184 1799 1264 1878 Dei,
1287 1799 1376 1863 filius
1430 1795 1595 1861 divinitati
1622 1794 1753 1858 masat
1786 1800 1902 1859 cemnm
1928 1801 1980 1860 est.
2035 1795 2133 1877 Quod
2161 1804 2264 1862 antem
2293 1821 2410 1867 servus

395 1882 540 1948 hominis
561 1882 666 1947 factus
681 1890 748 1959 vest,
771 1903 838 1945 non
860 1881 1049 1947 confusione
1071 1885 1289 1962 substantiae,
1319 1883 1377 1950 sed
1430 1883 1533 1965 patris
1559 1888 1695 1945 vocatur
1720 1879 1797 1964 (Ies.
1817 1884 1874 1958 42,
1897 1886 1911 1944 l
1937 1890 1971 1946 et
1993 1883 2065 1947 aliis
2086 1883 2196 1967 loeis),
2225 1885 2311 1968 quod
2339 1909 2408 1953 ore-

396 1969 524 2034 unitate
544 1987 711 2050 personae.
746 1965 920 2049 Siquidem
940 1967 988 2031 ita
1007 1969 1214 2035 coniunctam
1233 1970 1376 2034 unitam·
1430 1969 1517 2033 visse
1544 1974 1701 2030 narratur
1728 1972 1836 2030 aetate
1865 1972 1899 2030 ct
1926 1969 2087 2049 sapientia
2119 1969 2206 2052 apud
2233 1971 2344 2036 Deum
2375 1980 2410 2037 et

396 2075 459 2138 que
481 2053 682 2118 humanitati
703 2051 910 2119 divinitatem
931 2054 1121 2134 asserimus,
1151 2065 1190 2119 ut
1212 2078 1272 2121 sua
1293 2057 1377 2119 utri·
1430 2054 1580 2118 homiues
1600 2053 1695 2136 (Luc.
1710 2055 1739 2130 2,
1755 2051 1821 2135 52),
1844 2052 1930 2134 quod
1951 2053 2090 2136 gloriam
2111 2077 2205 2120 suam
2226 2077 2292 2120 non
2310 2080 2409 2140 quae·

418 2161 460 2204 uc
483 2147 621 2203 naturae
643 2138 748 2202 solida
768 2139 953 2222 proprietas
974 2147 1123 2219 maneat,
1147 2148 1180 2206 ct
1200 2150 1312 2206 tamen
1335 2164 1376 2206 cx
1429 2160 1502 2203 rere
1524 2139 1652 2222 (Ioann.
1677 2141 1713 2216 8,
1734 2139 1806 2221 50),
1841 2139 1966 2204 nescire
1995 2140 2081 2204 diem
2109 2140 2262 2207 ultimum
2289 2143 2407 2227 (Marc.

396 2161 524 2290 duabus
544 2224 610 2290 illis
631 2245 718 2289 unus
740 2224 893 2290 Christus
915 2226 1142 2291 constituatur.
1183 2225 1220 2294 si
1242 2227 1321 2311 quid
1341 2229 1378 2291 in
1433 2228 1481 2303 13,
1502 2223 1568 2309 32),
1593 2245 1613 2288 a
1634 2244 1669 2287 se
1691 2224 1763 2305 ipso
1784 2244 1851 2287 non
1868 2223 1966 2306 loqui,
1989 2247 2057 2291 non
2078 2227 2185 2292 faeere
2202 2228 2408 2294 voluntatem

396 2311 494 2375 rebus
517 2310 671 2375 humanis
693 2317 787 2375 tanto
804 2310 960 2394 mysterio
978 2311 1085 2376 simile
1106 2321 1213 2395 petest
1229 2314 1376 2396 reperiri,
1429 2331 1523 2376 suam
1545 2310 1674 2394 (Ioann.
1696 2314 1752 2387 54,
1780 2313 1819 2373 10
1846 2316 1880 2373 et
1903 2316 1937 2388 6,
1962 2310 2034 2394 38),
2067 2312 2158 2378 visus
2190 2322 2225 2378 et
2255 2315 2408 2397 palpatus

398 2395 544 2461 hominis
572 2396 762 2461 similitudo·
782 2396 1023 2479 appositissima
1044 2397 1190 2477 videtur,
1216 2421 1313 2482 quem
1334 2421 1376 2463 ex
1429 2397 1530 2461 fuisse
1558 2394 1677 2460 dieitur
1705 2395 1801 2479 (Luc.
1826 2399 1883 2474 24,
1904 2395 1974 2479 39),
2003 2397 2103 2461 solius
2132 2398 2346 2466 humanitatis
2373 2400 2408 2465 id

399 2481 528 2546 duabus
561 2481 752 2547 substantiis
788 2482 1004 2564 conspicimus
1037 2492 1199 2564 constare3
1236 2504 1377 2566 quarum
1429 2487 1526 2546 totam
1546 2488 1604 2546 est.
1646 2478 1816 2562 Siquidem
1835 2487 1997 2562 quatenus
2016 2483 2109 2547 Deus
2131 2491 2190 2562 cst,
2213 2506 2273 2551 nec
2295 2488 2409 2570 augeri

399 2576 518 2632 neutra
543 2574 655 2632 tamen
683 2567 729 2633 sic
752 2567 847 2631 alteri
868 2568 1031 2649 permixta
1051 2576 1114 2648 est,
1143 2579 1181 2634 ut
1208 2591 1275 2634 nou
1297 2571 1376 2634 reti-
1429 2567 1498 2632 ulla
1526 2589 1562 2631 rc
1583 2574 1704 2649 potest,
1733 2574 1768 2630 et
1795 2568 1906 2631 omnia
1932 2577 2066 2650 propter
2088 2590 2122 2633 se
2144 2579 2312 2652 operatur,
2348 2593 2408 2637 uec

397 2661 478 2718 neat
505 2658 642 2717 natiuae
670 2673 748 2718 suae
776 2654 1015 2735 proprietatem.
1059 2654 1176 2738 Neque
1204 2656 1293 2720 cuim
1320 2664 1377 2720 aut
1428 2655 1601 2735 quidquam
1621 2673 1691 2716 enm
1711 2652 1801 2732 tatet,·
1829 2653 1898 2735 agit
1919 2654 2029 2718 omnia
2048 2676 2107 2737 pro
2130 2676 2208 2720 suae
2229 2656 2408 2721 voluntatis

397 2740 512 2804 anima
537 2759 652 2821 corpus
681 2746 740 2802 aut
765 2758 883 2820 corpus
910 2740 1020 2802 anima
1044 2747 1102 2805 est.
1148 2739 1259 2823 Quare
1282 2749 1315 2806 et
1336 2739 1377 2806 de
1430 2739 1579 2816 arbitrio,
1612 2746 1646 2802 et
1679 2747 1729 2802 cst
1760 2737 1933 2803 invisibilis
1963 2761 2001 2805 ac
2027 2740 2254 2823 impalpabilis.
2302 2743 2409 2823 Neque

398 2825 511 2889 anima
533 2844 681 2888 scorsum
703 2822 822 2888 dieitur
847 2822 933 2906 quod
960 2827 995 2889 iu
1023 2847 1141 2909 corpus
1167 2827 1377 2892 nullomodo
1430 2830 1533 2889 tamen
1563 2823 1638 2888 baec
1668 2823 1823 2888 ttnmanae
1854 2829 1975 2888 tantam
2006 2846 2083 2890 snae
2110 2832 2245 2892 amarae
2270 2848 2409 2892 seersum

399 2909 517 2976 cadere
548 2916 669 2993 petest;
702 2919 736 2974 et
769 2909 810 2973 de
843 2930 976 2992 corpore
1008 2933 1139 2991 rursus,
1172 2912 1260 2996 quod
1286 2913 1379 2995 nulla
1430 2909 1594 2989 adsmilit,
1630 2909 1684 2973 sed
1710 2911 1745 2972 in
1772 2930 1805 2973 se
1831 2910 1936 2989 ipsum
1962 2912 2086 2993 namet,
2114 2914 2207 2992 qnasi
2228 2914 2409 2979 mediatoris

399 2996 528 3060 ratione
560 2995 690 3060 animae
718 2995 907 3075 conveniam
940 2995 981 3060 de
1013 3004 1082 3061 tete
1110 2997 1257 3076 homine,
1289 2999 1377 3081 quod
1424 3017 1578 3078 personae
1594 2996 1783 3059 conveniant.
1816 2994 2074 3060 Communicatie
2087 3005 2198 3062 autem
2215 2999 2409 3064 idiomatum

398 3103 460 3146 uec
483 3080 523 3144 de
546 3082 656 3145 anima
678 3102 836 3159 seorsum,
860 3080 981 3146 neoda
1004 3103 1151 3165 corpere,
1172 3085 1237 3148 nisi
1257 3085 1376 3166 inepte,
1431 3083 1500 3148 sive
1526 3083 1763 3164 proprietatum
1790 3088 1852 3157 est,
1882 3080 1968 3162 quod
1995 3081 2075 3146 dicit
2099 3083 2224 3147 Paulus
2247 3085 2336 3168 (Act
2356 3090 2407 3162 20,

399 3166 504 3250 accipi
525 3167 636 3249 possit
669 3167 841 3231 Postremo
860 3167 965 3230 animi
986 3170 1118 3252 propria
1135 3170 1379 3235 transferimtur
1432 3167 1498 3252 28),
1520 3166 1631 3232 Deum
1653 3188 1712 3232 suo
1733 3166 1892 3250 sanguine
1915 3168 2125 3250 acquisivisse
2148 3169 2209 3233 sibi
2227 3171 2406 3248 ecclesiam,

399 3251 442 3318 ad
474 3273 606 3335 corpus,
641 3259 675 3317 et
706 3252 840 3334 propria
871 3254 1015 3335 eorporis
1043 3253 1085 3319 ad
1112 3256 1265 3320 animam.
1310 3253 1379 3337 Qui
1431 3264 1473 3333 ct,
1494 3254 1675 3318 Dominum
1697 3248 1818 3337 gloriae
1840 3253 2035 3318 crucifixum
2057 3253 2089 3335 (l
2111 3253 2184 3318 Gor.
2205 3258 2233 3331 2,
2247 3254 2291 3338 8).
2328 3254 2408 3319 Item

398 3343 512 3402 tamen
545 3338 586 3401 iis
619 3345 762 3418 constat,
803 3360 889 3403 unus
923 3339 1020 3404 homo
1052 3348 1118 3418 est,
1158 3363 1224 3405 nou
1256 3341 1376 3425 plures.
1431 3340 1514 3422 qnod
1539 3341 1615 3404 dicit
1636 3339 1770 3403 lenientes
1792 3338 1825 3422 (1
1845 3337 1961 3402 Ioann.
1984 3344 2016 3419 l,
2039 3339 2086 3423 1),
2117 3341 2283 3421 palpatam
2307 3340 2409 3421 fnisse

397 3421 599 3489 Huiusmodi
620 3446 697 3489 vcro
719 3422 873 3505 loquendi
893 3425 1052 3490 formulas
1074 3432 1108 3491 ct
1128 3449 1229 3491 unam
1249 3449 1320 3493 esse
1341 3428 1378 3492 in
1430 3446 1600 3491 sermenem
1624 3426 1713 3489 vitae.
1755 3425 1848 3488 Deus
1876 3431 1964 3489 certe
1989 3445 2050 3489 nec
2077 3427 2271 3509 sanguinem
2299 3425 2408 3505 habet,

397 3508 532 3574 homine
561 3530 736 3592 personam
764 3530 806 3575 eu
835 3508 961 3575 duobus
988 3513 1144 3577 connexis
1166 3515 1377 3596 compositam
1430 3533 1491 3578 nec
1512 3513 1650 3595 patitur,
1679 3531 1732 3575 neec
1753 3509 1900 3574 mundns
1922 3511 2009 3592 tanyi
2025 3515 2140 3592 potest·
2169 3511 2227 3576 sed
2253 3512 2408 3595 quoniam

398 3594 601 3679 significant,
632 3602 666 3659 et
688 3594 769 3660 duas
791 3594 923 3660 subesse
946 3596 1092 3677 diuersas
1113 3605 1264 3676 naturas,
1293 3621 1377 3681 quae
1430 3598 1458 3663 is
1482 3599 1539 3680 qui
1559 3619 1657 3663 verus
1680 3602 1752 3660 erat
1772 3597 1865 3660 Deus
1887 3604 1920 3659 et
1941 3596 2053 3674 home,
2077 3596 2246 3674 Christus,
2273 3599 2407 3681 sangui·

397 3679 485 3746 hanc
513 3682 722 3746 constituant.
772 3679 822 3745 Ita
847 3688 881 3745 et
908 3681 948 3746 de
971 3681 1105 3748 Christo
1127 3686 1307 3769 scripturae
1329 3685 1376 3749 lo-
1430 3706 1506 3749 uem
1533 3705 1630 3749 suum
1652 3703 1710 3765 pro
1733 3683 1826 3746 uobis
1848 3682 2024 3747 crucifixus
2043 3681 2143 3760 fudit,
2172 3704 2255 3764 quac
2282 3684 2318 3747 in
2345 3684 2408 3748 hu-

397 3774 552 3849 quuutur.
596 3767 796 3832 Attribuunt
822 3766 871 3830 illi
899 3768 1066 3833 interdum
1094 3791 1175 3854 quae
1198 3771 1240 3835 ad
1259 3770 1376 3836 huma·
1419 3768 1528 3835 'mana
1550 3770 1621 3834 cius
1641 3777 1761 3832 natura
1782 3775 1914 3850 peraeta
1936 3773 2028 3846 sunt,
2053 3766 2096 3832 ad
2117 3767 2324 3833 divinitatem
2345 3770 2407 3834 im·

396 3852 538 3917 nitatem
560 3852 773 3935 singulariter
790 3853 904 3918 referri
922 3864 1084 3937 oporteat,
1106 3856 1272 3921 interdum
1292 3878 1376 3940 quac
1429 3857 1574 3940 proprie,
1602 3855 1679 3919 licet
1707 3875 1773 3916 nou
1796 3852 1866 3917 sine
1884 3852 2025 3931 ratione,
2055 3854 2307 3920 transferuutur.
2330 3912 2333 3919 .
2353 3853 2407 3920 Si-

398 3936 565 4003 diviuitati
586 3939 794 4022 peculiariter
815 3948 1014 4021 competant;
1036 3962 1272 4025 nonuunquam
1293 3964 1376 4024 quae
1428 3942 1506 4006 mile
1535 3950 1585 4006 est
1612 3938 1815 4021 exemplum,
1843 3938 1900 4002 ubi
1922 3937 2063 4004 Ioannes
2093 3939 2185 4005 docet
2212 3942 2324 4005 Deum
2350 3962 2407 4023 po-

396 4029 571 4106 utramque
603 4033 758 4089 naturam
785 4024 1057 4108 complectantur,
1091 4029 1200 4092 neutri
1228 4050 1375 4093 scorsum
1429 4029 1532 4094 suisse
1556 4026 1700 4090 animam
1727 4045 1821 4088 suam
1847 4045 1906 4105 pro
1927 4024 2022 4089 nobis
2045 4024 2135 4110 (ibid.
2156 4029 2185 4104 3,
2208 4026 2271 4110 16).
2316 4027 2407 4110 Ergo

396 4110 478 4174 satis
500 4112 704 4176 conveniant
749 4112 859 4192 Atque
883 4111 981 4176 istam
1002 4112 1135 4195 quidem
1157 4113 1295 4196 duplicis
1316 4136 1375 4178 na·
1429 4122 1462 4178 et
1494 4113 1562 4176 illic
1593 4111 1803 4174 humantitatis
1835 4111 2016 4192 proprietas
2055 4132 2131 4176 cum
2162 4112 2261 4177 attera
2292 4118 2408 4178 amara

395 4201 492 4260 turae
514 4194 790 4274 coniunctionem,
819 4216 901 4277 quae
922 4197 959 4259 in
980 4197 1113 4263 Christe
1135 4197 1258 4278 subest,
1282 4207 1376 4264 tauta
1428 4198 1696 4264 communicatur.
1758 4196 1907 4260 Rursum
1951 4218 2054 4278 quum
2092 4197 2214 4263 diceret
2253 4197 2406 4262 Christus

395 4280 555 4365 religione
566 4283 764 4365 exprimunt,
787 4291 826 4346 ut
847 4303 902 4346 eas
923 4282 1114 4366 quaudoque
1131 4285 1218 4348 inter
1235 4306 1270 4350 se
1288 4306 1375 4350 com·
1429 4285 1615 4369 (Ioann.3‚
1638 4282 1692 4366 13)
1719 4281 1826 4347 adhuc
1854 4282 1889 4345 in
1912 4283 2008 4348 terris
2030 4305 2145 4367 agens,
2174 4283 2341 4348 nemiuem
2369 4283 2406 4345 ιιι

395 4367 580 4447 municent;
618 4369 674 4450 qui
706 4377 820 4450 tropus
845 4367 1011 4432 veteribus
1039 4367 1212 4451 ἰδιωμάτων
1237 4379 1375 4434 κοινωνία
1428 4372 1555 4438 ceolum
1582 4367 1765 4434 ascendisse
1792 4368 1856 4432 nisi
1885 4369 1991 4432 filium
2013 4368 2155 4433 hominis
2182 4370 2238 4450 qui
2259 4368 2295 4429 iu
2316 4366 2405 4431 coelo

397 4451 504 4519 dictus
526 4460 584 4518 est.
1428 4464 1508 4535 erat,
1531 4463 1618 4522 certe
1636 4464 1714 4520 tunc
1732 4454 1900 4519 soenndmn
1916 4454 2071 4519 hominem
2091 4460 2119 4518 et
2141 4455 2176 4517 in
2196 4472 2289 4516 carne
2309 4472 2405 4532 meam

485 4542 513 4603 2.
558 4538 645 4603 Haec
667 4560 787 4620 pamm
810 4538 906 4619 firma
938 4545 1034 4604 essent
1061 4540 1127 4604 nisi
1152 4542 1316 4623 plurimae
1348 4548 1376 4607 et
1426 4544 1574 4608 induerat
1593 4562 1661 4604 nen
1682 4547 1754 4604 erat
1773 4541 1810 4603 iu
1831 4540 1935 4619 coelo,
1959 4538 2016 4604 sed
2034 4541 2114 4621 quia
2134 4539 2204 4620 ipse
2224 4535 2312 4600 idem
2334 4546 2407 4602 erat

392 4626 520 4706 maim
538 4625 643 4689 obviae
652 4626 826 4706 scripturae
832 4623 968 4706 phrases
979 4625 1148 4707 probarem
1167 4627 1249 4692 nibil
1270 4648 1375 4692 eornm
1427 4631 1519 4695 Deus
1552 4634 1586 4694 ct
1613 4627 1725 4704 homo,
1759 4634 1892 4709 proptor
1918 4625 2055 4708 damas
2079 4631 2216 4687 naturae
2248 4623 2406 4689 unionem

394 4709 497 4791 fnisse
514 4710 698 4774 hnmanitas
715 4712 924 4794 excapitatnm.
955 4709 1053 4791 Quod
1064 4711 1104 4776 de
1117 4734 1153 4777 sc
1165 4712 1236 4797 ipss
1248 4712 1375 4779 dicebat
1428 4716 1523 4781 alteri
1544 4711 1643 4778 dabat
1663 4712 1750 4795 quod
1770 4719 1843 4776 erat
1864 4712 2006 4776 alterius.

396 4792 565 4861 Ohristus:
588 4803 764 4878 antequam
775 4797 946 4862 Abraham
958 4799 1061 4876 fieret,
1080 4818 1141 4882 ego
1153 4820 1227 4864 sum
1279 4821 1372 4864 oann.
1515 4805 1543 4865 3.
1589 4797 1657 4864 Sed
1678 4799 1825 4863 omnium
1847 4796 2026 4862 clarissime
2047 4811 2160 4857 veram
2178 4791 2304 4858 Christi
2327 4795 2405 4859 sub-

397 4885 428 4961 8,
448 4883 520 4969 58),
545 4882 643 4965 louge
665 4883 705 4947 ab
727 4883 933 4948 humanitate
955 4884 1099 4949 alienum
1120 4893 1200 4951 erat.
1276 4905 1307 4950 ee
1326 4906 1376 4950 nee
1428 4888 1585 4952 stantiam
1602 4893 1760 4950 enarrant
1777 4884 1848 4960 loci,
1872 4882 1928 4964 qui
1947 4888 2120 4959 utramque
2134 4878 2233 4942 simul
2251 4887 2407 4946 naturam

396 4964 470 5032 latet
490 4989 550 5050 qno
578 4969 688 5032 mettio
716 4969 882 5050 depravent
909 4971 1008 5035 tamem
1035 4971 1115 5036 tenne
1136 4973 1256 5037 menei
1281 4973 1376 5054 spiri·
1427 4971 1717 5056 comprehendunt,
1736 4970 1848 5052 quales
1867 4968 1904 5030 in
1926 4963 2096 5046 evaugelio
2117 4964 2251 5030 Ioannis
2272 4974 2407 5032 exstant

396 5056 462 5133 tus,
490 5075 597 5137 nempe
624 5055 816 5134 superiorem
835 5055 937 5135 fnisse
958 5059 1099 5122 omnibns
1120 5058 1269 5138 saeculis,
1298 5061 1375 5138 qnia
1427 5059 1668 5142 quamplurimi.
1714 5053 1886 5139 Siquidem
1907 5071 1967 5115 nec
1989 5048 2120 5114 deitatis
2142 5051 2322 5135 singulm,
2343 5074 2405 5119 nec

304 5206 318 5225 ,
396 5139 466 5204 iam
491 5145 563 5204 tnne
586 5140 806 5222 praemqnitns
831 5139 895 5220 snit
921 5142 1092 5224 nedennptar
1118 5149 1183 5209 tam
1211 5146 1247 5209 in
1267 5146 1375 5226 patris
1428 5145 1644 5210 humanitatis
1665 5143 1737 5218 fuit,
1761 5137 2009 5218 sod-utriusque
2032 5136 2138 5216 simul,
2162 5137 2247 5220 quod
2269 5138 2336 5204 illic
2357 5138 2405 5203 le·

374 5226 534 5305 'coniitia
556 5247 652 5307 qnam
672 5225 707 5289 in
727 5225 879 5289 mentibus
894 5227 1031 5307 piorum.
1074 5228 1136 5294 Sed
1156 5252 1253 5312 qnnm
1274 5236 1376 5314 aperte
1428 5233 1532 5315 gitur,
1562 5234 1757 5314 potestatem
1778 5222 1939 5304 accepisse
1961 5243 1981 5286 a
2003 5229 2096 5305 patre
2118 5223 2307 5288 remittendi
2329 5244 2405 5305 pec·
2505 5239 2507 5244 '

1428 5325 1517 5395 cata,
1551 5309 1730 5381 suscitandi
1755 5330 1836 5391 quos
1857 5308 1953 5388 velit,
1980 5309 2151 5388 iustitiam,
2186 5309 2402 5388 sanctitatem,

1429 5403 1570 5467 salutem
1596 5394 1772 5481 largienda
1789 5393 1983 5475 praefectam
2004 5414 2070 5460 esse
2096 5394 2236 5459 iudicem
2258 5393 2343 5459 vivis
2370 5402 2404 5459 et

373 5538 381 5553 '
471 5529 501 5599 1)
521 5530 621 5596 confer
637 5531 765 5585 editionis
784 5528 972 5598 praecedentis
992 5528 1058 5597 Cap.
1082 5529 1150 5585 VH.
1169 5532 1192 5597 ς.
1208 5532 1310 5586 13-17
1329 5536 1378 5588 „a
1427 5487 1574 5586 mortuis,
1596 5491 1635 5549 ut
1656 5483 1834 5546 honoretur
1852 5480 2126 5564 quemadmodum
2145 5487 2179 5542 ct
2198 5484 2300 5561 pater.
2339 5478 2405 5544 De-

396 5607 491 5682 am
510 5601 619 5670 „wa
635 5600 818 5666 manseram
836 5599 915 5653 “am
933 5614 1063 5679 ,ΨΜ
1080 5600 1209 5653 ,qvem
1242 5599 1283 5665 of,
1294 5603 1376 5654 mm
1427 5592 1522 5671 ntqne
1541 5567 1626 5652 quod
1643 5569 1702 5632 lux
1719 5565 1843 5646 muudi,
1865 5574 1978 5650 paster
1991 5567 2103 5643 bonus,
2124 5564 2259 5628 unicum
2270 5565 2402 5644 estium,

391 5669 467 5724 aaut.
484 5670 508 5735 §-
525 5667 550 5722 6.
620 5667 650 5737 2)
669 5668 827 5724 Etanna
846 5668 910 5722 aad.
928 5685 1041 5722 unicani
1427 5664 1506 5723 vitis
1532 5676 1611 5721 vera
1631 5660 1840 5736 nuncupatur
1867 5652 1995 5738 (Ioann
2015 5656 2048 5730 1,
2068 5655 2108 5713 29
2131 5653 2222 5803 amb,
2241 5653 2280 5714 21
2303 5671 2403 5734 seqq„

508 5753 618 5809 Odeim
633 5770 723 5823 opera
764 5755 821 5811 Vei
839 5754 883 5808 11.
