5600 6809
401 802 462 864 769
734 797 823 862 ΙιῙΒ.
846 797 907 861 IV.
951 796 1016 862 DE
1037 793 1275 862 exsultate
1296 793 1464 864 Manus
1485 794 1551 860 AD
1574 790 1806 862 SALUUDM.
1852 796 1952 864 OAP.
1973 796 2000 862 1.
2023 798 2068 865 11.
2344 794 2406 862 lib
2471 815 2473 818 ’

398 988 474 1052 trix.
508 985 652 1052 Graecos
675 985 800 1050 faciunt
821 983 1052 1050 schismaticos.
1087 982 1163 1064 Quo
1184 983 1278 1048 iure?
1301 985 1378 1066 quia
1428 982 1560 1064 superbe
1579 983 1755 1064 despiciunt
1772 986 1925 1067 penuinos
1941 984 2006 1051 Dei
2025 986 2118 1067 filios,
2140 1007 2235 1068 quum
2256 989 2320 1053 sint
2338 989 2406 1070 ipsi

399 1072 524 1138 asede
553 1071 729 1154 apostolica
756 1069 963 1135 desoiseendo
990 1069 1201 1154 privilegium
1227 1069 1376 1151 perdide·
1429 1070 1597 1154 deponeres.
1642 1070 1710 1134 Nos
1730 1081 1902 1152 quoqae'eu
1918 1073 2068 1154 opposito,
2091 1074 2167 1136 dum
2188 1075 2339 1138 audimus
2360 1093 2406 1138 se-
2507 1071 2511 1078 ’

398 1167 484 1223 runt.
531 1157 640 1238 Quid?
665 1178 775 1222 annon
796 1156 900 1220 multo
922 1178 976 1220 ma
1002 1157 1027 1220 's
1049 1155 1186 1238 perdere
1207 1162 1377 1220 merentur
1428 1157 1487 1221 rael
1508 1177 1524 1220 e
1544 1156 1624 1220 coelo
1639 1157 1881 1238 pronuntiatum
1902 1177 1981 1222 esse:
2001 1159 2076 1222 eiiee
2092 1159 2240 1224 ancillam
2258 1165 2285 1222 et
2300 1159 2403 1240 filiam

420 1246 454 1309 ui
476 1265 495 1307 a
517 1244 649 1309 Christo
672 1244 741 1325 ipso
764 1241 941 1307 deficiunt?
1011 1242 1142 1324 equitur
1163 1260 1241 1324 ergo
1264 1242 1375 1306 evani·
1428 1244 1496 1306 eim
1514 1241 1615 1327 (Gen.
1635 1246 1685 1319 21,
1710 1242 1772 1326 10),
1795 1242 1849 1307 loe
1865 1244 2040 1308 inviolabili
2056 1245 2173 1309 deerem
2191 1245 2266 1325 freti
2280 1245 2405 1326 fortiter

398 1266 476 1395 dum
499 1350 569 1394 esse
591 1337 799 1412 praetextum
817 1328 1038 1405 successionis,
1061 1327 1125 1392 nisi
1147 1325 1272 1391 Christi
1290 1328 1376 1392 veri·
1428 1348 1614 1410 spmmtnrus
1640 1327 1801 1408 insipidas
1829 1349 1933 1393 eorum
1961 1330 2136 1395 mutuatim.
2181 1330 2267 1394 Nem
2292 1332 2323 1395 si
2351 1351 2404 1396 ea-

398 1423 508 1493 tetem,
531 1437 628 1498 qnam
651 1436 671 1479 a
693 1413 841 1498 patribus
863 1435 922 1495 per
942 1435 1079 1477 manum
1096 1415 1288 1496 acceperint,
1311 1413 1375 1479 sal·
1427 1419 1515 1479 terna
1530 1414 1724 1495 professione
1745 1414 1943 1494 superbiunt,
1967 1414 2086 1481 lmuael
2106 1436 2224 1496 quoque
2246 1417 2404 1480 eircuntci·

398 1523 474 1568 vam
497 1510 530 1565 et
551 1503 775 1584 incorruptam
797 1499 919 1581 posteri
941 1500 1104 1564 retineant
1126 1519 1164 1564 ae
1186 1499 1220 1562 in
1240 1521 1279 1563 ea
1300 1520 1374 1582 per·
1427 1520 1483 1564 sus
1504 1503 1587 1576 erat;
1614 1500 1645 1563 si
1666 1501 1851 1579 antiquitate
1866 1506 2026 1582 puqnaut,
2055 1502 2110 1566 ille
2130 1507 2198 1566 erat
2212 1503 2404 1586 primoqeni·
2471 1545 2473 1551 ι

397 1596 561 1652 maneant.
1426 1592 1491 1650 tus:
1512 1586 1652 1649 emensus
1669 1590 1771 1649 tamen
1788 1586 1937 1650 abdicari.
1973 1586 2010 1648 Si
2027 1608 2124 1651 rausa
2142 1589 2312 1668 quaeritur,
2335 1609 2403 1652 eam

485 1678 512 1736 3.
557 1673 647 1755 Ergo
675 1693 740 1735 non
769 1671 857 1734 aliud
887 1670 985 1734 hodie
1006 1669 1229 1753 praetendunt
1250 1669 1373 1734 Roma
1429 1671 1553 1736 Paulus
1580 1671 1690 1752 (Rom.
1715 1674 1743 1747 9,
1769 1670 1803 1755 6)
1825 1673 1977 1754 assipnat,
1999 1692 2059 1735 non
2082 1675 2198 1737 censeri
2218 1675 2300 1738 irrtm
2317 1673 2403 1753 filios

398 1780 517 1823 nenses
549 1779 647 1840 quam
682 1757 821 1821 Iudaeos
856 1756 934 1819 olim
968 1755 1152 1830 obtendisse
1170 1756 1193 1839 ¹)
1226 1764 1372 1838 apparet,
1427 1759 1493 1822 uisi
1518 1758 1575 1839 qui
1600 1757 1699 1839 perciti
1722 1761 1797 1820 sunt
1818 1777 1856 1820 ea
1871 1777 1956 1839 puro
1977 1763 2005 1821 et
2025 1757 2160 1840 leqitimo
2180 1760 2337 1824 doetrinae
2358 1779 2404 1825 se·

418 1866 497 1909 uum
519 1844 700 1920 caecitatis,
723 1843 917 1924 impietatis,
940 1841 1143 1907 idololatriae
1165 1863 1185 1905 a
1206 1841 1374 1924 prophetis
1426 1845 1517 1908 mine.
1563 1841 1739 1906 Secundum
1759 1842 1839 1906 lane
1859 1845 2012 1907 rationem
2032 1851 2120 1927 neqat
2141 1864 2174 1908 se
2195 1844 2285 1909 Deus
2307 1844 2400 1929 (Mal.

299 2005 304 2013 ι
432 1930 533 1993 omini
555 1937 778 2012 arguerentur.
824 1922 910 1992 Nam
933 1936 971 1991 ut
991 1928 1040 1991 illi
1061 1927 1236 2010 templum,
1264 1948 1373 1992 caere-
1427 1933 1455 2008 2,
1479 1930 1515 2010 l)
1543 1928 1654 2008 impiis
1674 1928 1883 1992 sacerdotibus
1904 1928 2084 1994 obstrictum
2104 1950 2182 2009 csse,
2212 1932 2289 2011 quia
2310 1932 2402 2012 pepi-

395 2017 537 2093 monias,
567 2015 747 2080 sacerdotia
769 2013 908 2098 gloriose
930 2013 1110 2091 iactabant,
1138 2014 1255 2095 quibus
1275 2013 1372 2077 rebus
1423 2017 1504 2097 perit
1530 2035 1601 2078 eum
1622 2019 1716 2095 patre
1743 2033 1850 2077 eorum
1874 2014 1950 2078 Leni
1977 2016 2084 2095 ipsum
2104 2016 2167 2081 sibi
2188 2017 2332 2098 anqelum
2354 2017 2402 2081 uel

396 2101 565 2166 ecelesiam
597 2121 742 2184 magno,
766 2109 804 2164 ut
836 2100 898 2164 sibi
931 2098 1140 2180 videbantur,
1176 2107 1372 2183 argumento
1425 2103 1622 2182 interpretem
1647 2100 1730 2181 fore;
1757 2100 1820 2163 imo
1847 2101 1883 2163 in
1909 2119 1960 2164 eos
1986 2106 2137 2181 retorquet
2156 2101 2275 2183 falsam
2295 2121 2401 2166 murm

394 2188 621 2264 metiebantur,
643 2187 692 2250 ita
708 2208 767 2268 pro
789 2186 926 2250 ecclesia
948 2193 1103 2249 externae
1125 2185 1285 2268 quaedum
1306 2185 1372 2248 lar·
1423 2188 1649 2270 pleriationem,
1671 2206 1734 2264 qua
1755 2184 1891 2249 solebant
1912 2186 2073 2268 insmqerc
2093 2193 2199 2252 centra
2215 2188 2401 2269 propbetas.-

396 2294 457 2338 vae
475 2273 516 2337 ab
535 2273 587 2337 his
609 2282 827 2355 opponuntur,
850 2293 933 2353 qnae
954 2271 1051 2354 longe
1073 2291 1168 2353 saepo
1191 2270 1310 2335 absunt
1332 2269 1372 2333 ab
1424 2273 1505 2354 quod
1536 2273 1653 2336 seilicet
1683 2271 1824 2353 diquitas
1856 2271 2021 2336 sacerdotii
2049 2273 2084 2335 iu
2115 2274 2272 2355 sinqulari
2298 2275 2402 2355 pretio

394 2359 539 2435 eeclesia,
557 2366 591 2422 ct
606 2360 689 2422 eitra
707 2379 788 2440 quas
805 2357 941 2423 ecclesia
956 2358 1076 2440 optime
1096 2364 1245 2421 constare
1255 2364 1370 2438 potest.
1423 2358 1562 2423 mbernla
1578 2359 1663 2439 soret.
1708 2357 1776 2421 Hoc
1793 2357 1861 2436 ipsc
1881 2356 2008 2422 libenter
2029 2358 2178 2437 admittit,
2205 2364 2233 2422 et
2253 2358 2312 2423 bae
2332 2379 2401 2423 con-

395 2443 507 2523 erare
515 2466 619 2525 neque
631 2444 694 2508 alio
702 2451 896 2526 argumento
904 2442 1067 2507 refutandi
1078 2443 1172 2507 nobis
1180 2451 1265 2519 sunt,
1274 2462 1371 2523 quam
1423 2445 1539 2509 ditione
1576 2463 1646 2507 cum
1683 2444 1765 2522 ipsis
1802 2443 1969 2524 disceptat,
2008 2443 2085 2524 quia
2116 2450 2246 2525 paetum
2278 2465 2401 2509 seruare

395 2551 459 2612 quo
481 2529 638 2594 adversus
661 2529 795 2594 stultam
818 2529 910 2592 illam
928 2529 1123 2593 Iudaeorum
1141 2527 1371 2593 confidentiam
1417 2535 1557 2610 paratus
1583 2531 1641 2606 sit,·
1668 2528 1744 2591 dum
1769 2533 1871 2592 onum
1898 2530 1964 2609 ipsi
1991 2534 2097 2593 mutuo
2126 2550 2187 2595 uon
2208 2532 2399 2612 respondent,

400 2616 569 2698 pugnabat
581 2616 737 2679 Ieremias
749 2614 793 2698 (7,
806 2616 856 2697 4),
870 2636 988 2696 nempe
1003 2636 1043 2678 ne
1056 2614 1239 2697 glorientur
1250 2614 1286 2676 in
1297 2634 1372 2679 ver·
1422 2615 1589 2697 repudiari
1616 2617 1780 2677 macutus·
1823 2613 1878 2678 Eu
1905 2615 1983 2695 quid
2009 2614 2110 2680 valed
2137 2619 2301 2695 successio,
2335 2617 2401 2681 nisi

337 2773 345 2782 ,
396 2700 445 2764 bis
463 2700 683 2780 mendacibus,
702 2699 863 2765 dicomm:
882 2700 1042 2783 templum
1053 2700 1197 2776 Domini,
1210 2699 1370 2780 templum
1424 2701 1559 2765 imitatio
1587 2700 1681 2764 etiam
1709 2699 1871 2781 omsiuucta
1901 2702 1943 2764 sit
1970 2706 2062 2781 atque
2094 2701 2267 2782 aequabilis
2299 2708 2400 2766 tenor:

396 2786 546 2864 Domini,
560 2787 718 2868 templum
729 2787 864 2850 Domini
876 2794 933 2850 est.
963 2785 1103 2866 Quando
1114 2785 1198 2848 nihil
1209 2785 1372 2849 Dominus
1424 2807 1531 2866 aernpe
1551 2791 1588 2849 ut
1602 2785 1730 2865 postmi,
1747 2785 1843 2847 simul
1859 2805 1896 2850 ae
1913 2787 2040 2850 corruisti
2060 2788 2178 2868 suerint
2194 2789 2360 2854 descivisse
2379 2809 2400 2851 a

395 2873 523 2954 uspiam
534 2893 630 2935 suum
642 2873 789 2955 agnoseit
799 2873 863 2936 nisi
874 2871 1073 2936 ubiverbum
1086 2892 1182 2934 suum
1193 2870 1325 2934 auditur
1334 2891 1372 2934 ao
1424 2892 1486 2937 sua
1513 2872 1646 2953 eripiare,
1674 2870 1758 2933 muni
1777 2869 1888 2933 bonore
1903 2873 2079 2953 priventur.
2127 2873 2203 2937 Nisi
2223 2874 2302 2955 forte
2323 2876 2400 2955 quia

394 2957 546 3040 religiose
558 2959 756 3022 observatur.
780 2957 833 3021 Ita
843 2978 943 3039 quum
953 2957 1058 3039 gloria
1068 2957 1131 3020 Dei
1147 2957 1234 3019 inter
1245 2954 1372 3020 (iheru-
1427 2957 1568 3038 Caiphae
1597 2955 1706 3019 multis
1732 2956 1804 3035 piis
1837 2956 2046 3020 sacerdotibus
2078 2960 2224 3022 sucessit
2253 2959 2329 3042 (imo
2361 2960 2400 3024 ab

394 3043 463 3106 bim
478 3044 513 3106 in
529 3044 718 3107 sanctuario
736 3041 872 3119 sederet,
891 3062 1026 3125 eamque
1045 3041 1155 3107 sedem
1173 3040 1233 3105 sibi
1252 3049 1373 3106 statam
1424 3044 1553 3108 Acrone
1573 3060 1671 3123 usque
1693 3041 1735 3106 ed
1757 3040 1849 3105 illum
1868 3043 2014 3107 continua
2033 3043 2096 3123 fuit
2116 3044 2237 3127 series),
2255 3046 2323 3108 ideo
2340 3065 2400 3109 sce·

394 3129 464 3194 fore
479 3129 642 3211 pollicitus
660 3137 747 3193 osset
763 3128 845 3209 ipsis
858 3128 929 3212 (En.
947 3133 991 3206 10,
1004 3128 1052 3209 4);
1078 3126 1134 3190 ubi
1156 3126 1281 3191 cultum
1303 3128 1372 3191 eius
1424 3130 1543 3195 leretus
1568 3128 1621 3191 ille
1647 3132 1747 3191 coetus
1772 3127 1915 3192 adanae
1940 3127 2030 3192 titulo
2051 3129 2165 3211 dianrs
2184 3130 2256 3211 fuit.
2300 3130 2400 3210 Atqui

395 3215 507 3297 pravis
529 3213 815 3296 superstitionibus
843 3221 1056 3296 corrumpunt
1082 3212 1279 3286 sacerdotes,
1310 3212 1373 3276 alio
1425 3235 1463 3279 ne
1489 3216 1525 3278 in
1549 3213 1681 3278 terrenis
1707 3213 1832 3292 quidem
1858 3214 2003 3296 imperiis
2028 3213 2083 3279 loe
2107 3215 2189 3295 ferri
2214 3220 2333 3294 posset,
2366 3221 2401 3278 ut

395 3301 610 3382 transmigrat
637 3309 670 3365 et
696 3300 805 3364 locum
832 3299 903 3364 sine
925 3299 993 3363 ulla
1015 3300 1186 3364 sanctitate
1208 3298 1372 3380 relinquit
1425 3321 1517 3366 umus
1548 3298 1736 3379 reipublicae
1766 3298 1876 3365 status'
1898 3299 2022 3364 dicatur
2053 3301 2198 3382 tyrannis
2228 3299 2399 3384 &imildae

397 3383 435 3450 Si
470 3386 627 3467 templum
661 3385 742 3450 illud
774 3384 860 3468 quod
892 3385 1065 3449 ridebatur
1100 3393 1276 3466 perpetuae
1309 3385 1372 3448 Doi
1427 3387 1578 3464 Neronis,
1608 3384 1805 3466 Helioqabali
1833 3385 2049 3464 elsimilium,
2077 3386 2154 3464 quia
2175 3384 2304 3466 Brutis,
2336 3385 2400 3450 Sci-

395 3471 589 3535 habitationi
617 3484 859 3549 consecratum,
888 3468 1069 3553 derelinqui
1091 3493 1111 3534 a
1132 3471 1204 3534 Deo
1232 3489 1270 3535 ae
1297 3491 1372 3553 pro-
1419 3472 1569 3555 pionibus
1589 3476 1617 3534 et
1640 3469 1787 3536 Camillis
1806 3471 2015 3536 cumesseriut.
2061 3470 2252 3536 Praesertim
2273 3492 2343 3536 nero
2364 3474 2400 3537 iu

396 3557 563 3622 sanescere
592 3558 711 3639 potuit,
747 3579 813 3621 non
845 3566 896 3621 est
926 3556 1012 3639 quod
1041 3556 1135 3621 nobis
1162 3556 1216 3620 isti
1244 3556 1374 3640 fingant
1425 3559 1567 3625 masiae
1587 3557 1738 3642 reqimine
1758 3555 1840 3620 nibil
1858 3557 1961 3641 maqrs
1980 3557 2144 3640 (rivolum,
2167 3577 2263 3639 quem
2283 3558 2400 3623 omissa

396 3641 506 3707 Deum
533 3643 582 3706 ita
608 3645 756 3725 personis
779 3652 837 3707 aut
859 3643 938 3708 locis
961 3642 1148 3726 alligatum,
1176 3650 1209 3705 et
1236 3643 1373 3706 affixum
1425 3645 1567 3711 doariua
1592 3643 1813 3708 mammonam
1839 3643 1875 3706 in
1901 3642 1983 3722 ipsis
2006 3643 2153 3724 personis
2180 3644 2288 3709 meare.
2334 3643 2401 3710 Nee

320 3726 323 3731 ’
396 3728 542 3793 externis
562 3729 857 3809 observationibus,
880 3737 918 3792 ut
938 3749 1073 3793 manere
1095 3727 1181 3811 apud
1202 3749 1257 3793 eos
1279 3749 1373 3810 opor·
1425 3722 1496 3796 ee'ro
1523 3729 1695 3811 quiriacam
1722 3729 1829 3791 minus
1854 3728 1973 3793 saumis
1998 3727 2185 3808 macram,
2210 3723 2290 3809 'quos
2316 3729 2399 3810 falso

397 3821 465 3878 teat
493 3816 549 3896 qui
575 3815 707 3880 titulum
728 3814 824 3878 modo
846 3822 880 3878 et
900 3815 1041 3897 speeiem
1063 3815 1218 3879 ecclesiae
1240 3815 1371 3878 habent
1424 3817 1514 3882 nobis
1534 3815 1706 3892 obtrudunt,
1718 3814 1916 3896 propositum
1935 3815 2008 3896 fuit,
2029 3834 2124 3897 quam
2139 3816 2285 3895 praecise
2305 3816 2399 3895 quasi

396 3901 507 3982 Atque
539 3901 619 3966 haee
654 3910 703 3965 est
735 3901 899 3966 contentio
932 3922 1029 3983 quam
1060 3900 1160 3965 habet
1186 3900 1311 3966 Paulus
1336 3901 1373 3964 in
1425 3902 1634 3968 haereditario
1665 3900 1735 3964 iure
1761 3900 1916 3981 probare,
1955 3920 2021 3965 esse
2052 3900 2195 3966 adame
2225 3900 2399 3983 amenaque

397 3986 534 4068 epistola
556 3987 598 4050 ad
620 3988 800 4064 Romanos,
818 4007 846 4058 ,a
868 4007 953 4051 nono
976 3988 1083 4069 eapite
1104 4007 1207 4068 usque
1228 3985 1270 4050 ad
1293 3984 1372 4050 duo-
1425 3988 1561 4070 episcopi
1582 3987 1642 4050 alii
1663 3986 1740 4050 aliis
1760 3986 1920 4069 mbroqati
1938 3986 2072 4067 fument.
2108 3985 2170 4050 Sed
2191 3992 2293 4068 quum'
2309 3992 2398 4053 cetra

397 4071 568 4137 decinnnn.
613 4073 686 4138 Hoc
709 4073 798 4137 enim
821 4072 1031 4137 vehementer
1051 4072 1204 4137 turbabat
1224 4073 1372 4136 infirmas
1424 4073 1662 4140 cortrooersiam
1687 4076 1777 4150 esset,
1805 4071 1886 4135 uilil
1907 4094 1929 4136 e
1944 4073 2107 4153 princepio
2127 4092 2225 4153 usque
2247 4073 2290 4137 ad
2309 4073 2398 4137 ullam

397 4160 627 4236 conscientias,
662 4157 762 4240 quod,
794 4180 896 4240 quum
925 4157 1114 4222 viderentur
1135 4180 1206 4222 esse
1233 4158 1372 4240 populus
1425 4165 1554 4226 adeum
1580 4162 1733 4221 mutatam
1757 4156 1860 4238 fuisse
1884 4159 1920 4222 iu
1947 4158 2104 4235 doctrina,
2131 4157 2292 4223 sumebant
2317 4158 2398 4238 quod

397 4242 471 4322 Dei,
495 4245 655 4327 evaugelii
678 4245 860 4309 doctrinam
880 4265 947 4307 non
968 4243 1064 4307 modo
1087 4244 1292 4326 respuebant,
1316 4243 1372 4307 sed
1425 4245 1568 4311 munibus
1598 4243 1687 4308 nonis
1718 4243 1877 4308 erroribus
1908 4243 2104 4325 mrrbeiendis
2134 4245 2299 4325 suffuerat,
2332 4243 2398 4306 illis

397 4329 495 4394 etiam
531 4331 818 4413 persequebantur.
868 4330 1048 4411 Postquam
1080 4350 1158 4413 ergo
1191 4328 1372 4394 docuinam
1425 4331 1600 4414 oqprrqnari
1622 4330 1794 4394 doctrinam
1818 4330 1857 4394 ab
1878 4331 1961 4412 ipsis
1983 4349 2081 4410 usqne
2098 4329 2244 4409 aposmlis
2260 4332 2399 4392 causton

398 4419 562 4498 exposuit,
593 4417 679 4492 hane
700 4415 926 4480 difficultatem
949 4423 1108 4494 removet,
1138 4436 1175 4479 ac
1197 4426 1296 4497 negat
1318 4414 1372 4477 lu·
1424 4423 1470 4482 ter
1490 4423 1519 4481 et
1538 4416 1684 4480 unanimi
1704 4435 1852 4480 coresatsu
1872 4420 2027 4481 retentam.
2065 4415 2139 4479 Non
2160 4419 2205 4478 est
2226 4415 2323 4496 iqitur
2343 4432 2399 4477 eur

398 4500 495 4565 daeos
511 4502 593 4579 illos,
613 4503 760 4567 veritatis
779 4502 898 4578 hostes,
915 4521 985 4566 esse
1004 4501 1185 4566 ecelesiam:
1209 4510 1373 4582 utcunque
1422 4505 1532 4586 fimum
1562 4502 1702 4582 amplius
1730 4502 1841 4583 faeere·
1858 4507 1994 4586 perperit
2024 4521 2063 4565 ea
2093 4500 2235 4564 eadesiae
2267 4499 2397 4576 nmnine,

399 4586 483 4648 nihil
505 4590 551 4651 eis
574 4588 701 4653 deesset
721 4587 808 4670 quod
831 4595 941 4671 posset
961 4585 1003 4649 ad
1024 4595 1196 4650 externam
1219 4586 1373 4651 melesius
1425 4610 1520 4672 quam
1540 4607 1596 4652 nos
1617 4593 1652 4652 ut
1671 4587 1753 4653 decet
1773 4593 1944 4653 reverenter
1969 4586 2113 4664 colimus;
2133 4584 2187 4649 sed
2208 4583 2262 4647 ribi
2283 4586 2326 4649 ad
2347 4586 2398 4648 de-

398 4671 538 4750 formem
560 4674 641 4737 alias
663 4674 855 4752 desiderari,
882 4673 1019 4755 ideoque
1041 4681 1154 4756 nogat,
1177 4673 1254 4756 quia
1275 4672 1373 4738 Ohri-
1404 4718 1407 4725 ·
1423 4675 1596 4758 britanna
1616 4678 1742 4738 amdam
1757 4679 1810 4753 est,
1832 4694 1895 4737 uon
1910 4673 1998 4736 modo
2015 4690 2108 4750 aqua,
2130 4674 2165 4732 ut
2184 4670 2309 4750 dieitm,
2331 4670 2399 4735 illis

399 4763 486 4822 stum
515 4778 580 4820 non
608 4761 892 4842 amplecterentur.
937 4759 1110 4840 Aliquando
1135 4760 1231 4823 etiam
1251 4778 1373 4841 capres-
1425 4762 1541 4840 land,
1570 4760 1624 4824 sed
1649 4759 1775 4823 baereat
1800 4760 1836 4823 iu
1856 4779 1913 4823 suo
1934 4758 2010 4821 luto:
2038 4754 2116 4834 quia
2134 4754 2285 4835 foetidam
2304 4775 2400 4820 mere·
2428 4800 2431 4804 -

398 4843 469 4906 sius
494 4843 530 4905 iu
556 4845 685 4921 epistola
712 4847 754 4910 ad
783 4846 919 4911 Galatas
950 4845 1000 4928 (4,
1025 4845 1097 4929 22)·
1128 4845 1183 4910 ubi
1210 4843 1374 4910 Ismaelem
1425 4850 1532 4913 tricem
1563 4846 1751 4910 substituunt
1777 4864 1840 4924 pro
1871 4863 1964 4908 saera
1995 4838 2113 4904 Christi
2143 4860 2267 4922 sperno.
2314 4843 2400 4924 Quae

399 4950 468 4992 eum
491 4927 585 4992 Isaac
612 4933 818 5011 comparando
838 4932 950 4997 multos
976 4933 1053 4996 dicit
1074 4933 1109 4996 in
1130 4932 1256 4997 ecelesia
1277 4935 1375 4996 unere
1425 4933 1597 5016 suppositio
1624 4951 1661 4996 ne
1686 4951 1743 4995 nos
1769 4929 1877 5011 sallat,
1906 4929 2032 5007 praeter
2063 4925 2148 4991 alias
2179 4927 2400 4993 admonitiones

398 5015 498 5079 locam
520 5014 563 5077 ad
584 5034 659 5094 quos
680 5036 742 5079 non
757 5016 892 5094 pertinet
912 5017 1099 5096 baereditas,
1127 5019 1205 5100 quia
1221 5018 1374 5103 munequ-
1426 5021 1500 5086 laec
1531 5039 1648 5102 quoque
1675 5015 1848 5098 Auqustini
1860 5016 1885 5096 ¹)
1915 5011 2004 5075 nobis
2031 5017 2199 5076 sirmurrat.
2246 5014 2333 5078 Nam
2364 5015 2401 5078 de

399 5101 459 5165 niti
486 5120 547 5163 non
574 5105 647 5163 stad
675 5120 713 5163 eu
734 5100 832 5163 libera
853 5107 960 5164 metra
1012 5103 1097 5168 Unde
1117 5107 1213 5169 etiam
1234 5105 1277 5169 ad
1297 5124 1375 5170 eom
1426 5106 1552 5172 molesia
1574 5107 1714 5185 aqueus,
1743 5100 1822 5180 ipsa
1836 5103 1893 5175 etl,
1915 5098 2033 5178 induli,
2059 5116 2138 5177 lule
2158 5099 2330 5181 llllwldO
2352 5099 2401 5163 ob·

393 5187 593 5266 paratiorem
613 5185 749 5266 duplicis
773 5183 978 5266 lerosolpmae
998 5188 1164 5253 deseendit:
1185 5190 1262 5271 quia
1276 5191 1375 5254 sicuti
1426 5197 1573 5258 scuratur
1593 5195 1621 5255 et
1641 5195 1792 5267 tanquam
1812 5183 2009 5248 obnubiletur
2028 5183 2224 5248 multitudine
2241 5185 2401 5251 scandala

400 5275 435 5337 in
456 5277 555 5337 nuum
579 5269 658 5335 Sirra
681 5271 731 5335 lee
752 5275 798 5334 est
818 5269 899 5347 lata,
922 5271 1114 5353 manupellum
1134 5294 1205 5338 aero
1227 5295 1264 5338 eu
1287 5275 1375 5339 Ieru-
1426 5299 1514 5356 rum;
1535 5272 1706 5356 aliquando
1727 5268 1954 5350 tranquillitate
1970 5271 2116 5350 temporis
2134 5271 2239 5351 quieta
2256 5276 2285 5335 et
2304 5269 2402 5334 libera

399 5359 496 5423 salem
512 5358 642 5441 prodiit,
661 5359 708 5422 sio
728 5355 820 5420 undti
840 5355 995 5420 serviliter
1014 5357 1083 5418 nati
1102 5361 1130 5421 et
1151 5359 1274 5422 educati
1290 5360 1376 5439 filios
1427 5366 1573 5446 apparet·
1601 5356 1772 5439 aliquando
1792 5355 2026 5420 meduanum
2051 5361 2080 5420 et
2105 5357 2309 5420 tentationum
2326 5356 2420 5434 flue-1

339 5528 347 5546 x
400 5443 464 5509 Dei
489 5450 517 5508 et
544 5444 686 5509 cadmiae
713 5463 746 5508 se
773 5461 838 5506 esse
864 5461 927 5505 uon
950 5440 1126 5505 dubitanter
1153 5443 1285 5522 iactam
1312 5445 1375 5508 imo
1427 5450 1510 5513 tibus
1529 5446 1669 5527 ope-ritm
1690 5447 1781 5523 atque
1801 5442 1951 5507 turbatur.
1996 5440 2152 5523 Faerpla
2168 5441 2298 5522 profert,
2321 5441 2403 5522 quod

401 5618 603 5626 .--..,....
1429 5618 1632 5630 ‘—

471 5716 499 5784 1)
517 5719 667 5771 ostendisse
686 5715 761 5770 1617.
781 5715 856 5770 1654.
1499 5716 1528 5784 1)
1546 5718 1592 5770 Ad
1609 5716 1736 5771 Vinoent
1755 5719 1834 5787 epist.
1852 5715 1894 5771 48.

505 5803 615 5858 Galmui
628 5819 720 5872 opera.
761 5802 820 5859 Vol.
836 5801 880 5857 11.
