5600 6809
366 810 428 871 ces
611 803 701 870 nm.
724 804 787 869 m.
830 801 896 868 nn
917 796 1054 868 nono
1073 796 1425 889 mammonae
1446 796 1636 866 suumn
1657 800 1874 869 sannen.
1920 803 2019 871 asa.
2042 807 2121 872 nx.
2314 802 2384 894 cro,

360 995 478 1080 modat.
520 992 644 1060 Des’rrde
664 991 798 1058 mucedit
824 992 918 1056 etiam
944 986 1109 1054 commodis
1134 988 1251 1052 nostrie
1265 1005 1341 1068 pro·
1393 986 1517 1052 luarum
1537 993 1702 1069 captemus.
1747 990 1871 1056 Interea
1892 994 2055 1059 tenendum
2076 1000 2122 1060 est
2143 1003 2284 1062 mamm
2302 999 2375 1079 fieri

366 1082 498 1164 spicere,
520 1079 579 1143 leae
598 1085 700 1143 tantm
727 1079 790 1160 depe
810 1097 848 1142 ne
869 1077 946 1157 quid
966 1073 1054 1139 nobis
1073 1078 1255 1153 adpetamus
1275 1072 1342 1136 nisi
1394 1074 1573 1139 dmationis
1604 1075 1705 1154 titrdo,
1736 1078 1812 1157 quia
1838 1097 1893 1142 nco
1922 1078 2085 1145 industria
2117 1101 2171 1146 neo
2204 1083 2292 1148 tator
2321 1103 2375 1149 nea

365 1168 401 1231 in
421 1166 513 1231 ilium
532 1164 641 1245 dnm,
665 1169 701 1227 ut
726 1181 925 1244 quaecamque
950 1158 1039 1225 nabis
1060 1158 1177 1239 confert
1197 1157 1342 1239 beneficia
1394 1178 1511 1223 manua
1529 1164 1666 1239 nomae,
1696 1166 1730 1225 ut
1750 1164 1867 1230 dicitur
1888 1164 1975 1245 aprsd
1992 1163 2103 1229 Mosen
2121 1167 2217 1248 (hev.
2237 1173 2287 1248 26,
2308 1167 2374 1255 20),

365 1252 498 1336 ptoriam
524 1252 593 1316 urus
613 1249 785 1327 silurtrent,
813 1247 887 1329 quio
913 1244 996 1309 nihil
1023 1245 1153 1326 aequius
1181 1249 1226 1308 art
1247 1261 1342 1324 orsam
1394 1242 1483 1309 nodis
1498 1264 1560 1324 per
1575 1265 1609 1310 se
1628 1247 1801 1328 quidpiam
1823 1250 1999 1329 nequinum,
2018 1251 2085 1315 nisi
2105 1253 2190 1316 addi
2205 1252 2270 1318 Dei
2290 1256 2375 1320 bene·

366 1357 424 1402 roe
448 1338 478 1401 ei
503 1336 608 1400 uiuere
633 1340 661 1399 et
686 1335 774 1398 mori.
828 1331 988 1398 &etenim
1014 1329 1089 1395 daec
1106 1327 1134 1413 ¹)
1159 1329 1194 1392 in
1221 1349 1341 1412 genero
1394 1329 1489 1394 didio
1495 1353 1506 1409 ,·
1526 1332 1589 1394 imo
1604 1351 1643 1396 ne
1658 1334 1758 1412 panis
1774 1334 1899 1415 quidem
1915 1336 2004 1416 eopia
2021 1335 2111 1401 nobis
2130 1338 2287 1404 tantillum
2298 1361 2374 1421 pra

366 1421 643 1581 mi’rliib'i
663 1419 814 1570 goffia
838 1413 1343 1581 tilifflthttti'tt
1388 1415 1525 1581 iiiia
1540 1416 1613 1564 tt.
1637 1418 2071 1570 tttttdtttm
2101 1425 2374 1574 {mma

425 1529 482 1571 nr
945 1523 951 1565 :
1326 1533 1342 1547 ·

365 1528 442 1657 inlr
467 1612 505 1657 aa
533 1526 727 1668 vesgtlumur,
754 1525 873 1656 velim
902 1588 1000 1652 etiam
1029 1583 1185 1670 quidquid
1209 1584 1343 1648 omnino
1394 1590 1441 1649 est
1459 1585 1534 1650 daea
1554 1585 1618 1650 Dei
1644 1588 1834 1655 liberalitas:
1861 1526 2175 1672 quiaqpieniseyeetlie
2201 1600 2229 1660 et
2253 1532 2374 1662 kavreng

365 1677 463 1743 nobis
484 1676 666 1742 conducero
692 1677 762 1759 ipse
784 1673 954 1758 prospicit,
984 1679 1020 1736 ut
1045 1689 1165 1754 panem
1193 1681 1344 1735 nostrum
1395 1670 1484 1735 aridi
1505 1677 1533 1734 et
1553 1674 1646 1736 vomi
1674 1674 1845 1755 delicerent,
1871 1677 1937 1741 nisi
1950 1697 2013 1758 per
2040 1679 2110 1743 eius
2133 1682 2272 1763 qratiam
2287 1701 2373 1762 panc

366 1764 400 1828 in
435 1782 515 1846 paee
552 1761 768 1828 comedamus.
825 1758 902 1841 Qua
933 1757 1079 1823 breviter
1112 1776 1172 1820 nos
1207 1756 1242 1818 in
1274 1756 1343 1819 eius
1395 1775 1452 1820 sua
1472 1756 1662 1836 furantur.
1697 1758 1912 1843 Partiarla:¹)
1934 1761 2251 1845 mauretaniae,
2272 1772 2308 1830 ut
2329 1771 2374 1832 eat

367 1867 481 1914 auram
506 1846 682 1925 tradimus,
717 1865 755 1912 aa
782 1842 1007 1928 providentias
1040 1842 1275 1938 committimus
1305 1847 1345 1903 ut
1395 1841 1482 1922 apud
1503 1843 1636 1906 alterum
1662 1846 1896 1928 mansuetam,-
1923 1848 1996 1911 itcm
2016 1848 2164 1929 epitluton
2185 1853 2372 1932 quotidiani,

367 1954 427 1999 nos
454 1941 581 2016 pascat,
608 1933 731 2010 foveat,
755 1937 872 1996 servet.
921 1929 997 1994 Non
1026 1927 1114 1990 enim
1147 1925 1345 2009 dedrgnatur
1394 1927 1542 2008 fraenum
1562 1928 1712 1993 iniiciunt
1732 1932 1916 1997 immodicae
1936 1953 2041 1997 rernnn
2065 1935 2230 2014 duranum
2251 1938 2386 2018 aspidi,

367 2019 510 2103 optimus
535 2025 642 2101 pater,
673 2037 791 2099 corpus
818 2016 918 2081 etium
944 2020 1093 2077 nostrum
1119 2012 1154 2075 in
1179 2008 1279 2076 iidem
1306 2030 1344 2075 ao
1396 2013 1469 2090 tati,
1497 2033 1560 2094 qua
1581 2013 1715 2079 sommus
1729 2022 1860 2096 praeter
1879 2018 2005 2083 modum
2026 2021 2144 2100 ardere,
2166 2027 2195 2086 et
2216 2023 2267 2089 cui
2287 2042 2371 2089 acae-

367 2103 547 2170 oustodiam
565 2123 660 2168 suam
681 2103 854 2185 suscipere,
876 2109 914 2164 ut
929 2098 1028 2164 fidem
1046 2104 1192 2162 noemam
1208 2097 1344 2161 minutis
1395 2096 1474 2161 dunt
1499 2098 1567 2163 alia
1586 2099 1690 2164 mala:
1718 2102 1795 2181 quia
1824 2103 1853 2166 ai
1873 2101 1992 2185 laryior
2012 2108 2146 2186 suppetit
2167 2107 2370 2187 abundantia,

366 2189 439 2255 istis
460 2190 496 2253 in
517 2189 616 2254 rebus
637 2195 801 2266 exeraeat;
825 2186 903 2251 dum
921 2183 963 2250 ab
980 2203 1018 2248 eo
1035 2183 1153 2261 omnia,
1175 2203 1280 2266 usque
1302 2181 1344 2247 ad
1396 2182 1557 2248 ambitiose
1577 2187 1612 2248 in
1632 2185 1830 2268 uoluptatem,
1852 2188 1990 2268 deliciae,
2012 2194 2250 2273 ostemationem,
2272 2194 2371 2259 aliae-

366 2276 486 2340 micam
505 2275 602 2356 panis
623 2280 657 2338 at
683 2282 812 2358 guttam
834 2291 950 2355 aquae,
978 2275 1213 2351 exspectamus.
1257 2268 1345 2332 Nam
1395 2289 1455 2350 pue
1474 2269 1570 2334 luanus
1595 2272 1711 2352 weiss
1731 2273 1966 2354 profundimus.
2009 2275 2124 2360 Itaque
2144 2285 2256 2361 petere
2278 2278 2371 2345 iube·

366 2381 468 2442 quum
490 2360 533 2423 sit
554 2360 665 2425 nescio
686 2380 750 2444 qua
777 2366 889 2423 nostra
916 2354 1090 2438 iniquitate
1110 2362 1342 2437 comparatum,
1394 2374 1470 2418 mur
1492 2354 1653 2420 duntaxat
1673 2366 1833 2439 quantum
1856 2360 2045 2426 necessitati
2060 2369 2192 2428 nostrae
2214 2365 2293 2430 satis
2310 2371 2369 2445 est,

366 2453 406 2510 ut
436 2445 553 2508 maiori
586 2445 694 2509 carnis
725 2465 825 2526 quarn
863 2442 991 2506 animae
1021 2438 1239 2505 sollieitudine
1272 2440 1344 2504 affi·
1395 2448 1429 2503 ot
1449 2438 1590 2504 velutin
1607 2440 1703 2521 diem,
1727 2442 1789 2508 hao
1805 2444 1933 2524 fiducia,
1950 2444 2008 2510 ubi
2025 2467 2085 2512 nos
2102 2448 2199 2515 hodie
2214 2450 2371 2515 nutrierit

367 2531 494 2596 eiamur
520 2549 557 2594 aa
585 2536 813 2611 torqueamur;
844 2528 941 2592 multi
970 2527 1026 2609 qui
1052 2524 1176 2590 audent
1203 2523 1276 2590 Deo
1303 2523 1343 2589 de
1394 2524 1544 2590 coelestis
1564 2536 1666 2607 pater,
1688 2549 1794 2612 neque
1815 2531 1957 2596 erastino
1978 2531 2176 2598 defuturum.
2220 2533 2371 2614 Quanta-

368 2616 479 2679 anima
499 2613 616 2692 fidere,
645 2623 725 2680 sunt
749 2623 862 2679 tamen
888 2611 996 2678 adhue
1085 2630 1183 2677 carue
1203 2609 1341 2688 solliciti,
1394 2629 1522 2693 cunque
1542 2612 1643 2692 ipitur
1669 2633 1781 2678 rerum
1802 2616 1895 2698 eopia
1916 2615 2010 2682 nobis
2036 2619 2165 2699 affluat,
2194 2622 2293 2685 stiam
2314 2618 2371 2685 ubi

367 2700 474 2766 adhue
497 2699 661 2765 haesitant
680 2698 758 2782 quid
780 2699 887 2777 edant,
910 2696 988 2781 quid
1137 2702 1206 2773 tur;
1228 2702 1263 2760 et
1279 2695 1343 2760 nisi
1393 2695 1527 2778 expleta
1556 2695 1681 2762 tuerint
1711 2698 1831 2764 horrea
1862 2709 1896 2766 at
1926 2702 2024 2785 plena
2055 2704 2208 2785 cellans,
2241 2726 2372 2789 semper

367 2807 446 2869 prae
466 2785 618 2850 manibus
641 2784 784 2850 habeant
800 2785 878 2864 vini,
900 2785 1007 2848 frume
1126 2781 1188 2845 olai
1206 2781 1342 2864 copiam,
1393 2787 1506 2845 tamen
1521 2799 1640 2864 panem
1658 2782 1883 2865 quotidianum
1900 2807 1960 2851 nos
1977 2795 2088 2871 petere
2106 2792 2271 2858 convenit:
2293 2792 2371 2873 quia

368 2869 542 2955 trepidant
594 2871 701 2935 Tanta
725 2870 830 2953 pluris
862 2869 956 2934 nohis
982 2875 1034 2932 cst
1064 2866 1165 2931 huius
1195 2886 1343 2931 mamen-
1393 2871 1472 2931 certa
1503 2867 1666 2933 tenendum
1694 2875 1740 2933 eet
1765 2889 1896 2935 omnem
1928 2873 2143 2940 substantiam
2171 2877 2256 2941 nihil
2288 2898 2368 2957 esse,

369 2965 484 3021 aneae
506 2957 593 3021 vitae
614 2956 740 3034 umbra,
761 2976 859 3038 quam
877 2963 1011 3020 aeterna
1030 2951 1088 3016 illa
1103 2951 1341 3016 immortalitas
1393 2951 1459 3016 nisi
1479 2959 1640 3034 quatenus
1666 2954 1770 3020 effusa
1794 2976 1854 3021 sua
1874 2957 2097 3024 bencdimione
2113 2962 2278 3027 Dominus
2296 2983 2369 3027 eam

370 3041 438 3122 Qui
465 3061 543 3106 vero
569 3042 642 3106 Deo
673 3041 786 3106 confisi
813 3040 905 3105 illam
931 3037 973 3104 de
993 3037 1102 3104 earnis
1129 3056 1209 3101 eura
1229 3037 1343 3134 annia·
1394 3038 1538 3103 continuo
1558 3057 1730 3122 procreem
1756 3040 1942 3107 foecundat:
1972 3064 2055 3126 quaa
2080 3047 2179 3110 etiam
2205 3048 2240 3111 in
2266 3068 2368 3112 manu

368 3135 471 3193 tatem
497 3126 599 3192 semel
625 3126 828 3205 abiecerunt,
858 3125 956 3191 simul
982 3123 1093 3189 statim
1114 3141 1198 3204 quae
1219 3140 1344 3186 marera
1394 3129 1508 3187 nostra
1527 3132 1585 3201 est,
1607 3145 1745 3190 nesam
1766 3125 1896 3209 quidem
1925 3136 2071 3194 nostram
2092 3151 2177 3210 asse,
2205 3132 2269 3196 nisi
2288 3152 2369 3213 qua·

370 3219 462 3291 sunt,
491 3213 589 3277 etiam
617 3211 757 3279 salutem
778 3220 813 3277 et
838 3212 942 3277 vitam
964 3217 1140 3285 aeterum
1163 3206 1204 3272 ab
1226 3226 1264 3271 eo
1285 3225 1343 3270 ex·
1394 3218 1492 3272 tenus
1507 3208 1543 3271 in
1564 3209 1711 3293 singulas
1734 3211 1832 3277 horas
1848 3213 2091 3296 portiunculam
2116 3215 2211 3282 nobis
2228 3216 2369 3300 largitur

370 3304 529 3380 spectant
576 3297 652 3362 Non
679 3317 758 3383 ergo
785 3296 857 3362 lars
884 3303 935 3362 ost
961 3293 1038 3360 fidei
1064 3292 1270 3370 exercitium,
1304 3311 1343 3356 aa
1393 3312 1555 3376 usumque
1575 3295 1744 3376 permittit
1787 3294 1828 3361 Id
1849 3299 1927 3381 quia
1949 3301 2128 3383 aegerrimo
2150 3301 2212 3366 sibi
2233 3321 2368 3384 persua·

371 3383 411 3448 de
438 3383 511 3448 Deo
536 3403 668 3466 sperare
695 3404 779 3465 quae
805 3382 925 3464 alioqui
952 3400 1013 3446 nos
1040 3386 1210 3478 tantopere
1228 3378 1342 3442 anxias
1393 3375 1610 3528 denupotitur
1631 3380 1802 3447 hominum
1822 3385 1983 3466 superbia,
2012 3386 2178 3470 singulare
2200 3389 2236 3451 in
2257 3387 2369 3453 omnia

370 3468 506 3547 habent;
528 3487 636 3551 neque
654 3488 773 3551 parum
789 3467 972 3551 profestum
991 3473 1050 3544 ost,
1070 3463 1128 3530 ubi
1145 3462 1239 3540 hane,
1259 3482 1343 3545 quae
1393 3483 1468 3529 saeo
1504 3485 1525 3528 a
1541 3463 1772 3532 documentum
1789 3490 1825 3534 se
1841 3470 2028 3552 praebuisse
2048 3478 2189 3537 testatur
2204 3473 2368 3539 Dominus

368 3546 1342 3720 ιιιιιιιιιιιιιιιιιι
1393 3548 1556 3715 ιιι
1574 3549 2368 3726 ιιιιιιιιιιιιιι

370 3724 576 3790 substantiali
609 3723 742 3807 quidam
774 3722 1066 3807 philosophantur,
1097 3718 1181 3784 mihi
1211 3717 1343 3784 videtur
1392 3721 1505 3785 virere
1525 3721 1707 3802 hominem,
1734 3723 1792 3789 sed
1816 3725 1852 3789 in
1879 3725 1981 3792 verbo
2007 3693 2115 3809 potius
2137 3727 2222 3811 quod
2248 3749 2290 3793 ex
2311 3749 2368 3794 ora

369 3809 496 3875 Christi
517 3811 698 3875 sententiae
717 3829 895 3892 perparum
916 3807 1105 3884 convenire,
1134 3806 1198 3869 imo
1220 3805 1286 3870 uici
1306 3806 1343 3869 in
1392 3825 1452 3870 suo
1472 3805 1647 3891 egreditur.
1692 3807 1768 3890 Quo
1786 3809 1967 3891 indicatur,
1988 3812 2092 3878 solam
2119 3814 2189 3879 eius
2210 3814 2368 3879 virtutem

368 3891 1341 3971 tacetiamcaducuoitatriduercnaaDeorudritiipurtea
1392 3911 1555 3975 essequa
1587 3899 1811 3960 sustentantur
1838 3895 1967 3961 sitast
1995 3897 2096 3963 vires:
2129 3900 2261 3964 tsmstsi
2294 3899 2411 3964 earn'

302 3997 304 4002 ·
368 3979 481 4044 mutila
501 3985 578 4044 esset
592 3982 743 4063 precatio.
787 3978 883 4044 Ratio
908 3998 1003 4060 meam
1023 3979 1159 4059 affmuat
1177 3977 1276 4041 nimis
1295 3980 1342 4040 eat
1392 3976 1454 4041 sub
1471 3979 1633 4061 corporeis
1649 3979 1878 4046 instrumentis
1895 3979 1989 4048 nobis
2006 3982 2221 4050 administrat
2244 3982 2368 4066 Quem·

364 4064 524 4147 mosano:
551 4084 612 4130 non
632 4084 698 4130 ease
718 4069 952 4131 maundaneum
970 4069 1005 4127 ut
1022 4064 1085 4144 filii
1105 4060 1178 4139 Dei,
1200 4063 1257 4142 qui
1277 4062 1342 4142 spi·
1392 4061 1568 4127 admodum
1589 4071 1624 4128 at
1644 4065 1807 4130 eontrario
1828 4065 2022 4133 documento
2044 4088 2104 4134 nos
2125 4069 2255 4135 erudire
2274 4070 2365 4149 solet

368 4150 502 4215 riteatee
527 4169 592 4214 esse
617 4149 736 4229 deterit,
762 4169 824 4214 non
847 4149 937 4215 modo
964 4149 1118 4213 adiiciant
1136 4147 1278 4210 animum
1298 4145 1341 4211 ad
1391 4166 1494 4229 quum
1515 4147 1617 4213 robur
1636 4150 1731 4232 panis
1752 4151 1803 4235 (st
1823 4159 1860 4216 ut
1881 4153 1951 4236 ipse
1972 4161 2077 4233 voest,
2098 4154 2266 4239 baculum)
2288 4175 2367 4238 quo·

369 4239 511 4300 terram
526 4253 629 4314 mnas,
646 4235 701 4300 sed
718 4235 823 4300 Deum
838 4253 956 4316 puroque
972 4233 1041 4298 iliis
1056 4251 1159 4298 amum
1174 4231 1340 4314 inspliccut.
1391 4232 1455 4297 ties
1471 4232 1551 4298 libat
1565 4234 1740 4319 confringit
1753 4236 1849 4319 (Irev.
1863 4241 1913 4315 26,
1926 4241 1966 4301 26
1984 4289 1993 4317 ,
2011 4258 2074 4321 quo
2091 4240 2216 4306 scilieet
2232 4239 2367 4304 edentes

373 4321 472 4401 Quasi
492 4341 563 4385 aero
580 4340 641 4385 non
660 4320 813 4404 refrdpeat
831 4322 924 4385 diam
939 4321 977 4384 in
992 4320 1073 4384 niatu
1093 4316 1257 4382 mutato
1272 4317 1342 4381 eiua
1391 4318 1561 4383 tabescant
1580 4319 1675 4399 farne,
1699 4328 1733 4385 at
1752 4321 1900 4388 hibentes
1922 4324 1976 4388 sitr
1998 4333 2157 4390 arescant
2202 4322 2269 4403 Qui
2286 4342 2366 4389 varo

370 4411 400 4470 et
413 4411 569 4487 paternus
589 4408 689 4489 fauor,
711 4411 768 4470 aut
787 4407 825 4471 ds
843 4405 942 4470 nihilo
962 4406 1113 4486 θαψίνῃ
1139 4403 1181 4466 eit
1194 4404 1341 4484 pidatem
1391 4422 1479 4486 pana
1494 4404 1683 4485 quotidiano
1698 4425 1765 4470 non
1782 4408 1936 4487 contenti,
1959 4408 2017 4474 ssd
2036 4409 2172 4474 effraeni
2188 4406 2367 4490 eupiditate

370 4489 480 4556 tatere
504 4493 744 4573 pranmaianes,
776 4511 838 4556 non
868 4495 989 4555 mamm
1019 4491 1145 4572 futurae
1175 4489 1257 4551 udae
1286 4486 1341 4552 aad
1392 4488 1531 4553 infinitis
1550 4489 1723 4569 inhiantes,
1745 4500 1803 4557 aut
1822 4493 1879 4576 qui
1900 4493 2102 4559 abundantia
2118 4513 2178 4558 sna
2198 4494 2311 4570 saturi,
2331 4501 2367 4558 ot

370 4575 464 4638 mom
483 4579 663 4657 praesentia
688 4577 721 4660 (1
747 4577 830 4657 Tim.
855 4583 892 4654 4,
915 4575 960 4661 8).
1009 4574 1082 4639 Etsi
1107 4577 1209 4637 aman
1234 4590 1343 4654 pecea-
1393 4573 1583 4639 datiarum
1604 4596 1738 4642 suarum
1765 4578 1896 4643 cumulo
1923 4580 2043 4657 secun,
2070 4578 2133 4643 hae
2153 4577 2366 4642 nihilominus

371 4665 472 4722 merua
497 4663 639 4727 ramucio
667 4662 755 4746 tonpe
773 4662 882 4744 pluris
909 4666 954 4726 est
979 4680 1075 4741 mmm
1101 4657 1250 4722 alimenta
1278 4677 1343 4722 aor-
1391 4660 1578 4741 precatione
1598 4661 1671 4727 Dea
1697 4663 1895 4746 supplicant,
1924 4663 2007 4728 nihil
2033 4682 2132 4746 quam
2158 4663 2269 4745 ipsum
2289 4663 2365 4727 irri-
2437 4694 2442 4703 ·

365 4744 474 4824 ponis,
505 4747 588 4826 quad
616 4753 717 4812 tamar
739 4749 875 4830 inferius
901 4751 978 4827 erat,
1004 4745 1113 4828 priore
1144 4742 1207 4807 loco
1233 4744 1343 4823 posuit
1393 4743 1481 4809 dent.
1509 4744 1641 4812 Priores
1659 4749 1748 4814 enim
1807 4757 1883 4814 tunt
1899 4748 1984 4832 quod
2001 4749 2212 4830 impetratum
2228 4747 2364 4828 nollent,

374 4827 525 4908 carino,
546 4836 582 4894 ut
600 4850 657 4896 noa
677 4833 721 4897 od
741 4833 882 4915 reliquos
901 4833 982 4898 duae
997 4832 1162 4914 petitiones
1183 4829 1344 4912 aradam
1392 4830 1459 4894 imo
1480 4830 1567 4913 quod
1588 4835 1732 4900 maxime
1753 4855 1773 4899 a
1814 4835 1991 4913 minantur,
2013 4852 2130 4914 nempe
2150 4852 2269 4916 panem
2286 4853 2366 4916 quo-
2393 4848 2395 4851 ’

371 4914 517 4993 enetmct,
549 4933 628 4994 meae
654 4919 807 4997 propriae
834 4924 908 4983 cum
935 4917 1069 4983 andasta
1093 4915 1190 4980 uitae:
1221 4915 1257 4978 in
1282 4933 1342 4996 prro
1393 4915 1555 4980 tidianum
1586 4917 1761 4998 dunmxat3
1791 4926 2013 5002 quantumque
2039 4926 2177 5001 possunt
2208 4919 2366 4984 ovantes

370 5000 516 5064 tarditati
536 5005 659 5064 nostrae
680 5002 840 5067 aonaduit.
876 5002 1024 5068 Iudmnur
1044 5007 1147 5067 ouem
1162 5004 1267 5082 petere
1279 5020 1342 5081 pa·
1393 5018 1472 5067 suae
1497 5003 1650 5068 affectum
1677 5004 1750 5069 Deo
1777 5002 2000 5083 dissimulant3
2027 5023 2130 5087 quum
2155 5005 2365 5070 remoratio

310 5142 316 5157 ,
370 5104 441 5149 nan
460 5091 615 5164 nasim,
641 5091 677 5149 ut
703 5089 833 5150 mamati
858 5089 959 5153 aimus
985 5088 1125 5153 dernenso
1151 5086 1234 5167 meod
1253 5084 1343 5150 nohis
1393 5094 1495 5152 totam
1514 5088 1621 5170 ipsam
1641 5101 1783 5154 mentem
1806 5098 1841 5153 et
1861 5087 2018 5172 quidquid
2041 5090 2132 5153 intus
2153 5089 2248 5169 latet,
2278 5089 2365 5173 apud

370 5189 497 5253 croyare
516 5170 669 5253 dionatur
687 5169 821 5236 addua
835 5177 944 5251 putor,
965 5192 1061 5252 neque
1081 5170 1203 5238 artibus
1221 5171 1344 5236 illicitis
1392 5172 1500 5255 ipsum
1522 5173 1689 5239 madere
1711 5172 1834 5239 debeat
1868 5173 1976 5239 Alteri
1993 5194 2073 5240 vero
2092 5174 2260 5258 postulant
2279 5173 2364 5322 pluod

1392 5258 1529 5322 minime
1550 5256 1591 5321 ab
1612 5278 1651 5324 eo
1669 5279 1728 5324 exs
1787 5268 1868 5338 tant,
1891 5279 2008 5343 nempe
2029 5258 2115 5342 quod
2137 5260 2200 5325 sihi
2220 5278 2285 5342 spu
2328 5278 2364 5324 aa

1392 5362 1465 5441 esso
1486 5342 1694 5442 arbitrantun
1727 5279 1840 5409 lgm
1862 5343 1949 5446 quod
1969 5353 2081 5447 noster
2101 5344 2235 5445 dicitur,
2257 5344 2363 5427 magis

439 5494 468 5560 1)
488 5491 675 5574 serumst
703 5488 1342 5573 mama-immanissimamque
1392 5428 1531 5508 ΨΜ
1562 5431 1598 5489 “t
1623 5428 1779 5508 dianus,
1812 5438 1935 5496 ωσι
1958 5428 2023 5496 1³⁰¹
2051 5431 2247 5514 ΜΕ
2279 5447 2364 5511 ‘¹¹¹⁸'

372 5561 446 5616 lete.
465 5561 540 5616 1617.
560 5563 652 5643 ‘Atia
672 5562 782 5642 plenius
793 5564 909 5642 'leanturr
931 5559 1074 5613 (laetarum
1091 5561 1136 5613 hro
1158 5575 1208 5629 per
1223 5574 1341 5639 pmmam

370 5632 503 5751 lhehhlrl:
518 5633 606 5761 hilii,
616 5636 1004 5766 ffimfflmliicpffl
1017 5637 1139 5753 llam}
1154 5625 1341 5749 wilmun
1462 5696 1491 5762 1)
1510 5697 1588 5752 Hace
1604 5714 1708 5770 proper
1726 5702 1789 5756 alin
1805 5704 1923 5758 aderam
1940 5703 1986 5772 (Χ
1989 5703 2019 5759 V.
2034 5702 2093 5769 08.)
2116 5701 2163 5755 sed
2179 5701 2260 5757 dua
2280 5701 2363 5759 Μ.
