5600 6809
431 760 494 823 563
1030 759 1032 762 ⁴
1082 752 1350 821 mumulo
1372 754 1478 819 REL.
1501 753 1682 820 OHRIS'P.
1708 758 1799 819 1559.
2377 758 2440 820 564

431 944 648 1011 destinatione
674 942 716 1008 ad
737 945 883 1016 futuram
906 944 1051 1028 gloriam.
1097 944 1251 1008 Breviter
1273 944 1320 1008 sic
1341 943 1407 1007 ccl·
1460 961 1542 1007 cesse
1562 947 1621 1022 est,
1650 948 1685 1006 ut
1711 947 1851 1007 stetunnt
1870 942 1976 1023 fideles
1995 963 2058 1007 non
2078 943 2143 1007 alic
2164 943 2233 1006 inre
2251 945 2440 1024 5555551555

430 1031 584 1115 ligamus:
621 1031 784 1115 scriptura
816 1053 882 1095 non
916 1051 986 1095 esse
1019 1031 1133 1094 firmas
1165 1029 1230 1094 Dei
1269 1030 1407 1111 promis·
1461 1028 1522 1092 siti
1543 1048 1607 1092 esse
1628 1027 1846 1092 1555111555
1867 1028 1956 1111 requi
1977 1029 2126 1107 caelenis,
2155 1029 2221 1092 nisi
2248 1030 2324 1108 quic
2350 1032 2441 1096 155111

432 1117 539 1182 515555
561 1114 698 1194 indicat,
731 1117 794 1181 nisi
822 1123 911 1182 certa
939 1116 1154 1181 conscientiae
1182 1114 1304 1180 fiducia
1326 1115 1408 1178 arri·
1460 1114 1496 1176 in
1515 1112 1633 1178 Christi
1653 1133 1773 1193 555555,
1796 1114 1873 1178 iusti
1888 1116 1993 1196 protis
2008 1119 2201 1196 reputantur.
2234 1114 2322 1178 Nam
2339 1118 2441 1196 quoad

431 1203 573 1286 piantur.
618 1201 813 1285 Ubicunque
840 1210 890 1268 est
921 1200 1080 1265 dubitatio
1113 1208 1171 1265 aut
1202 1200 1407 1279 incertitudo,
1461 1200 1721 1280 1551111551155555,
1738 1220 1790 1265 res
1806 1205 1850 1263 551
1859 1220 1941 1264 mere
1953 1203 2087 1280 passius
2100 1201 2185 1281 65155,
2208 1199 2289 1264 nidd
2308 1203 2442 1282 afferens

430 1289 541 1353 irritas
558 1289 630 1351 fieri
652 1291 855 1371 pronuntiat3
878 1309 1010 1352 rursum
1031 1287 1117 1351 nihil
1138 1307 1237 1369 quam
1253 1287 1409 1351 vacillare
1460 1290 1600 1349 nostruin
1621 1286 1663 1349 cd
1684 1286 1910 1350 55551115ηά555
1930 1285 1995 1350 Dei
2017 1288 2169 1369 pretinm,
2197 1287 2252 1352 sed
2274 1307 2295 1351 n
2319 1287 2441 1352 Christo

431 1395 469 1440 ac
497 1374 651 1439 fluctuari
678 1375 871 1457 pronuntiat
897 1374 925 1436 si
954 1373 1105 1454 operibus
1137 1372 1259 1437 nostris
1281 1372 1409 1437 incum-
1460 1373 1613 1453 recipiens
1634 1371 1716 1452 qnod
1736 1371 1826 1436 55155
1847 1372 1937 1436 deest.

430 1460 522 1526 bunt.
572 1460 662 1543 Ergo
690 1467 747 1524 aut
773 1465 886 1541 pereat
912 1456 1005 1523 nobis
1032 1458 1157 1522 institia
1189 1478 1320 1522 neccsse
1349 1464 1408 1536 est,

432 1554 490 1610 aut
516 1568 561 1610 ne
587 1546 721 1610 veniant
742 1546 776 1608 in
798 1543 1090 1609 considerationem
1118 1564 1231 1625 opera,
1258 1543 1316 1609 scd
1340 1544 1410 1607 sola

431 1630 513 1696 fides
533 1631 642 1695 locum
664 1630 796 1707 habeat,
820 1631 912 1695 cuins
933 1630 1059 1694 isthaec
1081 1639 1201 1694 natura
1222 1636 1285 1707 est,
1311 1650 1409 1693 aures

363 1762 375 1774 .
431 1718 591 1800 arrigere,
618 1715 726 1781 oculos
754 1713 918 1794 claudere;
947 1714 1009 1780 hcc
1031 1722 1094 1794 est,
1121 1717 1180 1779 uni
1201 1715 1410 1797 promissioni
1794 1678 1946 1745 CAPUT
1968 1678 2064 1743 ΧΠ·
2084 1679 2108 1763 ¹)

429 1802 592 1867 intentam
614 1821 693 1879 esse,
716 1802 945 1884 cogitationem
965 1807 1113 1866 avertere
1135 1801 1175 1864 ab
1194 1802 1283 1864 omni
1303 1801 1409 1864 homi·
1636 1837 1645 1853 ·
1680 1838 1689 1854 ·
1716 1838 1724 1854 ·
1836 1837 1844 1854 ·
1924 1838 1932 1854 ·
2038 1838 2045 1854 ·
2107 1838 2116 1854 ·
2355 1840 2363 1856 .
2429 1842 2437 1858 .

429 1887 481 1952 nis
514 1886 567 1952 vel
596 1885 758 1969 dignitate
785 1886 839 1951 vel
865 1887 991 1950 morito.
1041 1885 1092 1950 1„
1125 1886 1283 1968 impletur
1313 1907 1409 1969 prae·
1463 1837 1602 1944 Quale
1632 1848 1802 1920 1511111111
1832 1839 2141 1921 1ust1ficat10ms
2172 1851 2218 1920 et
2253 1851 2440 1924 contmu1

429 1973 556 2039 clarum
577 1971 659 2036 illud
680 1972 860 2037 Zachariae
883 1973 934 2057 (3,
955 1970 989 2056 9)
1010 1973 1215 2049 vaticinium,
1243 1971 1328 2054 quod
1353 1972 1410 2036 ubi
1818 1987 2084 2069 progressus

430 2056 536 2123 delete
568 2058 668 2122 1115111
693 2059 849 2140 iniquitas
876 2067 998 2136 terrae,
1032 2058 1160 2123 vocabit
1186 2058 1239 2122 vir
1267 2057 1410 2122 amicum

430 2164 526 2209 suum
554 2144 667 2208 subter
692 2145 824 2209 vineam
857 2151 890 2208 ct
915 2143 1028 2208 subter
1054 2144 1154 2209 ficum
1183 2164 1288 2208 suum.
1343 2143 1410 2209 Ubi
1552 2146 1579 2207 l.
1624 2141 1698 2223 Quo
1726 2164 1779 2207 res
1806 2140 1978 2205 dilucidior
2004 2142 2077 2220 fiat,
2110 2141 2215 2224 qualis
2240 2144 2343 2225 possit
2368 2166 2440 2210 esse

429 2229 590 2312 propheta
619 2231 742 2308 innuit,
776 2251 844 2294 non
875 2229 970 2294 aliter
992 2250 1071 2293 vera
1098 2250 1176 2311 pace
1200 2229 1265 2292 frui
1286 2227 1409 2307 fideles,
1462 2235 1530 2293 tcto
1567 2230 1656 2294 ritae
1695 2228 1833 2293 decursu
1863 2226 2006 2292 hominis
2044 2228 2184 2307 iustitia,
2224 2229 2436 2295 excutiamus.

429 2335 530 2398 quam
550 2321 641 2397 tpost
677 2316 888 2399 impetratam
925 2316 1130 2397 peccatorum
1173 2315 1408 2379 remissionem.
1463 2313 1720 2397 Quadruplicem
1759 2334 1837 2378 vcro
1876 2313 2034 2378 faciamus
2072 2313 2221 2396 gradum.
2277 2314 2439 2383 Homines

432 2401 581 2465 Tenendn
608 2402 692 2464 enim
719 2405 764 2464 est
793 2401 942 2484 cnclcpin
969 2400 1100 2466 ducein
1115 2401 1277 2483 prophetis
1297 2401 1352 2465 ubi
1372 2400 1411 2465 de
1462 2401 1551 2464 enim
1574 2409 1631 2464 aut
1652 2400 1743 2465 nulla
1761 2398 2014 2482 Dei'agnitione
2035 2398 2178 2481 praediti
2199 2400 2234 2463 in
2255 2400 2441 2466 idololatria

430 2483 551 2552 Christi
584 2506 677 2567 repno
705 2487 878 2566 disserunt,
917 2490 1062 2552 externos
1093 2485 1158 2551 Dei
1189 2487 1411 2551 benedictinus
1461 2486 1603 2552 demersi
1628 2492 1720 2566 sunt;
1748 2492 1805 2550 aut
1832 2486 2045 2550 sacramentis
2070 2485 2191 2550 initiati
2216 2486 2305 2551 ritae
2330 2486 2438 2570 impu-

427 2572 523 2652 qunsi
544 2571 763 2651 spiritualium
783 2572 932 2637 bonorum
950 2571 1075 2655 fiquras
1091 2592 1270 2655 prcpcnne.
1322 2571 1410 2637 Unde
1461 2573 1557 2636 ritate
1579 2572 1702 2651 Deum,
1725 2592 1822 2653 quem
1843 2591 1899 2635 ore
1920 2572 2131 2651 confitentur,
2153 2571 2249 2638 factis
2271 2574 2437 2656 abnegan-

428 2661 456 2722 et
480 2653 626 2721 Christus
647 2660 813 2738 respacis
834 2663 948 2739 dpcn
968 2663 1074 2721 nostru
1095 2663 1222 2723 5555155
1239 2658 1358 2741 (1559,
1372 2662 1408 2736 6,
1461 2664 1510 2722 155
1538 2658 1634 2722 111515
1660 2664 1758 2722 15555
1784 2663 1862 2722 sunt
1883 2656 2023 2735 Christi3
2051 2663 2108 2721 aut
2131 2656 2322 2740 hypocritae
2350 2666 2435 2737 sunt,

427 2741 458 2807 Ε
482 2740 638 2826 11.2,14),
661 2744 738 2824 quin
758 2764 863 2809 ornnes
884 2745 1085 2809 555551551155
1105 2743 1291 2827 cpitaticnes
1312 2744 1408 2808 sedat.
1461 2743 1517 2826 qui
1538 2742 1644 2808 cordis
1666 2744 1846 2825 nequitiam
1867 2743 2020 2808 inanibus
2040 2743 2123 2808 fucis
2140 2749 2274 2826 tegunt3
2296 2750 2354 2807 aut
2371 2745 2436 2825 spi·

469 2827 549 2892 odus
569 2828 599 2892 si
619 2830 796 2908 quaeritur,
826 2829 869 2893 eut
889 2828 1096 2910 sacrificium,
1124 2850 1186 2910 quc
1207 2834 1343 2911 pacatus
1364 2834 1410 2894 551
1460 2830 1527 2893 1115
1552 2829 1618 2893 Ι)51
1643 2830 1829 2912 regenerati
1855 2849 1969 2893 veram
1997 2828 2248 2895 sanctimoniam
2273 2829 2434 2893 meditan-

426 2910 527 2992 Deus,
548 2914 654 2978 venire
674 2934 794 2980 5555555
814 2919 874 2993 est,
895 2915 971 2995 quin
993 2916 1151 2995 trepidare
1172 2935 1335 2996 nunquam
1356 2916 1408 2979 de·
1460 2921 1524 2979 tur.
1569 2914 1611 2979 In
1642 2915 1773 2998 primis,
1807 2914 1937 2996 quando
1966 2913 2173 2979 naturalibus
2201 2912 2330 2978 dotibus
2358 2934 2433 2979 cen-

426 2998 519 3077 sinet,
548 3000 692 3079 quisquis
712 3021 774 3064 non
795 3005 907 3065 statuet
933 3001 1001 3064 solu
1022 3001 1081 3066 illc
1101 3001 1278 3081 expiatione
1296 3001 1409 3082 propi-
1459 3000 1553 3065 55511
1575 3008 1665 3079 sunt,
1695 3023 1715 3065 a
1739 3002 1862 3068 vertice
1883 2999 1997 3082 cepitis
2020 2999 2062 3065 ad
2082 2999 2230 3083 plantam
2252 3020 2355 3081 usquc
2376 3020 2433 3082 pe-

426 3084 506 3149 tiari
520 3083 627 3149 Deum
642 3104 706 3166 qua
719 3083 865 3151 Christus
879 3087 965 3151 irum
978 3087 1047 3151 5155
1062 3087 1220 3151 sustinuit.
1262 3086 1408 3167 Denique
1459 3086 1509 3151 dis
1531 3086 1673 3152 scintilla
1693 3086 1771 3152 boni
1792 3107 1860 3152 non
1879 3086 2074 3168 reperietur3
2096 3086 2159 3150 nisi
2181 3085 2263 3149 forte
2280 3085 2434 3149 volumus

426 3188 488 3235 non
520 3170 600 3234 alibi
629 3191 724 3252 quani
751 3173 787 3235 in
817 3171 936 3236 Christi
961 3173 1166 3254 redemptoris
1192 3173 1292 3238 nostri
1313 3178 1408 3238 terro-
1458 3172 1650 3238 insimulare
1670 3172 1747 3238 falsi
1767 3172 1981 3254 scripturam,
2009 3171 2087 3236 dum
2112 3170 2202 3236 hisce
2224 3170 2337 3260 elogiis
2358 3172 2434 3234 uni·

374 3300 377 3305 «
400 3331 402 3335 ,
426 3254 514 3320 ritus
529 3276 601 3337 pun
622 3256 710 3320 nobis
730 3258 917 3338 quaerendo.
1258 3275 1264 3294 ’
1458 3278 1571 3325 versos
1591 3258 1677 3323 lilios
1698 3256 1805 3324 Adam
1828 3256 2047 3324 commendat:
2074 3255 2161 3338 quod
2190 3276 2292 3338 pravo
2314 3256 2381 3321 sint
2401 3264 2435 3320 et

514 3345 543 3404 5.
591 3340 653 3407 Sed
674 3343 751 3423 qnid
771 3344 945 3409 obscuriore
972 3344 1143 3408 testimonio
1165 3344 1261 3409 utor?
1304 3344 1407 3428 Nepet
1457 3344 1641 3425 praefracto
1675 3343 1786 3423 corde,
1832 3341 1918 3427 quod
1956 3363 2053 3408 omne
2080 3343 2286 3426 figmentum
2329 3341 2435 3406 cordis

424 3427 537 3508 ubique
571 3426 697 3492 Paulus
726 3427 836 3513 (Rom.
864 3433 897 3508 5,
924 3428 958 3514 1)
984 3449 1095 3512 pacem
1127 3431 1174 3494 551
1197 3430 1406 3511 tranquillum
1457 3449 1572 3494 eornm
1593 3429 1718 3495 malum
1741 3431 1784 3494 sit
1805 3448 1825 3492 a
1845 3428 1960 3511 primis
1982 3430 2092 3506 annis,
2121 3427 2208 3510 quod
2235 3448 2340 3493 vanae
2369 3428 2435 3492 sint

423 3514 577 3598 caudium
598 3514 735 3594 relinqui
756 3515 964 3594 5555555155,
991 3516 1057 3579 nisi
1078 3520 1227 3580 5151511555
1247 3518 1290 3581 sit
1310 3516 1405 3580 iusti·
1457 3534 1573 3603 eqrum
1601 3515 1829 3598 cogitationes,
1858 3512 1944 3597 quod
1968 3514 2121 3578 timorem
2142 3514 2206 3578 Dei
2232 3534 2311 3596 prae
2333 3513 2434 3577 oculis

424 3597 517 3680 {icari
537 3619 594 3663 nos
612 3598 684 3679 nde.
736 3597 823 3665 Unde
844 3605 947 3664 nutem
968 3601 1025 3664 iiic
1046 3602 1210 3680 5551115515,
1235 3602 1406 3667 55551515
1456 3622 1523 3665 non
1548 3601 1706 3679 habeant,
1735 3599 1820 3683 quod
1846 3620 1942 3664 nemo
1968 3620 2082 3663 eorum
2108 3599 2273 3683 intelligat
2299 3604 2356 3663 aut
2382 3620 2433 3662 rc-

426 3684 540 3763 cturct,
568 3703 665 3765 quum
691 3685 806 3751 scilicet
832 3706 921 3752 amor
941 3685 1007 3751 Dei
1034 3687 1070 3750 in
1096 3688 1191 3753 cerda
1211 3692 1321 3752 nostra
1340 3688 1405 3770 dif-
1456 3686 1566 3768 quirat
1592 3687 1703 3751 Deum
1731 3685 1945 3770 (151.17,.9;
1968 3683 2053 3749 Gen.
2073 3687 2109 3765 8,
2129 3688 2185 3764 21;
2208 3684 2295 3749 Ρ551.
2316 3688 2372 3761 94,
2395 3688 2430 3746 11

426 3769 520 3852 funes
557 3774 601 3834 est
630 3763 693 3851 per
728 3773 878 3853 spiritum
909 3777 1051 3838 sanctum
1084 3771 1174 3857 (ibid.
1206 3773 1261 3856 5),
1300 3792 1337 3837 55
1373 3774 1405 3837 si
1456 3779 1491 3836 et
1511 3776 1559 3850 14,
1579 3773 1614 3855 2)
1621 3794 1629 3850 ;
1663 3771 1807 3836 breviter
1825 3770 1911 3853 quod
1932 3790 2008 3834 caro
2029 3771 2097 3835 sint
2118 3769 2219 3854 (Gen.
2239 3775 2268 3848 6,
2288 3767 2337 3853 3);
2369 3790 2433 3851 quo

432 3856 545 3921 diceret
575 3876 636 3920 non
657 3878 750 3937 posse
776 3858 870 3923 aliter
897 3858 1004 3923 sedari
1031 3859 1158 3924 animus
1185 3864 1311 3923 5551555
1336 3859 1404 3924 nisi
1456 3857 1588 3920 nomine
1609 3856 1842 3941 intelliguntur
1864 3876 1964 3938 opera
1985 3855 2042 3919 illa
2063 3857 2174 3921 omnia
2195 3877 2277 3939 quae
2300 3877 2433 3920 enume-

425 3945 504 4006 certc
526 3944 676 4023 55555551
702 3945 804 4008 simus
829 3942 899 4008 Dec
926 3963 982 4008 nos
1006 3943 1139 4026 5155555.
1191 3939 1278 4009 Unde
1309 3946 1404 4008 511555
1455 3940 2432 4027 1551515Ρ51115((1515,19),151·11155115,11111555111115,

426 4025 504 4092 alibi
525 4027 617 4112 (ibid.
641 4031 674 4103 8,
697 4028 753 4112 34)
781 4029 935 4094 5551115511
962 4049 1001 4093 55
1022 4030 1156 4111 piorum
1176 4030 1315 4093 omnium
1329 4050 1405 4110 per-
1455 4028 1666 4110 impudicitia,
1686 4027 1827 4106 luxuria,
1850 4026 2012 4092 idolorum
2033 4028 2151 4106 cultus,
2179 4027 2346 4104 veneficia,
2369 4027 2431 4089 ini-

425 4132 517 4178 scna:
549 4114 623 4193 quis
648 4133 704 4178 nos
732 4116 892 4195 seperabit
919 4114 958 4180 ab
984 4135 1090 4179 515555
1110 4114 1189 4195 Dei,
1218 4116 1276 4196 qui
1297 4120 1341 4179 551
1367 4116 1404 4180 in
1455 4113 1612 4193 micitiae,
1646 4115 1885 4192 contentiones,
1926 4114 2174 4191 aemulationes,
2206 4114 2288 4191 irae,
2328 4112 2429 4184 rixae,

428 4196 576 4264 Uiriato?
602 4199 677 4279 quic
705 4200 748 4263 ud
773 4201 939 4285 minimam
959 4221 1112 4282 quamque
1131 4221 1246 4265 curam
1266 4201 1404 4282 trepida·
1456 4197 1683 4279 dissensiones,
1704 4208 1820 4279 555155,
1843 4199 1995 4279 invidiae,
2014 4198 2197 4275 homicidia,
2220 4203 2253 4261 51
2274 4194 2429 4279 quidquid

425 4284 528 4350 bimus
559 4284 652 4349 donec
683 4285 898 4369 appulerimus
931 4286 976 4350 nd
1002 4290 1131 4366 portum
1163 4286 1269 4366 illurn·
1300 4287 1403 4351 securi
1454 4283 1617 4350 foeditatis
1639 4293 1673 4351 51
1694 4285 1952 4363 abominationis,
1977 4284 2156 4367 excogitari
2176 4288 2291 4364 potest.
2336 4280 2428 4344 Haec

425 4374 528 4435 551515
559 4371 677 4434 5515555
702 4370 739 4435 in
769 4370 900 4454 55119155
925 4373 1049 4450 mortis,
1075 4372 1229 4453 quandiu
1254 4392 1287 4436 se
1314 4371 1403 4436 nobis
1454 4378 1506 4435 est
1526 4369 1669 4455 dignitas
1691 4371 1815 4437 scilicet
1834 4371 1927 4437 cuius
1948 4369 2068 4435 fiducia
2089 4366 2257 4450 superbire
2279 4365 2426 4428 debeant.

416 4461 578 4538 puswrern
597 4455 688 4521 Deus
715 4458 847 4521 55155551
868 4457 970 4541 (Psal.
990 4460 1047 4534 23,
1068 4458 1114 4541 4).
1158 4456 1246 4539 Erpc
1273 4459 1402 4539 quicun-
1455 4454 1554 4536 Quod
1582 4455 1611 4520 si
1633 4457 1689 4539 qui
1711 4458 1797 4522 inter
1817 4477 1872 4522 cos
1893 4475 1933 4520 ea
1953 4475 2082 4519 morum
2103 4453 2273 4516 honestate
2294 4449 2427 4532 pollent,

422 4560 482 4623 que
500 4542 649 4624 purrinnt
669 4562 726 4606 nos
745 4541 809 4623 fide
827 4543 1011 4625 iustificari,
1041 4543 1120 4623 quin
1139 4544 1282 4626 repeniti,
1305 4545 1401 4626 spiri·
1454 4562 1539 4623 quae
1566 4543 1707 4625 speciem
1736 4541 1877 4626 aliquam
1905 4538 2090 4606 sanctitatis
2114 4536 2234 4602 habeat
2261 4536 2348 4599 inter
2369 4536 2428 4599 ho-

421 4627 549 4692 tucliter
567 4627 695 4692 vivendo
716 4629 793 4692 iusti
814 4648 935 4707 sumus,
958 4648 1123 4709 nunquam
1140 4634 1309 4712 9155155551
1327 4650 1402 4713 qra-
1453 4627 1569 4708 mines,
1591 4629 1670 4710 quia
1690 4635 1803 4692 tamen
1824 4628 1944 4692 scimus
1960 4625 2070 4689 Deum
2091 4644 2158 4687 non
2174 4622 2298 4685 morari
2319 4627 2428 4686 exter·

422 4711 713 4792 11555151551115555,
739 4712 898 4778 utDeum
925 4714 987 4779 siti
1006 4716 1183 4797 propitium
1209 4716 1278 4798 fore
1303 4715 1401 4780 consi-
1453 4734 1535 4778 num
1563 4711 1785 4796 splendorem,
1818 4710 1861 4776 ad
1888 4711 2011 4775 fontem
2037 4709 2144 4790 ipsum
2170 4727 2306 4789 operum
2329 4728 2427 4790 pcne-

421 4795 535 4862 derent.
600 4798 688 4863 Unde
720 4801 816 4864 etium
848 4801 1005 4882 sequitur,
1036 4801 1097 4865 rite
1130 4802 1243 4866 nandi
1274 4801 1401 4867 55551555
1452 4797 1607 4863 trandum
1628 4807 1692 4876 est,
1721 4799 1750 4862 si
1777 4795 1856 4880 qnid
1881 4796 1953 4878 ipsa
1975 4793 2086 4859 valere
2107 4793 2248 4858 velimus
2270 4793 2313 4858 ad
2334 4793 2427 4858 iusti-

421 4881 520 4947 nitito
541 4884 644 4965 mucis
664 4904 715 4949 ecs
735 4886 814 4949 scire
835 4907 931 4967 quam
948 4887 1071 4950 Turcos
1092 4892 1121 4950 et
1135 4888 1294 4970 profanos
1315 4887 1400 4952 atius
1453 4885 1541 4948 tiam
1586 4882 1846 4964 Inspiciondum,
1879 4881 2029 4963 inquam,
2058 4880 2190 4963 penitus
2218 4887 2269 4943 cst
2294 4901 2336 4943 ex
2364 4898 2427 4961 quo

421 4967 575 5049 quoslibet
594 4972 704 5052 pentes.
739 4971 846 5051 Neque
866 4973 959 5052 enirn,
981 4977 1053 5037 teste
1077 4970 1180 5037 Paulo
1194 4973 1284 5056 (Gal.
1303 4979 1333 5049 4,
1354 4962 1399 5057 6),
1452 4969 1571 5032 affectu
1583 4966 1689 5032 cordis
1705 4987 1804 5049 opera
1821 4967 1884 5032 ista
1900 4965 2067 5048 prodeant.
2102 4963 2299 5047 Quanquam
2318 4972 2428 5028 autem

351 5077 354 5095 ,
421 5073 494 5119 cera
517 5059 560 5119 551
580 5053 1298 5143 11115551515515555995555551555555
1318 5058 1400 5122 illud
1450 5052 1628 5117 latissimus
1661 5051 1715 5116 hic
1748 5051 1878 5117 dicendi
1909 5071 2044 5135 campus
2074 5058 2179 5133 patet,
2212 5050 2290 5132 quia
2316 5060 2427 5113 tamen

415 5139 524 5223 pann
555 5160 677 5219 nomen,
710 5141 773 5206 into
803 5145 869 5210 nist
894 5165 928 5210 55
955 5144 1042 5209 notis
1067 5145 1192 5223 5555151
1212 5142 1399 5226 proferendo
1449 5137 1654 5220 paucissimis
1675 5137 1785 5204 verbis
1805 5145 1913 5221 potest
1933 5159 1986 5203 res
2008 5136 2163 5235 expediri,
2186 5157 2304 5218 sequar
2325 5154 2425 5217 quan·

420 5225 516 5293 libero
537 5227 681 5305 denari,
711 5227 789 5292 5655
810 5235 911 5310 puter.
958 5229 1146 5310 0555151151
1168 5229 1317 5313 (Ephe,
1342 5227 1396 5311 12)
1449 5232 1520 5286 tnm
1541 5222 1652 5288 licebit
1670 5224 1708 5288 in
1731 5222 1875 5289 docendo
1897 5221 2134 5308 compendium.

421 5311 540 5377 otarius
562 5313 723 5394 55555511,
751 5313 934 5380 1561151515
959 5335 1016 5381 555
1042 5314 1153 5380 tabem
1174 5314 1344 5379 audaciam
1370 5317 1398 5378 51
1536 5311 1564 5372 2·
1599 5308 1777 5393 Plinssipin
1799 5331 1867 5374 11011
1888 5311 2105 5375 111111101θῦ16
2126 5304 2305 5382 9011101111,
2326 5324 2425 5385 quae·

421 5398 543 5463 aditum
564 5400 600 5463 in
614 5398 734 5479 fiducia
748 5418 810 5479 per
829 5399 923 5480 sidem
944 5401 1020 5465 eius.
1060 5400 1128 5466 Hoc
1149 5405 1226 5465 certe
1246 5420 1308 5466 non
1329 5419 1397 5464 con-
1449 5414 1577 5478 cunque
1597 5395 1635 5459 in
1655 5395 1833 5461 incredulis
1851 5403 2012 5480 apparent
2024 5393 2175 5478 egregiae
2188 5389 2288 5454 dotes.
2311 5388 2425 5470 Neque

422 5484 512 5566 tinpit
538 5485 779 5566 recenerutionis
805 5485 900 5550 donc:
933 5486 1015 5565 quod
1046 5491 1080 5549 nt
1106 5486 1251 5551 mutilum
1277 5505 1397 5567 semper

421 5568 601 5634 55115555
622 5589 729 5648 carne,
756 5569 802 5632 ita
823 5571 1025 5651 mndipluem
1046 5572 1212 5637 dubitandi
1232 5573 1398 5638 materiam
1451 5569 1620 5576 ”’””“””
1638 5572 1653 5577 ’“

421 5652 457 5715 in
483 5671 517 5716 se
543 5656 681 5718 55511551.
729 5654 833 5734 Quaere
860 5655 902 5719 cd
929 5656 1098 5721 remedium
1118 5657 1201 5722 iilud
1220 5660 1325 5726 555155
1345 5677 1397 5723 nc·
1521 5669 1552 5735 1)
1572 5669 1778 5723 1115555155
1798 5669 1864 5737 cap.
1884 5663 2090 5733 11121411.
