5600 6809
408 807 469 869 969

744 804 834 869 LIB.
858 803 918 869 IV.
963 802 1026 868 DE
1048 798 1286 867 EX'PERNIS
1309 797 1475 866 MEDHS
1498 802 1563 866 AD
1586 801 1817 869 SALUTEM.
1862 801 1961 869 CAP.
1983 802 2060 868 XV.

2345 810 2407 871 970

406 1014 492 1070 0000,
520 999 559 1055 01
587 991 760 1074 pravitatis
787 998 919 1054 nostrae
945 990 1084 1054 convicti
1113 995 1259 1052 nestram
1279 989 1381 1070 impo-
1433 989 1591 1070 loquitur;
1618 990 1724 1071 ipsum
1748 1010 1819 1054 esse
1847 990 1903 1071 qui
1926 1011 1985 1054 nos
2006 1000 2143 1074 purgat,
2168 993 2286 1073 abluit,
2309 992 2408 1060 delie-

407 1079 545 1143 tentiam
567 1084 600 1140 et
621 1077 785 1142 miseriam
807 1077 1027 1139 confiteamur.
1071 1076 1184 1150 Porro,
1208 1073 1286 1155 quia
1306 1094 1381 1154 prae
1435 1083 1543 1138 torum
1560 1076 1751 1139 memoriam
1770 1073 1888 1153 abolet3
1911 1077 2019 1158 ipsum
2037 1098 2107 1141 esse
2125 1080 2181 1160 qui
2200 1080 2314 1144 mortis
2331 1101 2409 1146 suae

408 1165 491 1229 vitas
513 1162 570 1226 illa
591 1173 729 1225 naturae
747 1182 812 1224 non
831 1170 897 1223 tarn
920 1160 1013 1224 facile
1037 1168 1172 1241 apparet
1192 1160 1227 1222 in
1248 1158 1381 1224 homine
1434 1161 1607 1243 participes
1640 1161 1732 1237 facit,
1766 1161 1821 1242 qui
1854 1168 1986 1225 satanae
2019 1184 2158 1246 regnum
2191 1163 2319 1243 adimit,
2352 1166 2408 1248 qui

406 1251 556 1333 profano,
587 1249 641 1330 qui
670 1249 739 1311 sine
765 1248 883 1310 timore
901 1247 965 1309 Dei
986 1243 1217 1327 cupiditatibus
1239 1245 1308 1309 suis
1329 1246 1381 1308 in·
1434 1247 1715 1328 concupiscentiae
1744 1253 1873 1310 nostrae
1902 1248 1988 1312 vires
2016 1258 2166 1314 enervat:
2196 1251 2261 1314 imo
2289 1253 2343 1332 qui
2372 1252 2408 1316 ia

407 1334 535 1418 dulget,
559 1333 745 1416 exemplum
766 1333 802 1396 in
823 1332 954 1395 homine
976 1339 1169 1414 regenerato
1191 1331 1296 1412 ponit,
1321 1329 1382 1394 1100
1434 1353 1533 1396 acum
1552 1333 1691 1397 emitescit
1711 1333 1876 1411 nobiscum,
1899 1338 1934 1396 at
1955 1354 2024 1397 eunt
2046 1335 2149 1399 induti
2174 1336 2237 1417 filii
2258 1336 2322 1401 Dei
2344 1357 2410 1401 eea·

406 1427 459 1486 est
479 1422 516 1483 in
537 1442 571 1484 se
593 1420 672 1500 ipse.
717 1418 808 1483 Dicit
832 1419 934 1500 igitur
961 1424 1152 1498 perpetuam
1174 1417 1235 1482 sibi
1257 1416 1381 1480 luctam
1434 1438 1566 1482 000111ον.
1609 1418 1719 1497 Haec,
1742 1418 1893 1500 inquam,
1917 1427 1984 1482 tam
2006 1441 2083 1484 vere
2105 1430 2257 1504 certeque
2279 1422 2408 1487 animae

407 1527 477 1571 0000
507 1525 581 1569 oum
602 1504 749 1588 reliquiis
776 1504 884 1568 earnis
905 1523 997 1579 suae,
1026 1523 1125 1584 seque
1152 1504 1298 1567 vinctum
1320 1501 1381 1565 mi·
1434 1514 1564 1567 nostrae
1586 1505 1674 1566 intus
1689 1508 1862 1583 proestare,
1885 1525 1982 1586 quam
2011 1514 2099 1570 certo
2122 1506 2269 1572 videmus
2291 1528 2408 1590 eorpus

408 1612 482 1656 sera
509 1590 667 1656 servitute
690 1589 842 1667 detineri,
872 1592 1045 1670 quominus
1068 1610 1103 1652 se
1125 1598 1229 1653 totum
1252 1587 1381 1651 divinae
1434 1597 1583 1653 nostrum
1601 1597 1696 1652 extra
1717 1588 1814 1666 ablui,
1838 1589 2013 1673 submergi,
2036 1592 2240 1657 circumdari.
2276 1592 2408 1660 Isthaec

407 1677 490 1761 legis
529 1673 730 1741 obedientiae
768 1683 942 1739 consecret.
998 1674 1115 1756 Itaque
1149 1695 1224 1738 oum
1256 1674 1381 1757 gemitu
1434 1676 1521 1738 enim
1545 1675 1614 1738 sive
1632 1675 1790 1757 analogia,
1814 1676 1882 1740 sive
1905 1675 2092 1754 similitudo,
2109 1679 2132 1761 ¹)
2156 1680 2337 1743 certissima
2358 1687 2409 1745 001

407 1762 536 1846 cogitur
563 1761 745 1826 exclamare
774 1761 884 1843 (Rom.
908 1766 943 1836 7,
967 1760 1037 1843 24):
1068 1759 1183 1823 infelix
1205 1761 1279 1842 egel
1309 1760 1381 1840 quis
1434 1769 1711 1824 sacramentorum
1733 1761 1862 1843 regula:
1890 1771 1927 1824 ut
1953 1763 1988 1824 in
2008 1763 2105 1827 rebus
2126 1767 2290 1847 corporeis
2312 1765 2408 1848 spiri-

407 1871 460 1912 me
486 1846 636 1911 liberabit
658 1847 697 1911 (Ιο
719 1867 853 1928 corpore
875 1846 937 1911 hee
959 1847 1056 1909 morti
1078 1843 1239 1910 obnoxio?
1285 1842 1381 1924 Quod
1434 1846 1539 1910 tuales
1567 1846 1821 1928 conspiciamus,
1838 1848 1972 1926 perinde
1999 1868 2035 1911 00
2062 1850 2092 1912 ai
2105 1855 2216 1914 ‘ceram
2238 1851 2336 1915 000110
2356 1872 2409 1916 00-

408 1936 436 1998 01
464 1933 524 1997 11111
550 1931 615 1997 Ι)01
644 1934 764 2014 captivi
792 1933 828 1994 in
855 1952 985 1997 earcere
1013 1930 1201 1994 detinentur
1225 1930 1380 2011 quamdiu
1433 1933 1510 1996 stris
1537 1933 1688 1996 serbiectuc
1714 1933 1831 2012 forent·
1858 1932 1987 2013 quando
2016 1934 2198 1999 istiusmodi
2219 1938 2334 2019 figuris
2356 1958 2408 2001 re·

407 2022 541 2095 vivunt,
571 2039 769 2101 magnopere
791 2019 904 2081 anxios
927 2038 997 2082 esse
1019 2037 1151 2081 necesse
1174 2027 1224 2080 est
1244 2016 1379 2099 periculi
1433 2025 1641 2099 praesenta-re
1669 2018 1811 2080 Domino
1844 2019 1951 2082 visum
1980 2029 2037 2083 est.
2088 2020 2163 2084 Non
2192 2020 2268 2103 quia
2300 2043 2408 2087 sacra-

407 2107 457 2170 sui
479 2104 680 2186 cogitatione,
704 2105 766 2168 nisi
790 2103 867 2168 huie
890 2102 998 2166 timeri
1021 2100 1148 2181 obviam
1171 2111 1273 2166 eatur.
1319 2102 1381 2165 At-
1433 2118 1542 2167 mente
1572 2103 1653 2166 10100
1682 2104 1805 2185 gratiae
1832 2103 1978 2186 illigatae
2006 2106 2215 2188 inclusaeque
2236 2108 2316 2183 sint,
2345 2128 2408 2190 quo

407 2192 491 2254 texit
513 2210 590 2271 ergo
613 2191 648 2252 in
671 2190 758 2254 hunc
782 2210 877 2252 usum
907 2187 1175 2266 consolationem,
1205 2188 1289 2252 nihil
1311 2209 1381 2252 esse
1433 2189 1502 2253 eius
1529 2190 1653 2254 virtute
1680 2188 1772 2253 nobis
1800 2190 2023 2268 conferantur3
2057 2191 2114 2254 sed
2143 2192 2304 2256 duntaxat
2332 2193 2409 2275 quia
2497 2200 2503 2208 '

407 2276 626 2340 damnationis
656 2274 795 2356 amplius
822 2274 863 2338 iis
890 2275 944 2356 qui
973 2283 1051 2338 sunt
1078 2274 1114 2336 in
1142 2274 1274 2338 Christo
1297 2273 1379 2338 Iesu.

407 2362 472 2428 Ubi
496 2361 597 2436 decet,
624 2381 778 2442 eosquos
801 2360 900 2424 semel
923 2361 1084 2424 Dominus
1106 2361 1229 2442 reecpit
1250 2361 1282 2423 in
1307 2379 1381 2442 gra·

407 2449 504 2523 tiam,
534 2447 569 2509 in
592 2445 716 2510 Christi
740 2447 790 2510 sui
813 2446 1072 2511 communionem
1096 2446 1248 2522 inseruit,
1271 2445 1306 2508 10
1329 2465 1381 2509 ee·

407 2533 525 2598 elesiae
548 2533 734 2596 societatem
756 2552 814 2614 per
836 2532 1034 2613 baptismum
1052 2533 1223 2613 cooptavit,
1246 2531 1325 2595 dum
1346 2531 1382 2594 in

408 2618 532 2683 Christi
561 2618 625 2681 fide
653 2627 877 2700 perseverant,
907 2618 1034 2680 etiamsi
1063 2628 1233 2699 apeeeato
1256 2616 1382 2681 obside·

407 2712 524 2781 antur,
559 2712 655 2785 atque
689 2702 769 2767 adeo
801 2711 970 2784 peccatum
1005 2704 1039 2765 in
1073 2724 1107 2766 se
1140 2703 1380 2779 circumferant,

407 2797 502 2853 reatu
534 2797 645 2853 tamen
674 2798 708 2851 et
736 2787 946 2852 damnatione
974 2810 1044 2853 esse
1072 2788 1245 2852 absolutos.
1289 2788 1382 2852 Haeo

407 2877 435 2940 si
464 2875 602 2956 simplex
631 2882 682 2939 est
704 2893 741 2938 ac
764 2874 1381 2962 0000100Ρο011101010101011οκ000

406 2969 457 3026 est
478 2959 564 3043 quod
585 2961 777 3023 inusitatum
799 2959 921 3041 aliquid
942 2958 1072 3023 tradere
1094 2959 1273 3023 videamur.

497 3051 543 3109 13.
590 3045 792 3110 Confessieni
821 3054 930 3108 autem
958 3054 1088 3109 nostrae
1115 3044 1201 3127 apud
1231 3045 1381 3108 homines

407 3134 453 3198 010
476 3132 578 3196 servit
599 3131 779 3211 captamus.
826 3128 995 3213 Siquidem
1017 3138 1094 3194 nota
1115 3140 1165 3194 est
1187 3152 1251 3212 qua
1273 3132 1381 3212 palam

406 3219 600 3300 profitemur
618 3238 676 3281 nos
698 3217 817 3298 populo
839 3217 902 3281 Dei
925 3212 1087 3280 accenseri
1109 3217 1209 3295 velle;
1232 3237 1296 3298 qua
1316 3224 1380 3278 tes-

407 3311 518 3367 tamur
546 3324 605 3367 nos
633 3304 668 3365 10
691 3302 788 3366 00100
810 3303 873 3366 Ι)01
896 3303 1037 3380 cultum,
1065 3303 1101 3365 10
1129 3322 1229 3365 unam
1252 3301 1379 3383 religio·

406 3409 481 3452 nem
508 3409 582 3453 eum
605 3386 803 3452 Christianis
831 3388 981 3451 omnibus
1012 3388 1211 3466 consentire;
1239 3409 1303 3468 qua
1325 3386 1379 3450 de·

406 3475 506 3554 nique
538 3472 637 3536 fidem
672 3485 818 3537 nostram
846 3472 973 3555 publice
990 3474 1219 3551 affirmamus,
1250 3480 1287 3536 ut
1313 3493 1380 3536 non

406 3557 503 3624 modo
522 3557 653 3623 laudem
675 3556 740 3623 Dei
763 3560 888 3641 spirent
910 3558 1007 3623 corda
1025 3568 1145 3635 nostra,
1170 3560 1227 3622 sed
1248 3559 1380 3642 linguae

406 3646 504 3709 etiam
541 3652 574 3706 et
607 3645 718 3708 emnia
751 3645 896 3727 corperis
922 3645 1070 3709 membra
1097 3645 1214 3728 quibus
1243 3652 1381 3726 possunt

406 3730 697 3813 significationibus
735 3732 918 3811 personent.
973 3731 1026 3793 Ita
1057 3732 1164 3807 enim,
1203 3738 1240 3794 ut
1279 3728 1379 3808 decet,

405 3829 517 3881 nestra
538 3816 649 3879 omnia
667 3816 701 3879 in
723 3816 915 3898 obsequium
933 3816 1056 3899 gloriae
1074 3814 1139 3880 Dei
1157 3818 1380 3894 conferuntur,

380 3901 574 3984 ’000011111
597 3921 738 3964 vacuum
761 3923 831 3966 esse
854 3900 965 3980 debet,
993 3910 1027 3966 et
1048 3903 1166 3966 caeteri
1189 3915 1302 3966 nostro
1324 3924 1381 3965 cx·

406 3987 513 4070 emplo
536 3987 577 4051 ad
600 3986 713 4050 eadem
736 3986 845 4051 studia
867 3988 1053 4052 incitantur.
1069 3989 1093 4070 ¹)
1133 3988 1208 4052 Huc
1230 3988 1381 4069 respicie-

405 4075 464 4139 bat
483 4072 622 4150 Paulus,
652 4094 754 4154 quum
775 4075 993 4156 interrogaret
1010 4072 1198 4137 Corinthios
1219 4094 1326 4137 annon
1347 4074 1381 4136 in

405 4159 532 4225 Christi
564 4179 684 4221 nomen
716 4158 870 4241 baptizati
904 4157 1043 4222 fuissent
1075 4158 1105 4241 (l
1144 4158 1218 4223 Cor.
1252 4163 1283 4236 l,
1316 4157 1379 4241 13).

405 4245 553 4310 Innuens
576 4243 713 4320 00111001,
738 4263 775 4307 00
798 4244 878 4324 ipse,
902 4243 988 4326 quod
1009 4244 1044 4306 in
1065 4245 1136 4309 eius
1158 4264 1280 4308 nomen
1301 4243 1381 4307 fiiis-

404 4341 481 4397 sent
500 4330 665 4412 baptizati,
684 4350 754 4393 sese
776 4329 824 4392 illi
843 4329 1020 4407 devovisse,
1043 4331 1078 4394 in
1096 4330 1165 4394 eius
1187 4349 1309 4393 nomen
1328 4329 1380 4392 iu-

405 4438 504 4493 rasse,
529 4422 562 4480 et
582 4415 680 4479 fidem
699 4415 747 4478 illi
770 4436 861 4479 suam
886 4414 972 4498 apud
990 4415 1139 4479 homines
1157 4415 1379 4493 obstrinxisse,

404 4510 444 4565 ut
463 4502 610 4565 confiteri
633 4501 773 4583 amphus
802 4500 902 4566 alium
931 4522 998 4564 nen
1024 4510 1157 4584 possent
1177 4509 1307 4584 praeter
1330 4521 1380 4564 so-

405 4586 473 4650 lum
497 4586 681 4664 Christum,
709 4587 774 4650 nisi
802 4588 1039 4652 confessionem
1066 4587 1229 4671 abnegare
1256 4587 1381 4651 vellent

406 4692 506 4753 quam
527 4671 563 4733 in
583 4672 742 4753 baptismo
765 4672 941 4737 ediderant.

496 4761 542 4818 14.
588 4757 683 4822 Nunc
705 4767 878 4840 postquam
901 4767 1090 4824 enarratum
1117 4768 1168 4824 est
1188 4757 1267 4841 quid
1290 4779 1380 4840 spee-

407 4842 527 4905 taverit
556 4841 719 4906 Dominus
758 4852 871 4909 noster
909 4846 944 4908 in
981 4845 1185 4910 institutione
1218 4844 1379 4928 baptismi,

407 4948 490 5010 quae
520 4927 564 4990 sit
591 4925 685 4989 nobis
713 4931 827 4994 utendi
855 4930 1096 5014 accipiendique
1124 4931 1207 4996 ratio
1234 4931 1380 4995 iudicare

405 5021 595 5095 promptum
624 5019 680 5074 cst.
733 5013 819 5077 Nam
849 5025 1009 5097 quatenus
1037 5019 1212 5099 eriperulae,
1242 5017 1379 5096 alendae,

406 5095 713 5177 confirmandaeque
743 5097 819 5161 fidei
841 5110 972 5166 nostrae
995 5101 1107 5179 datur,
1136 5105 1305 5168 sumendas
1331 5109 1381 5168 est

407 5185 536 5266 quasie
559 5202 661 5246 manu
684 5182 788 5261 ipsias
811 5185 947 5263 acme,
973 5193 1098 5249 eertum
1125 5199 1398 5270 persuasumque

406 5270 527 5334 habere
549 5267 718 5346 convenit,
748 5267 856 5350 ipsum
878 5289 948 5332 esse
975 5269 1031 5351 qui
1052 5271 1146 5335 nobis
1167 5292 1226 5353 per
1248 5275 1381 5355 signum

1433 2276 1496 2340 hae
1518 2286 1642 2338 tessera
1663 2273 1867 2337 voluntatem
1895 2297 1986 2340 suam
2016 2276 2109 2339 nobis
2131 2278 2293 2342 Dominus
2316 2280 2407 2343 testi-

1433 2362 1562 2425 ficatur:
1598 2380 1715 2440 nempe
1744 2382 1778 2424 se
1808 2360 1889 2424 haec
1917 2362 2027 2424 omnia
2054 2361 2146 2428 nobis
2173 2364 2257 2428 velle
2285 2364 2405 2447 largiri.

1436 2446 1544 2525 Neque
1571 2450 1688 2508 tontum
1716 2447 1799 2509 audo
1826 2446 1995 2525 spectaculo
2019 2449 2125 2526 poscit
2153 2450 2268 2527 000100,
2296 2451 2350 2514 sed
2372 2450 2408 2514 ia

1433 2553 1499 2594 reor
1510 2536 1706 2610 praesentem
1726 2552 1782 2594 aes
1799 2532 1934 2611 adduct,
1957 2538 1985 2596 et
2001 2535 2082 2612 qaod
2097 2535 2222 2616 tyara,
2244 2535 2408 2615 efficaciter

1433 2617 1529 2681 simol
1550 2617 1662 2696 implet.

1524 2687 1570 2764 15.
1615 2700 1724 2764 Huius
1747 2701 1977 2766 documentum
2001 2705 2045 2768 sit
2065 2704 2238 2770 Cornelius
2262 2707 2408 2771 centurio

1435 2787 1523 2869 (Aet.
1551 2792 1604 2861 10,
1628 2786 1699 2869 48),
1723 2789 1779 2868 001
1801 2797 2008 2868 peecatorum
2029 2792 2232 2870 remissione,
2256 2794 2311 2875 qui
2333 2814 2409 2876 gra·

1434 2874 1489 2937 tiis
1524 2873 1657 2954 spiritus
1690 2874 1794 2936 sancti
1826 2874 2009 2938 visibilibus
2041 2875 2109 2938 iam
2145 2888 2244 2940 antea
2269 2877 2408 2943 donatus

1435 2959 1615 3040 baptizatus
1644 2966 1706 3035 est,
1735 2978 1801 3021 non
1828 2957 2002 3041 largiorem
2030 2962 2253 3026 remissionem
2281 2985 2298 3025 e
2328 2964 2408 3046 bap-

1433 3046 1530 3108 tismo
1564 3057 1694 3125 petens,
1729 3043 1787 3107 sed
1820 3044 1990 3109 certiorem
2022 3045 2098 3109 fidei
2132 3048 2407 3127 exercitationem,

1434 3132 1498 3194 imo
1517 3130 1652 3210 fiduciae
1676 3134 1872 3211 oapawntam
1898 3151 1936 3193 ea·
1952 3132 2091 3212 pipaore.
2136 3130 2301 3197 Obieeerit
2325 3134 2408 3198 forte

1433 3217 1562 3297 aliquis:
1592 3237 1651 3280 eur
1674 3215 1776 3298 igitur
1804 3215 1908 3279 Paulo
1937 3215 2063 3281 dicebat
2089 3219 2236 3282 Ananias
2266 3219 2353 3300 (Aet
2378 3223 2407 3297 9,

1438 3304 1500 3385 17),
1524 3313 1563 3364 01
1583 3309 1716 3383 peccata
1733 3323 1868 3384 suaper
1885 3302 2082 3383 baptismum
2104 3301 2259 3381 ablueret,
2283 3305 2311 3366 si
2328 3305 2408 3386 bap*

1433 3388 1521 3451 tismi
1538 3387 1550 3449 i
1574 3388 1642 3451 sius
1658 3387 1781 3451 virtute
1797 3396 1929 3469 peecata
1947 3408 2012 3451 non
2025 3388 2224 3453 abluuntur?
2258 3389 2408 3471 Respon-

1434 3472 1507 3538 deo:
1543 3408 1682 3537 dicimur
1715 3473 1875 3555 accipere,
1904 3471 2066 3551 obtinere,
2093 3474 2285 3573 impetrare,
2313 3475 2407 3556 quod,

1433 3565 1591 3640 quantum
1620 3557 1661 3621 ad
1687 3558 1764 3622 fidei
1791 3565 1921 3622 nostrae
1943 3580 2089 3637 sensum,
2113 3559 2205 3624 nobis
2223 3583 2243 3624 a
2265 3560 2407 3626 Domino

1434 3645 1616 3719 exhibetur,
1639 3646 1708 3708 sive
1730 3643 1764 3707 id
1786 3652 1856 3707 tum
1878 3645 2021 3726 primum
2044 3651 2193 3724 testatur,
2217 3647 2285 3710 sive
2307 3654 2408 3711 testa·

1433 3741 1507 3793 tum
1524 3730 1630 3813 magis
1647 3750 1684 3794 ae
1702 3730 1823 3793 certius
1842 3730 2022 3794 confirmat.
2056 3731 2131 3795 Hoc
2152 3732 2260 3813 itaque
2278 3739 2408 3796 tantum

1433 3816 1537 3881 voluit
1564 3815 1722 3879 Ananias:
1751 3823 1789 3878 ut
1811 3822 1924 3879 certus
1952 3817 2010 3892 sis,
2038 3817 2157 3893 Paule,
2186 3818 2322 3882 remissa
2349 3818 2408 3882 tibi

1434 3923 1504 3966 esse
1525 3907 1667 3983 peecata,
1689 3899 1869 3983 baptizare;
1892 3902 2055 3982 promittit
2076 3902 2162 3965 enim
2186 3903 2351 3968 Dominus
2371 3904 2408 3968 in

1433 3988 1594 4068 baptismo
1616 3986 2085 4068 remissionempeccatorum
2114 3986 2200 4050 hanc
2222 3989 2345 4072 accipe,
2375 3996 2409 4055 et

1435 4091 1568 4136 securus
1591 4079 1669 4136 esto.
1719 4072 1907 4152 Quartqaom
1933 4072 2013 4135 miti
2035 4074 2163 4136 animas
2185 4095 2246 4137 aon
2268 4081 2312 4138 eat
2333 4075 2408 4155 bap

1434 4158 1521 4223 etant
1542 4158 1606 4220 vim
1625 4161 1800 4235 extenuare,
1823 4159 1898 4237 quia
1917 4159 2005 4240 eipnc
2027 4159 2152 4223 accedet
2167 4179 2218 4221 rea
2238 4165 2266 4222 et
2283 4162 2406 4239 venta,

1434 4248 1586 4325 00010000
1605 4262 1668 4322 per
1695 4248 1820 4307 exterra
1845 4244 1948 4308 media
1978 4242 2069 4307 11000
2095 4248 2247 4323 operatm.
2291 4244 2407 4309 Caete-

1434 4351 1522 4407 rum,
1550 4350 1591 4392 ex
1621 4328 1684 4391 hoe
1712 4334 1936 4407 sacramento,
1966 4327 2238 4410 quemadmodum
2266 4350 2308 4392 ex
2334 4329 2407 4394 aliis

1434 4415 1600 4492 omnibus,
1628 4413 1712 4477 nihil
1741 4414 1947 4496 assequimur
1974 4415 2037 4478 uisi
2056 4420 2214 4495 quantum
2237 4413 2406 4478 11ᾶο0001-

1433 4502 1551 4584 pimus.
1595 4498 1634 4565 si
1661 4499 1742 4564 fides
1765 4500 1863 4578 desit,
1887 4501 2005 4563 011110
2027 4499 2252 4563 testimonium
2275 4501 2407 4582 1001011-

1433 4587 1553 4651 tudinis
1573 4591 1704 4665 nostroe,
1736 4607 1795 4667 000
1816 4588 1864 4650 rei
1886 4605 1995 4649 eoram
2016 4584 2088 4647 Deo
2105 4604 2306 4665 pauperior,
2330 4586 2407 4669 quia

1433 4665 1648 4754 promissioni
1669 4670 1737 4736 illie
1764 4672 1858 4736 datae
1885 4668 2044 4733 increduli
2067 4669 2233 4732 fuerimus.
2280 4669 2405 4750 Quate-

1433 4780 1496 4822 nus
1518 4777 1595 4823 vero
1618 4758 1827 4823 confessionis
1849 4762 1978 4819 nostrae
2000 4753 2186 4835 symbolum
2209 4763 2267 4830 001,
2290 4756 2406 4820 testari

1433 4865 1471 4908 00
1501 4840 1656 4908 debemus
1683 4843 1836 4907 fiduciam
1864 4846 2010 4902 nostram
2037 4838 2072 4901 in
2095 4838 2159 4902 Dei
2181 4839 2404 4906 misericordia

1433 4951 1512 5006 esse,
1536 4938 1569 4992 et
1579 4931 1757 5011 puritatem
1773 4934 1917 4990 nestram
1929 4925 1963 4987 in
1982 4932 2189 5005 peccatorum
2203 4928 2402 5008 remissione,

1433 5036 1517 5098 quae
1539 5022 1639 5096 porto
1665 5015 1753 5077 rtobis
1780 5019 1830 5074 001
1856 5031 1916 5091 per
1937 5009 2049 5073 Iesum
2071 5008 2257 5091 Christum,
2280 5033 2404 5096 nosque

1432 5101 1468 5166 in
1494 5101 1662 5165 eeclesiam
1691 5098 1755 5160 Dei
1776 5094 1921 5178 ingredi,
1951 5104 1990 5158 ut
2016 5115 2083 5159 uno
2105 5094 2182 5160 fidei
2205 5105 2238 5160 et
2260 5099 2404 5163 caritatis

1433 5191 1593 5252 consensu
1616 5205 1690 5247 cum
1710 5181 1861 5247 fidelibus
1878 5180 2027 5245 omnibus
2049 5183 2199 5246 vivamus
2220 5185 2401 5248 unanimes.

1432 5273 1506 5336 Hoc
1518 5275 1709 5350 postrenum
1734 5267 1838 5332 voluit
1854 5266 1979 5331 Paulus
1997 5265 2029 5351 (1
2051 5264 2124 5332 Cor.
2149 5272 2195 5344 12,
2219 5270 2282 5352 13),
2302 5289 2402 5350 quum

1432 5357 1547 5437 inquit,
1570 5355 1606 5416 in
1627 5373 1693 5416 uno
1716 5375 1776 5418 nos
1794 5373 1908 5417 omnes
1925 5353 2043 5434 spiritu
2064 5353 2241 5435 baptizatos
2263 5374 2343 5431 esse,
2365 5361 2405 5418 ut

1432 5461 1536 5505 unum
1558 5458 1677 5519 eorpus
1699 5460 1811 5503 010100.

474 5577 505 5646 1)
526 5576 595 5631 Olim
623 5573 713 5644 (1559.
744 5575 827 5646 1561)
853 5575 950 5630 sitim
977 5576 1108 5642 scriptum
1138 5581 1211 5629 erat:
1233 5576 1380 5630 incitentur
1434 5615 1463 5620 -

424 5646 479 5700 aod
507 5663 525 5700 0
552 5647 722 5716 sequentum
750 5646 810 5700 edd.
837 5644 962 5713 deinceps
991 5649 1126 5698 amatum
1147 5645 1241 5712 001010
1264 5638 1380 5701 cenred

471 5714 668 5770 1100οΒ010110
686 5713 763 5769 1654.
976 5771 979 5781 ,

1501 5712 1531 5780 1)
1548 5715 1694 5768 multitudo
1712 5714 1788 5769 1617.
