5600 6809
402 771 483 833 1085
737 767 827 832 LIB.
850 767 911 859 IV,
955 766 1020 831 DE
1043 764 1279 832 uxuuRNIs
1303 764 1469 831 MEDIIS
1492 766 1556 831 AD
1580 764 1810 833 SALUTEM.
1855 767 1954 833 oAP.
1977 769 2074 834 XIX.
2317 774 2397 836 1086

397 957 459 1022 tati
481 957 628 1022 serviret.
675 955 772 1022 Soleo
795 955 951 1020 eiusmodi
975 961 1052 1020 vota
1074 954 1238 1037 appellare
1259 951 1376 1019 666116-
1430 953 1490 1032 hoe
1507 952 1644 1018 tradunt
1670 956 1885 1034 confessione,
1907 957 2092 1039 primitivae
2114 957 2267 1022 eeclesiae
2289 958 2406 1042 incoge

398 1044 456 1121 tis,
480 1064 545 1106 non
573 1043 715 1124 pietatis:
745 1041 806 1107 hoc
833 1048 897 1119 est,
921 1062 988 1105 nen
1016 1049 1165 1122 suscepta
1187 1041 1228 1105 ad
1250 1040 1376 1105 cultum
1429 1040 1491 1103 niti
1512 1041 1653 1118 bierunt,
1676 1050 1710 1105 61
1731 1042 1845 1106 multis
1866 1051 1978 1124 postea
1996 1043 2091 1107 annis
2112 1044 2296 1126 excogitati.
2338 1043 2399 1109 Sa—

397 1128 539 1210 aliquem
563 1129 644 1209 Dei,
669 1127 726 1192 sed
750 1126 792 1192 ad
814 1126 1018 1191 tolerandam
1050 1127 1255 1190 infirmorum
1286 1126 1375 1190 rudi·
1429 1134 1596 1190 eramenta
1624 1133 1748 1205 autem,
1771 1149 1872 1210 quum
1894 1129 1958 1192 Dei
1980 1129 2226 1210 promissionem
2255 1132 2400 1195 contine-

398 1219 514 1292 tatem;
536 1213 809 1296 quemadmodum
830 1213 900 1294 ipse
922 1214 982 1290 ait,
1006 1210 1136 1276 Iudaeis
1159 1234 1193 1276 se
1216 1212 1375 1277 Iudaeum
1428 1219 1500 1289 ant,
1528 1233 1633 1293 neque
1654 1214 1694 1278 ab
1717 1213 1856 1296 angelis,
1884 1235 1989 1297 neque
2011 1215 2051 1278 ab
2074 1215 2276 1292 homiuibus,
2303 1216 2401 1280 6616

397 1301 533 1377 factum,
558 1307 616 1364 etc.
662 1301 752 1383 Ergo
775 1299 836 1362 hoo
852 1298 932 1380 fecit,
956 1298 1124 1378 etquidem
1152 1299 1260 1377 semel,
1284 1303 1376 1378 61666
1428 1295 1500 1360 Deo
1523 1297 1591 1360 solo
1614 1299 1741 1363 institui
1764 1299 1891 1378 debent,
1914 1301 2006 1365 cuius
2027 1301 2126 1364 unius
2148 1309 2198 1364 est
2214 1303 2400 1383 promissio·

396 1387 440 1449 ad
452 1386 540 1450 brcec
559 1391 687 1468 1666666,
705 1384 884 1448 611616616
897 1406 931 1448 66
947 1386 1098 1463 tantisper
1109 1384 1386 1448 accommodaret·
1427 1404 1504 1445 nem
1527 1383 1613 1447 dare.
2110 1395 2116 1414 ·

397 1471 459 1536 Isti
492 1491 592 1553 quum
629 1472 873 1535 Nazaraeorum
916 1470 1159 1551 purificationes
1192 1468 1281 1533 nullo
1312 1492 1375 1534 usu
1515 1473 1564 1532 28.
1611 1467 1797 1551 Supersunt
1822 1476 1889 1535 tres
1916 1470 2061 1548 ordinae,
2081 1493 2160 1554 quos
2181 1473 2321 1537 maiores
2343 1495 2400 1537 vo·

397 1557 521 1621 imitari
542 1556 667 1635 volunt,
690 1555 767 1638 quid
786 1553 875 1620 aliud
897 1577 994 1638 quam
1017 1554 1157 1619 alterum
1179 1555 1374 1620 iudaismum
1428 1562 1512 1618 eant.
1556 1555 1611 1618 Ex
1639 1556 1754 1637 quibus
1781 1555 2046 1635 subdiaconatus,
2075 1565 2113 1620 ut
2139 1558 2245 1636 aiunt,
2267 1560 2303 1622 in
2325 1580 2401 1623 eum

398 1643 538 1725 erigunt,
567 1643 641 1706 dem
669 1648 795 1706 veterem
812 1661 981 1722 perperam
1016 1640 1172 1704 6666161661
1207 1642 1373 1721 affectaret?
1427 1661 1601 1704 numerum
1624 1641 1803 1705 translatus
1826 1649 1883 1720 est,
1903 1664 2023 1725 exque
2046 1644 2143 1707 turba
2158 1644 2216 1707 illa
2235 1644 2401 1708 minorum

397 1728 523 1792 Eadem
545 1727 702 1811 religione
720 1726 892 1792 decretalis
913 1726 972 1790 illa
994 1727 1130 1808 epistola
1142 1726 1167 1809 ¹)
1197 1729 1375 1809 composita
1426 1726 1588 1807 pullulare
1610 1728 1722 1809 eoepit.
1768 1726 1856 1807 Quia
1877 1735 1987 1792 autem
2008 1726 2162 1793 videntur
2190 1751 2248 1811 pro
2277 1730 2401 1794 11616-

398 1820 456 1892 661,
480 1834 562 1896 quae
584 1813 735 1895 prohibet
766 1812 905 1889 clericis,
928 1812 1022 1875 iuxta
1043 1812 1225 1894 apostolum
1244 1813 1276 1896 (1
1297 1812 1372 1878 Cer.
1428 1812 1619 1875 stimonium
1648 1813 1768 1877 habere
1791 1833 1811 1875 a
1831 1813 1937 1878 verbo·
1958 1815 2036 1892 Dei,
2060 1835 2167 1880 sacros
2190 1815 2321 1880 ordines
2342 1816 2401 1880 ho-

400 1904 449 1979 11,
469 1900 514 1982 4),
538 1921 580 1963 66
602 1921 727 1964 66666
750 1899 909 1976 66161661,
933 1897 990 1962 661
1011 1899 1117 1962 166166
1139 1898 1296 1981 sphaerae
1321 1922 1374 1964 ra·
1428 1899 1517 1960 noris
1539 1918 1636 1962 causa
1655 1899 1865 1980 peculiariter
1887 1901 2065 1964 nominant.
2112 1897 2402 1982 8616666611-

398 1984 494 2063 4(1661;
523 1986 614 2067 quasi
650 1985 829 2067 apostolus,
864 1983 982 2048 docens
1009 1983 1087 2066 quid
1117 1985 1196 2048 viris
1223 1984 1374 2050 omnibus
1427 2003 1490 2064 666
1512 1984 1644 2047 Domini
1679 1984 1838 2049 institutis
1859 1986 1895 2048 in
1917 1994 2124 2068 praetextum
2147 2006 2240 2050 suum
2264 1987 2401 2051 abutan-

400 2070 552 2135 decorum
574 2072 618 2134 611
639 2070 679 2134 16
702 2070 873 2152 sphaerica
899 2069 1090 2134 clericorum
1118 2092 1234 2134 rasura
1257 2071 1374 2134 sollici·
1427 2076 1498 2148 tur,
1531 2069 1707 2134 videndum
1740 2078 1797 2134 est.
1849 2071 2048 2154 Incipiemus
2080 2079 2188 2136 autem
2217 2072 2257 2137 ab
2286 2072 2401 2136 ordine

398 2163 452 2221 tus
473 2156 580 2220 fuerit.
621 2156 710 2220 Hine
731 2155 868 2220 lectores
889 2161 1044 2237 reputent
1065 2156 1169 2237 qualis
1191 2157 1258 2222 sint
1279 2178 1373 2221 ener-
1426 2155 1622 2239 presbyterii
1643 2157 1712 2221 sive
1734 2156 1914 2220 sacerdotii.
1953 2157 2018 2221 His
2039 2158 2126 2221 enim
2149 2157 2273 2223 duobus
2294 2160 2401 2221 nomi-

398 2242 471 2325 giae
490 2261 527 2306 ao
545 2241 713 2325 dignitatis
731 2241 795 2305 alia
812 2262 895 2323 quae
917 2248 1099 2322 sequuntur
1115 2244 1282 2325 mysteria,
1301 2244 1374 2324 qui·
1427 2240 1522 2305 nibus
1544 2262 1612 2305 rem
1636 2262 1737 2304 unam
1759 2242 1954 2325 significant,
1978 2264 2014 2322 ae
2037 2244 2082 2307 sie
2102 2243 2269 2325 appellant
2286 2264 2340 2307 666
2359 2243 2401 2307 61

397 2327 460 2392 166
481 2327 556 2391 talis
579 2334 630 2392 est
650 2329 824 2410 ingressus.
1427 2347 1506 2408 quos
1527 2327 1692 2408 pertinere
1714 2328 1807 2392 aiunt
1828 2328 2023 2393 sacrificium
2050 2331 2193 2410 corporis
2215 2337 2248 2392 et
2268 2330 2400 2411 sangui-

485 2417 534 2476 27.
567 2412 665 2479 Unde
681 2414 840 2496 originem
853 2412 1005 2477 habuerit
1022 2412 1212 2478 clericorum
1228 2420 1371 2493 tonsura,
1426 2413 1477 2476 nis
1500 2412 1625 2478 Christi
1647 2413 1683 2475 in
1706 2413 1802 2477 altari
1831 2416 2003 2494 conficere,
2031 2415 2192 2479 orationes
2220 2416 2399 2497 concipere,

398 2497 525 2563 abunde
548 2498 663 2563 velex
680 2519 746 2562 nno
768 2498 993 2582 Augustino²)
1015 2506 1148 2563 constat.
1183 2498 1295 2579 Quum
1316 2500 1373 2565 illo
1425 2518 1463 2562 ao
1485 2498 1675 2562 benedicere
1702 2499 1787 2563 dona
1808 2500 1881 2564 Dei.
1924 2499 2039 2582 Itaque
2060 2501 2096 2563 in
2118 2499 2320 2565 ordinatione
2342 2522 2399 2582 pa·

399 2585 526 2649 saecule
548 2585 701 2666 capillum
719 2606 786 2648 non
808 2584 934 2648 alerent
954 2584 1019 2648 nisi
1041 2584 1179 2663 delicati,
1199 2587 1305 2668 etqui
1322 2587 1372 2650 ni·
1425 2590 1537 2648 teuam
1567 2604 1641 2647 eum
1669 2583 1784 2649 hostiis
1816 2585 1994 2667 accipiunt,
2024 2587 2059 2648 in
2089 2586 2237 2669 symbola
2265 2586 2400 2651 collatae

398 2677 503 2733 torem
535 2669 795 2753 elegantiamque
823 2670 992 2734 nonsatis
1015 2671 1144 2734 virilem
1166 2672 1371 2751 affectabant,
1426 2671 1487 2734 sibi
1508 2671 1677 2752 potestatis
1699 2670 1873 2751 placabiles
1894 2672 1966 2735 Deo
1988 2672 2112 2736 hostias
2135 2671 2307 2749 offerendi,
2329 2693 2400 2735 ma-

385 2752 573 2835 Κ611616166
599 2776 669 2819 esso
691 2776 758 2818 non
782 2754 858 2818 boni
883 2756 1025 2837 exempli
1047 2758 1075 2820 si
1097 2756 1221 2822 clericis
1243 2757 1276 2820 id
1298 2779 1372 2840 per·
1425 2777 1553 2838 nusque
1581 2755 1647 2818 illis
1669 2756 1892 2838 inungrmtur;
1916 2777 1978 2838 quo
1997 2757 2144 2841 symbolo
2168 2755 2325 2822 docentur
2343 2757 2400 2821 da·

396 2841 589 2905 mitteretur.
634 2839 837 2904 Iubebantur
859 2862 936 2924 erge
955 2841 1062 2906 cleriei
1087 2841 1140 2908 vel
1161 2842 1297 2907 tondere
1319 2865 1372 2909 ea
1425 2848 1493 2904 tam
1515 2841 1575 2906 sibi
1598 2862 1669 2904 esse
1690 2840 1901 2927 eqnscerandi
1932 2849 2134 2923 potestatem.
2180 2840 2248 2906 Sed
2268 2843 2308 2906 de
2330 2862 2401 2907 cae-

397 2933 467 3009 661,
485 2926 537 2992 vel
556 2926 680 3004 radere,
703 2947 744 2989 ne
766 2948 864 3008 quam
883 2927 1080 2992 effoeminati
1104 2929 1211 2994 cultus
1232 2930 1373 3011 speeiem
1426 2928 1580 2992 remoniis
1600 2934 1722 3009 postea.
1759 2928 1811 2990 De
1829 2947 1864 2990 re
1882 2927 1954 3008 ipsa
1971 2924 2055 2992 dieo:
2080 2926 2160 2990 adeo
2183 2928 2312 2991 nullum
2331 2929 2400 3009 api-

397 3031 477 3095 prse
505 3033 539 3075 se
564 3013 696 3077 ferrent.
741 3011 834 3078 Adeo
859 3018 970 3076 autem
998 3013 1032 3076 id
1062 3014 1199 3097 vulgare
1228 3022 1312 3093 erat,
1336 3023 1374 3079 nt
1426 3034 1497 3078 cem
1525 3013 1654 3077 1661616
1674 3011 1774 3078 verbo
1803 3013 1867 3077 Dei
1894 3013 1976 3094 qaod
2002 3012 2320 3092 momentanea
2342 3034 2399 3095 66-

397 3097 550 3163 monaehi
584 3097 731 3180 quidam,
765 3119 828 3181 quo
855 3099 962 3181 magis
994 3119 1087 3163 suam
1124 3100 1373 3166 sanctimoniam
1425 3100 1552 3162 tuerint
1568 3098 1747 3182 improbius
1764 3098 1910 3162 ordinem
1927 3120 1947 3162 a
1962 3097 2034 3162 Deo
2052 3099 2192 3181 positum
2210 3096 2397 3180 depravare.

397 3182 533 3246 notabili
555 3183 773 3265 distincteque
791 3180 832 3247 ab
850 3184 922 3248 aliis
945 3185 1060 3249 habitu
1083 3185 1300 3264 venditarent,
1318 3207 1373 3253 co·
1412 3185 1592 3269 *Principio
1619 3183 1752 3267 quidem
1773 3205 1833 3266 666
1855 3186 2000 3249 confesso
2022 3205 2093 3249 esse
2115 3184 2210 3248 debet
2239 3182 2340 3268 (6661
2362 3184 2400 3248 de

397 3288 486 3332 mam
509 3268 726 3333 demitterent.
762 3268 874 3349 Quum
896 3278 1182 3352 veroposteares
1204 3271 1373 3337 61661666
1425 3271 1526 3335 misse
1547 3271 1662 3351 populi
1688 3270 1848 3335 tractando
1880 3271 2092 3354 assenrimus)
2121 3271 2260 3334 iniurias
2287 3290 2400 3334 omnes

397 3352 561 3432 rediisset,
590 3354 691 3418 etad
724 3355 1004 3420 christianismum
1036 3355 1227 3421 accederent
1282 3366 1373 3422 entes
1426 3379 1497 3422 esse
1524 3356 1672 3433 Christo,
1701 3358 1757 3438 qui
1784 3377 1819 3421 se
1841 3355 2024 3420 sacerdotes
2057 3356 2240 3439 appellant,
2259 3355 2299 3419 ad
2321 3355 2401 3418 effe·

397 3439 572 3521 quaedam,
595 3460 678 3522 6666
700 3461 829 3522 semper
860 3448 1006 3505 comatae
1028 3443 1171 3521 fuerant,
1192 3451 1230 3507 ut
1253 3379 1372 3522 (iallia,
1425 3443 1563 3507 rendam
1580 3442 1772 3526 placationis
1793 3442 1943 3507 hostiam.
1978 3441 2185 3506 Constitutus
2201 3442 2257 3504 1116
2275 3448 2308 3505 61
2325 3462 2401 3504 eon-

398 3523 586 3606 6666666,
609 3525 1373 3611 166116,666616166616166166661166666-
1426 3535 1571 3594 secratus
1592 3536 1726 3611 666166
1749 3528 1898 3593 sacerdos
1921 3547 1996 3591 cum
2018 3526 2226 3592 iureiurando
2248 3527 2326 3605 1611,
2349 3545 2400 3591 66-

397 3609 478 3676 61666
496 3619 603 3693 caput,
630 3633 673 3675 ne
691 3631 801 3676 comae
824 3620 1054 3678 ornamentum
1074 3613 1262 3679 viderentur
1275 3616 1373 3681 affec·
1426 3614 1569 3680 cundum
1591 3614 1739 3678 ordinem
1760 3613 1987 3690 Melchisedec,
2009 3613 2100 3678 nullo
2121 3614 2196 3691 fine,
2214 3612 2305 3676 nullo
2328 3633 2401 3676 suc·

397 3703 476 3761 tare.
506 3696 654 3762 'landem
675 3699 876 3780 corruptiore
894 3699 1031 3777 saeculo,
1054 3721 1156 3782 quum
1177 3701 1373 3782 66166666-
1425 3720 1553 3766 cessere
1575 3699 1678 3784 (Psal.
1699 3704 1769 3778 110,
1788 3704 1824 3779 43
1845 3699 1948 3763 Η616.
1969 3704 1997 3778 5,
2018 3704 2036 3762 6
2055 3704 2135 3776 617,
2157 3698 2202 3782 3).
2246 3697 2400 3762 Hostiam

397 3783 454 3847 nia
481 3784 635 3849 instituta
656 3784 709 3849 vel
730 3785 862 3849 inversa
887 3784 1009 3863 forent,
1033 3785 1088 3850 vel
1109 3785 1145 3849 in
1167 3787 1372 3868 superstitio-
1424 3785 1524 3851 semel
1543 3783 1662 3850 obtulit
1678 3792 1830 3850 aeternae
1850 3786 2045 3867 expiationis
2062 3792 2097 3849 61
2113 3782 2398 3862 6666661116116616;

396 3889 473 3933 666
506 3868 776 3953 degenerassent,
809 3871 886 3952 quia
912 3871 947 3936 in
974 3891 1088 3936 rasura
1118 3871 1259 3937 clericali
1287 3873 1372 3936 nihil
1425 3872 1636 3937 nuncetiam
1662 3869 1884 3936 sanemarium
1906 3870 1988 3936 coeli
2009 3872 2192 3953 ingressus,
2224 3867 2400 3934 intercedit

396 3955 574 4020 cernebant
605 3976 721 4021 causae
755 3956 876 4040 (neque
909 3957 998 4021 enim
1023 3957 1200 4040 quidquam
1227 3960 1372 4023 6611666-
1424 3978 1484 4039 666
1506 3958 1607 4022 66116.
1643 3956 1685 4020 In
1705 3958 1776 4039 ipso
1797 3978 1910 4021 omnes
1932 3977 2045 4021 sumus
2067 3954 2259 4032 sacerdotes,
2282 3952 2339 4019 sed
2356 3953 2399 4018 ad

396 4047 473 4104 rant
503 4049 635 4124 praeter
670 4041 803 4106 stultam
835 4043 1080 4126 imitationem),
1109 4042 1151 4107 ad
1177 4045 1371 4129 mysterium
1424 4043 1537 4108 laudes
1565 4050 1598 4107 et
1624 4044 1805 4127 gratiarum
1837 4043 1994 4121 actiones,
2021 4041 2063 4105 ad
2089 4060 2151 4105 666
2181 4039 2318 4121 1661666
2339 4060 2398 4103 66-

396 4127 632 4210 confugerunt3
665 4126 752 4208 quod
774 4148 862 4192 nuno
885 4128 1108 4210 superstitiose
1137 4129 1231 4194 nobis
1260 4131 1372 4194 obtru-
1425 4136 1556 4210 atraque
1577 4129 1650 4193 Deo
1671 4127 1846 4193 offerenda.
1890 4128 1944 4191 Illi
1966 4129 2024 4192 uni
2047 4126 2213 4210 singulare
2239 4125 2316 4202 brit,
2339 4144 2399 4188 sua

396 4210 479 4276 dunt
510 4232 569 4294 pro
598 4213 795 4277 sacramenti
828 4212 880 4277 sui
907 4213 1145 4295 approbatione.
1197 4213 1371 4299 06116611)
1425 4214 1588 4279 oblatione
1604 4215 1715 4280 Deum
1731 4214 1860 4296 placare
1878 4220 1912 4277 et
1927 4220 2062 4297 peccata
2079 4213 2218 4292 expiare.
2242 4209 2282 4272 Id
2297 4230 2398 4290 quum

395 4298 433 4361 in
450 4299 692 4363 consecratione
728 4297 837 4362 elavos
865 4298 980 4380 templi
1008 4299 1186 4381 accipiunt,
1217 4321 1281 4382 666
1310 4299 1372 4365 6111
1425 4301 1485 4365 6111
1508 4301 1564 4364 isti
1581 4309 1756 4382 usurpent,
1789 4298 1867 4382 quid
1889 4305 2050 4382 superest,
2072 4296 2136 4360 nisi
2156 4315 2268 4359 eorum
2290 4314 2397 4358 66666-

396 4383 549 4448 mandari
566 4383 745 4449 custodiam
761 4383 963 4467 intelligant3
982 4384 1128 4464 lectores,
1147 4406 1240 4450 saera
1256 4384 1370 4467 biblia;
1425 4385 1550 4451 dotium
1582 4387 1720 4469 impium
1748 4405 1819 4450 6666
1847 4405 1885 4450 ae
1913 4381 2129 4466 sacrilegum?
2174 4378 2273 4460 (16616
2299 4380 2397 4443 61616

397 4471 593 4549 exorcistae,
628 4469 785 4534 formulas
820 4469 1093 4547 exorcismorum,
1124 4471 1244 4553 quibus
1271 4494 1371 4557 super
1423 4472 1564 4555 improbi
1593 4480 1680 4550 sunt,
1711 4471 1789 4535 dum
1817 4470 2013 4536 sacramenti
2041 4466 2138 4530 titulo
2155 4465 2313 4548 insignire
2339 4486 2397 4529 66-

398 4574 637 4637 energumenos
663 4562 698 4619 61
718 4555 968 4621 catechumenos
994 4563 1144 4636 ntantur;
1173 4558 1243 4622 6661
1283 4559 1326 4637 11,
1341 4559 1370 4643 ⁴)
1425 4558 1511 4623 dent.
1557 4556 1726 4637 Quantum
1749 4556 1929 4622 adrerum
1957 4550 2150 4636 presbyterii
2173 4570 2294 4615 munus
2320 4552 2397 4614 atti-

297 4692 302 4702 .
398 4658 508 4703 cereos
525 4647 560 4702 61
576 4641 752 4706 urceolum.
787 4641 841 4705 En
859 4642 1082 4707 caeremoniae
1104 4641 1221 4725 quibus
1254 4645 1281 4709 si
1299 4646 1371 4709 Deo
1424 4651 1496 4723 661,
1524 4643 1610 4726 6661
1638 4663 1695 4709 666
1726 4642 1853 4708 Christi
1873 4638 1966 4705 nobis
1988 4645 2038 4702 661
2058 4635 2335 4715 66666616166,
2356 4635 2397 4699 li-

398 4723 519 4808 placet)
540 4731 667 4789 tantum
688 4729 774 4793 inest
794 4746 932 4792 arcanae
952 4729 1085 4793 virtutis
1102 4735 1141 4792 61
1158 4750 1229 4794 esse
1246 4731 1373 4813 possint
1424 4730 1540 4794 beuter
1565 4751 1603 4794 eo
1630 4729 1701 4795 1666
1729 4727 1841 4792 16166.
1886 4723 1959 4788 11116
1985 4723 2074 4787 enim
2106 4722 2309 4786 caeremonia
2336 4727 2395 4801 est,

399 4811 524 4893 gratiae
551 4810 724 4877 invisibilis
751 4833 819 4877 non
840 4812 937 4878 modo
959 4815 1054 4897 signa
1075 4835 1113 4880 ac
1133 4821 1291 4894 tesserae,
1315 4814 1373 4881 sed
1423 4817 1567 4899 primum
1584 4837 1626 4880 ex
1642 4814 1813 4897 seripturis
1835 4816 1974 4891 sumpta,
1992 4807 2109 4872 deinde
2126 4827 2224 4904 quam
2241 4828 2307 4871 666
2325 4826 2396 4872 esse

399 4896 498 4960 61166
519 4916 643 4960 666666.
688 4896 761 4963 Η66
782 4900 870 4964 6616
891 4899 1071 4965 seeundum
1093 4921 1188 4966 suam
1211 4901 1372 4966 defiuitio-
1424 4902 1557 4966 inanem
1573 4921 1634 4967 nec
1652 4916 1902 4982 supervacuam,
1920 4894 1978 4959 sed
1994 4891 2090 4957 fidele
2118 4892 2295 4975 spiritualis
2320 4914 2396 4977 gra·

398 5002 475 5045 nem
501 4981 684 5064 postulant,
713 5003 812 5063 quum
834 4987 922 5049 16166
949 4996 1153 5051 sacramenta
1178 4987 1293 5054 161661
1314 5010 1372 5053 vo-
1424 4989 1490 5052 tiae
1523 4986 1719 5073 symbolum,
1758 4988 1900 5045 testatur
1936 4979 2061 5044 Paulus
2094 4976 2127 5061 (1
2159 4979 2242 5044 lim.
2267 4985 2302 5057 4,
2331 4978 2394 5063 14).
2478 5028 2480 5033 .

398 5066 479 5130 lunt.
524 5067 667 5145 Verum,
691 5074 728 5130 ut
749 5070 861 5148 paucis
894 5069 1077 5147 absolvam,
1101 5073 1172 5138 dieo
1194 5073 1372 5140 absurdum
1425 5073 1521 5154 Quod
1544 5079 1654 5137 autem
1676 5067 1810 5132 tertium
1832 5067 1868 5130 in
1888 5086 2026 5129 numero
2047 5084 2115 5128 non
2137 5065 2245 5147 posui,
2269 5065 2395 5130 66166-

398 5173 469 5218 esse
490 5152 578 5236 6661
598 5153 635 5215 16
657 5151 776 5217 scholis
799 5158 832 5215 et
853 5154 1030 5217 canonibus
1051 5156 1194 5222 minores
1216 5161 1296 5225 istos
1319 5181 1372 5224 or·
1424 5167 1495 5224 tum
1523 5168 1586 5234 est,
1613 5154 1700 5235 quod
1726 5173 1795 5216 non
1821 5150 2023 5217 ordinarium
2054 5168 2116 5214 neo
2147 5171 2320 5216 commune
2345 5156 2396 5214 661

399 5237 492 5303 dines
514 5246 720 5303 sacramenta
741 5238 879 5316 faciunt;
901 5237 1039 5320 quando,
1062 5260 1175 5304 eorum
1196 5245 1295 5308 etiam
1318 5245 1373 5325 qui
1426 5245 1513 5328 apud
1534 5260 1647 5305 omnes
1668 5238 1790 5316 fideles,
1812 5236 1870 5303 sed
1892 5236 1933 5302 ad
1955 5243 2076 5301 certam
2097 5236 2299 5301 functionem
2321 5255 2394 5317 spe-

1386 5345 1389 5352 '
1425 5331 1515 5394 cialis
1536 5327 1628 5389 ritus.
1666 5326 1792 5390 Verum
1814 5344 1914 5406 quum
1935 5322 1989 5386 hie
2006 5322 2111 5386 honor
2132 5321 2310 5387 christiano
2331 5320 2394 5383 mi-

1424 5412 1559 5479 nisterio
1587 5412 1757 5490 tribuitur,
1779 5430 1847 5474 non
1868 5416 1918 5474 est
1937 5415 2109 5492 propterea
2134 5406 2219 5488 quod
2247 5403 2394 5488 superbi-

1425 5507 1484 5563 ant
1503 5497 1655 5580 papistici
1676 5496 1867 5563 sacerdotes.
1901 5493 2077 5577 Evangelii
2093 5493 2182 5556 enim
2199 5493 2250 5557 sui
2267 5512 2305 5556 66
2320 5513 2394 5576 my-

1424 5585 1597 5647 steriorum
1617 5582 1854 5666 dispensatores
1875 5579 2019 5646 ordinari
2036 5578 2132 5642 iussit
2148 5576 2309 5657 Ohristus,
2326 5598 2394 5642 non

467 5545 497 5614 1)
516 5546 561 5599 (la.
581 5546 691 5600 Prohib.
711 5547 774 5599 dist.
794 5544 836 5598 25.
912 5544 944 5610 2)
962 5549 1078 5616 August.
1097 5547 1131 5599 de
1150 5562 1232 5615 opere
1250 5550 1371 5604 monach.

397 5616 426 5667 in
444 5616 504 5668 fine,
535 5615 605 5668 1166
627 5617 656 5668 16
678 5616 800 5668 Retraet.
823 5613 848 5682 2,
866 5612 907 5667 21.
979 5614 1009 5684 3)
1033 5616 1106 5669 Libr.
1126 5613 1150 5668 4.
1174 5621 1290 5669 sentent.
1309 5619 1370 5673 dist.
1578 5671 1585 5683 ‚
1653 5671 1659 5684 ,
1831 5669 1838 5682 ,
2279 5663 2286 5675 .

397 5682 479 5737 116.
498 5683 523 5738 8.
586 5684 618 5752 4)
639 5683 692 5738 Se.
1423 5678 1625 5736 eremmanos
1650 5688 1849 5753 maugurarr.
1892 5665 2088 5731 Mandatum
2116 5661 2393 5746 depraedicando
