5600 6809
390 721 471 785 1045

387 931 407 974 a
428 906 501 971 Deo
523 904 708 984 mandatur,
727 904 792 970 fide
813 905 987 987 praecipue
1005 911 1169 979 constare,
1192 925 1275 986 6666
1295 926 1365 968 om-

387 994 500 1059 61616
524 990 661 1068 Christo,
685 991 769 1055 nihil
795 992 832 1054 in
854 990 947 1055 nobis
975 990 1118 1072 reponit;
1141 988 1259 1054 deinde
1281 990 1365 1055 cari·

386 1088 462 1157 tate,
486 1086 519 1142 et
541 1098 579 1141 ea
601 1076 732 1159 quidem
757 1078 828 1159 ipsa
855 1097 953 1158 quam
975 1075 1048 1140 Deo
1070 1076 1295 1157 imperfectam
1317 1077 1364 1140 61·

386 1168 471 1230 16116
492 1163 572 1229 66116
594 1164 651 1239 611,
674 1170 711 1226 61
732 1163 836 1245 ipsam
866 1163 903 1225 iu
925 1161 1041 1229 melius
1065 1167 1198 1244 augeat,
1233 1161 1363 1243 quando

386 1249 546 1334 praestari
574 1248 676 1313 solida
701 1269 767 1312 non
797 1255 913 1330 potest
958 1248 1027 1311 Alii
1055 1248 1223 1312 nobiscum
1244 1248 1279 1310 in
1302 1249 1364 1312 hoc

386 1337 641 1412 consentientes,
676 1333 870 1416 dignitatem
896 1335 1002 1416 ipsam
1023 1334 1059 1396 in
1080 1332 1145 1397 fide
1172 1344 1206 1396 ct
1227 1333 1364 1397 caritate

386 1423 525 1504 positam
548 1442 634 1496 esse,
656 1421 692 1483 in
721 1420 817 1483 modo
844 1419 1047 1502 1661661666
1076 1417 1245 1500 dignitatis
1266 1418 1364 1502 longe

387 1509 598 1584 aberrarunt,
627 1505 703 1569 fidoi
725 1506 958 1588 perfectionem
991 1505 1174 1587 exigentes,
1197 1505 1251 1569 cui
1279 1503 1363 1569 nihil

386 1594 518 1657 omnino
537 1590 688 1657 accedere
710 1593 822 1673 possit,
845 1599 878 1655 61
894 1590 1067 1655 paritatem
1087 1610 1199 1671 parem
1218 1591 1247 1653 61
1265 1610 1363 1672 qnam

386 1679 540 1744 Christus
561 1698 640 1760 erga
662 1699 722 1741 666
744 1676 932 1742 declaravit.
977 1677 1025 1741 At
1046 1696 1083 1739 66
1101 1676 1171 1757 ipso
1189 1697 1302 1741 omncs
1322 1675 1363 1741 ab

386 1765 486 1829 huius
520 1784 638 1828 coenae
671 1771 897 1828 sacrosanctae
931 1782 1079 1839 accessu,
1109 1783 1175 1825 non
1208 1783 1301 1826 secus
1325 1783 1363 1827 ac

386 1852 510 1932 priores
529 1848 588 1926 illi,
611 1849 755 1932 abigunt.
801 1846 840 1913 si
863 1849 950 1912 enim
968 1847 1131 1911 obtineret
1152 1868 1265 1911 eorum
1288 1869 1363 1912 sen·

386 1937 499 2013 tentia,
517 1955 614 1999 nemo
632 1934 697 1998 nisi
715 1935 850 2017 indigne
870 1934 1046 2016 acciperet;
1065 1932 1196 2015 quando
1208 1931 1361 1997 adunum

385 2043 499 2086 omnes
520 2021 569 2085 rei
592 2021 794 2103 convictique
822 2041 901 2084 suae
927 2019 1183 2102 imperfectionis
1211 2025 1362 2084 teneren-

385 2115 449 2172 tur.
494 2108 541 2170 Et
562 2127 640 2171 6666
662 2106 756 2169 nimii
783 2106 939 2188 stuporis,
970 2127 1012 2170 ne
1040 2104 1146 2169 dicam
1175 2104 1362 2171 stoliditatis

385 2193 493 2272 1116111,
517 2212 589 2255 6616
618 2192 850 2273 perfectionem
878 2193 914 2256 in
940 2191 1126 2273 recipiendo
1156 2200 1360 2257 sacramento

384 2281 565 2361 requirere,
586 2299 669 2360 quae
688 2283 931 2343 sacramentum
954 2278 1084 2341 irritum
1105 2297 1361 2359 supervacuum-

384 2387 446 2447 666
467 2365 578 2428 faciat:
608 2363 693 2445 quod
720 2385 787 2428 non
812 2365 965 2447 perfectis
992 2363 1181 2427 institutum
1209 2370 1273 2440 est,
1297 2362 1361 2430 sed

384 2450 526 2515 infirmis
547 2470 585 2514 66
614 2448 774 2515 debilibus
802 2449 844 2513 ad
871 2448 1109 2526 vellicandum,
1139 2447 1359 2528 excitandum,

384 2534 629 2613 stimulandum,
648 2536 866 2601 exercendum
884 2534 962 2599 fidei
981 2541 1015 2599 et
1034 2533 1180 2600 caritatis
1197 2533 1359 2614 affectum,

385 2622 547 2686 defectum
569 2641 648 2688 1616
669 2622 841 2704 utriusque
864 2620 1102 2704 corrigendum.

470 2711 521 2770 43.
573 2705 884 2791 1)06616161666611
906 2708 949 2771 ad
971 2712 1133 2770 6616161161
1160 2706 1290 2770 66116616
1316 2705 1372 2776 111

384 2798 451 2858 tum
472 2797 596 2874 spectat,
618 2793 653 2856 in
675 2812 810 2856 manum
827 2793 988 2874 accipiant
1009 2792 1122 2858 fideles
1144 2814 1255 2870 necne,
1273 2793 1361 2856 16161

383 2900 418 2944 66
436 2877 584 2943 dividant
601 2899 644 2942 an
663 2879 786 2962 singuli
803 2879 890 2961 quod
916 2879 977 2943 sibi
1004 2877 1118 2942 datum
1135 2877 1359 2955 166111611661,

384 2965 517 3030 calicem
538 2965 575 3027 in
597 2963 722 3028 diaconi
744 2986 846 3030 manu
875 2971 1037 3048 reponant
1054 2983 1096 3027 an
1119 2965 1268 3047 proximo
1290 2971 1359 3028 tra-

338 3115 343 3124 ,
384 3050 959 3133 11661,6661661116116661616666
980 3071 1017 3114 az
1078 3072 1131 3127 116,
1164 3050 1280 3115 116616
1302 3071 1360 3114 ru-

383 3137 481 3201 brum
509 3158 554 3199 an
586 3135 712 3215 album,
740 3136 825 3200 nihil
852 3136 960 3201 refert
1049 3156 1106 3200 acc
1137 3135 1360 3200 indifferentia

383 3229 472 3299 sunt,
503 3228 536 3285 et
561 3222 596 3284 in
626 3221 779 3289 eeclesiae
810 3222 962 3287 libertate
994 3221 1108 3304 posita.
1160 3218 1360 3302 Quanquam

383 3315 512 3372 certum
534 3314 591 3385 est,
615 3307 737 3373 veteris
769 3309 924 3374 ecelesiae
945 3309 1048 3372 ritum
1067 3308 1167 3372 fuisse
1188 3314 1227 3370 61
1247 3328 1360 3371 omnes

384 3394 419 3457 in
440 3414 576 3457 manum
604 3394 796 3476 acciperent.
840 3395 887 3458 Et
915 3393 1069 3459 Christus
1098 3393 1195 3457 dixit:
1225 3391 1360 3457 dividite

383 3479 471 3543 inter
493 3500 559 3543 vos.
604 3479 855 3543 Fermentatnm
877 3488 911 3544 et
931 3480 1104 3563 vulgarem
1121 3499 1240 3563 panem
1259 3478 1359 3545 fuisse

384 3571 461 3628 ante
493 3571 623 3648 tempus
657 3564 843 3630 Alexandri
875 3566 1001 3630 romani
1029 3566 1186 3648 episcopi,
1220 3572 1360 3628 narrant

384 3650 553 3729 historiae3
581 3650 637 3732 qui
669 3652 795 3732 primus
828 3673 942 3737 azymo
969 3672 1056 3735 pane
1089 3651 1267 3716 delectatus
1294 3657 1357 3715 est:

384 3757 448 3817 qua
468 3736 503 3801 id
525 3737 661 3815 ratione,
679 3759 746 3802 non
763 3737 867 3815 video,
884 3738 948 3803 nisi
969 3744 1008 3801 ut
1026 3736 1131 3819 plebis
1148 3737 1257 3802 oculos
1274 3757 1358 3801 novo

385 3821 569 3904 spectaculo
592 3823 629 3886 in
656 3821 907 3888 admirationem
940 3823 1088 3888 traheret
1119 3825 1226 3906 magis
1261 3842 1359 3905 quam

385 3914 423 3970 61
445 3909 571 3973 6616166
593 3909 697 3991 proba
723 3910 880 3993 religione
907 3910 1103 3975 institueret.
1149 3907 1274 3973 Omnes
1302 3909 1358 3972 ob-

384 3994 472 4071 iuro,
500 3994 557 4076 qui
585 3995 639 4058 vel
659 3994 726 4060 levi
753 3996 861 4077 aliquo
882 3995 1013 4078 pietatis
1036 3995 1143 4060 studio
1166 4000 1357 4078 tanguntur,

385 4100 494 4144 annon
522 4079 690 4144 evidenter
716 4083 931 4163 perspiciant,
949 4089 983 4146 et
1008 4088 1131 4162 quanto
1158 4080 1359 4162 praeclarius

383 4163 449 4229 Dei
481 4165 587 4249 gloria
618 4165 672 4231 hic
705 4165 926 4249 resplendeat,
955 4175 989 4231 et
1016 4173 1141 4248 quanto
1174 4166 1359 4230 affluentior

385 4251 566 4334 spirituahs
594 4250 825 4316 consolationis
853 4254 998 4329 suavitas
1026 4251 1068 4317 ad
1095 4251 1208 4316 fidelos
1237 4250 1357 4329 redcat,

385 4357 485 4417 quam
509 4338 545 4401 in
573 4338 645 4402 istis
678 4337 806 4420 frigidis
835 4345 869 4402 61
896 4338 1096 4404 histrionicis
1129 4338 1241 4442 nugis,
1275 4358 1359 4420 6666

384 4423 514 4487 nullum
536 4423 638 4487 alium
666 4445 764 4488 usum
797 4425 942 4488 afferunt
967 4424 1033 4488 nisi
1054 4432 1092 4488 ut
1112 4423 1272 4506 stupentis
1301 4443 1359 4505 po·

386 4508 457 4587 puli
478 4530 611 4573 6666616
628 4509 753 4574 1611661
791 4511 832 4576 Id
850 4509 1007 4593 populum
1024 4510 1182 4594 religione
1200 4509 1360 4573 contineri

386 4601 512 4670 vocant,
546 4616 649 4675 quum
683 4618 723 4661 su
746 4597 916 4662 cratitione
949 4596 1085 4662 stolidus
1117 4603 1152 4660 et
1177 4595 1382 4667 infatuatis

386 4679 503 4760 666116
523 4679 676 4745 trahitur.
722 4618 761 4748 bi
783 4684 856 4765 6616
878 4689 1042 4748 vetustate
1063 4681 1150 4747 16611
1171 4680 1361 4746 huiusmodi

385 4764 594 4829 inventiones
622 4767 716 4846 velit,
745 4791 806 4834 nec
831 4771 903 4853 1666
932 4769 1046 4852 ignoro
1078 4790 1177 4852 quam
1209 4773 1361 4833 vetustus

386 4849 430 4914 sit
440 4849 627 4914 chrismatis
638 4859 672 4914 et
683 4856 920 4922 exsufflationis
931 4855 966 4919 in
976 4855 1140 4937 baptismo
1150 4874 1245 4934 usus;
1261 4873 1361 4936 quam

385 4956 453 4999 non
473 4934 570 5017 longe
588 4935 985 5023 616616166666161616111
1003 4961 1105 5006 coena
1120 4939 1257 5005 Domini
1275 4947 1362 5005 16616

386 5020 537 5110 rubigine
564 5021 677 5100 fuerit;
700 5021 758 5086 sed
779 5027 904 5091 isthaec
927 5027 1052 5091 scilicet
1072 5027 1237 5092 humanae
1261 5028 1361 5090 confi-

387 5106 516 5171 dentiae
530 5107 713 5189 procacitas
729 5115 788 5185 est,
805 5129 888 5190 6666
904 5130 939 5174 66
957 5113 1124 5174 continere
1142 5115 1263 5195 nequit,
1283 5113 1362 5195 quin

386 5214 516 5275 semper
532 5194 568 5255 in
585 5191 651 5257 Dei
667 5194 833 5277 mysteriis
850 5193 944 5257 ludat
961 5200 994 5256 et
1011 5195 1169 5259 lasciviat
1198 5198 1267 5263 Nos
1284 5220 1362 5264 vcro

385 5278 633 5344 meminerimus
651 5280 738 5344 tanti
759 5301 829 5344 6666
850 5280 924 5345 Deo
945 5277 1038 5343 verbi
1060 5279 1112 5343 sui
1134 5279 1361 5360 obedientiam,

385 5373 423 5429 ut
443 5365 479 5429 in
498 5386 538 5429 66
558 5371 593 5430 61
614 5365 749 5448 angelos
769 5387 845 5432 6666
864 5373 899 5430 61
919 5363 1033 5429 orbem
1062 5364 1253 5433 universum
1277 5367 1363 5433 iudi·

387 5504 464 5513 .—...-·

284 5617 290 5624 .
311 5574 318 5581 '
422 5605 424 5608 .
455 5570 485 5638 1)
503 5571 561 5625 Η16
582 5572 654 5625 inter·
676 5573 699 5638 §.
722 5571 756 5625 41
781 5578 807 5626 et
828 5571 862 5624 42
878 5571 1066 5640 praecedentia
1088 5570 1216 5624 editionis
1232 5571 1363 5627 1116611661

385 5641 469 5697 taces
486 5646 570 5695 161661
587 5640 611 5706 1.
631 5640 665 5694 12
682 5657 742 5696 6661
757 5647 839 5710 porte
856 5645 880 5707 θ.
898 5639 940 5696 10.

712 717 802 781 LIB.
825 715 886 780 lv.
928 716 992 780 DE
1013 711 1251 782 uerRNIS
1271 713 1439 782 MEDIIS
1461 717 1526 782 AD
1549 714 1780 784 SALUTEM.
1824 715 1923 782 CAP.
1946 716 2063 786 XVII.

2314 724 2397 786 1046

1418 926 1492 970 6616
1513 927 1574 971 666
1594 907 1683 969 velit
1731 904 1832 970 Porro·
1852 910 1941 970 161116
1968 908 2233 987 ccereawciamm
2259 910 2413 992 66666116

1415 992 1569 1073 facessere
1586 994 1686 1070 16666,
1705 991 1751 1058 616
1769 991 1992 1075 administrari
2016 992 2241 1057 decentissime
2258 1001 2396 1076 poterat,

1418 1078 1446 1140 61
1467 1078 1657 1160 saepissime
1675 1085 1708 1142 et
1728 1077 1868 1161 singulis
1887 1077 1929 1141 ad
1945 1078 2119 1142 minimum
2137 1077 2397 1147 hebdomadibus

1417 1177 1653 1245 proponeretur
1673 1164 1837 1228 ecclcsiae.
1882 1163 2020 1227 Initium
2046 1173 2158 1229 autom
2177 1166 2271 1230 fieret
2293 1188 2313 1230 a
2334 1187 2397 1250 pu·

1417 1248 1510 1314 blicis
1530 1250 1694 1331 precibus;
1715 1250 1892 1314 haberetur
1914 1249 2031 1313 deinde
2054 1251 2182 1330 concio;
2203 1259 2275 1315 tum
2296 1251 2396 1316 mini-

1417 1343 1496 1413 ster,
1518 1336 1692 1418 proposito
1702 1337 1739 1398 in
1755 1356 1870 1399 mensa
1889 1356 1973 1416 pane
1992 1342 2026 1399 ct
2042 1337 2130 1415 vino,
2153 1337 2396 1402 institutionem

1416 1441 1536 1484 coenae
1558 1423 1695 1485 referret
1705 1445 1713 1499 ;
1736 1420 1852 1485 deinde
1871 1421 2103 1502 promissiones
2125 1432 2295 1488 enarraret
2311 1445 2396 1507 6666

1416 1506 1450 1568 16
1474 1527 1513 1569 66
1530 1508 1622 1571 nobis
1649 1506 1782 1571 relictae
1804 1514 1895 1586 sunt3
1924 1506 2022 1570 simul
2055 1528 2111 1572 eos
2132 1529 2245 1574 omnes
2266 1531 2395 1575 encom-

1416 1592 1600 1656 municaret
1631 1593 1687 1674 qui
1716 1591 1890 1656 interdicto
1922 1592 2058 1656 Domini
2089 1594 2130 1658 ab
2159 1615 2198 1658 ea
2224 1604 2394 1677 arcentur;

1416 1688 1529 1759 postca
1546 1689 1704 1756 oraretur,
1723 1685 1842 1759 61666
1861 1678 2026 1742 Dominus
2044 1679 2246 1762 benignitate
2264 1702 2396 1746 sacrum

1416 1764 1477 1828 hoc
1500 1764 1692 1828 alimentum
1711 1765 1804 1828 nobis
1824 1763 1964 1846 largitus
1986 1761 2045 1842 661,
2066 1785 2126 1829 666
2148 1787 2275 1848 666666
2297 1767 2339 1832 ad
2360 1768 2396 1833 id

1416 1849 1660 1933 suscipiendum
1689 1850 1754 1914 fide
1782 1860 1815 1913 61
1836 1849 1939 1913 animi
1966 1849 2166 1932 gratitudine
2194 1853 2340 1918 erudiret
2362 1860 2396 1918 et

1415 1936 1580 2013 formaret,
1604 1943 1638 1999 et
1660 1934 1788 2017 quando
1806 1956 1848 1999 ex
1869 1935 1962 1999 nobis
1984 1956 2052 1998 non
2074 1957 2198 2015 sumus,
2218 1960 2278 2002 sua
2296 1939 2395 2005 mise·

1416 2020 1557 2087 ricordia
1579 2042 1639 2086 nos
1662 2019 1777 2104 dignos
1799 2021 1921 2085 faceret
1942 2021 2000 2084 tali
2023 2022 2182 2086 convivio.
2228 2024 2293 2089 Hic
2315 2046 2395 2090 vero

1416 2115 1473 2170 aut
1495 2114 1692 2172 canerentur
1713 2107 1840 2191 psalmi,
1862 2113 1920 2170 aut
1939 2105 2061 2188 aliquid
2080 2106 2257 2190 legeretur,
2278 2117 2312 2173 et
2330 2131 2395 2192 quo

1416 2191 1509 2258 decet
1530 2192 1644 2257 ordine
1665 2190 1778 2257 fideles
1800 2193 2014 2257 saerosanctis
2040 2193 2145 2274 epulis
2174 2196 2394 2261 communica·

1414 2286 1497 2355 rent,
1520 2279 1682 2344 ministris
1709 2299 1829 2360 panem
1856 2278 2082 2359 frangentibus
2103 2285 2137 2342 ct
2157 2280 2277 2362 populo
2299 2302 2394 2362 prae·

1413 2362 1576 2430 bentibus.
1633 2365 1748 2429 Finita
1778 2384 1878 2428 coena
1921 2363 2108 2428 exhortatio
2143 2365 2322 2431 haberetur
2352 2367 2394 2432 ad

1414 2451 1576 2515 sinceram
1598 2449 1697 2514 fidem
1719 2459 1753 2515 ct
1774 2450 1852 2514 fidei
1873 2450 2125 2528 confessionem,
2156 2449 2198 2514 ad
2221 2453 2392 2518 caritatem

1413 2544 1447 2599 et
1471 2557 1580 2611 mores
1608 2535 1806 2601 Christianis
1834 2535 1960 2619 dignos.
2010 2535 2182 2600 Postremo
2212 2539 2394 2620 gratiarum

1413 2623 1497 2687 actio
1507 2622 1706 2699 1616116161,
1729 2630 1762 2686 et
1783 2621 1896 2686 laudes
1917 2619 1991 2685 Deo
2013 2629 2219 2686 canerentun
2264 2621 2393 2703 Quibus
2434 2684 2438 2691 .

1412 2708 1514 2772 finitis
1536 2706 1672 2772 ecclesia
1693 2706 1911 2771 dimitteretur
1931 2707 1968 2770 in
1989 2728 2076 2788 6666.
2350 2714 2356 2733 ’

1499 2800 1551 2857 44.
1585 2790 1680 2872 Quae
1699 2792 1739 2857 de
1761 2800 1966 2858 sacramento
1986 2792 2048 2856 hoc
2062 2793 2226 2858 hactenus
2249 2793 2394 2861 disseru-

1412 2880 1498 2944 imus
1529 2878 1658 2944 abunde
1680 2879 1870 2956 ostendunt,
1895 2899 1962 2942 non
1988 2878 2178 2943 institutum
2199 2879 2272 2943 ideo
2293 2881 2394 2948 fuisse

1413 2973 1451 3029 ut
1474 2966 1575 3031 semel
1596 2964 1771 3047 quotannis
1800 2965 2018 3045 66616616161,
2042 2961 2139 3044 idque
2161 2965 2392 3047 perfunctorie,

1412 3060 1450 3115 ut
1470 3072 1560 3117 nunc
1577 3051 1793 3115 communiter
1814 3049 1915 3114 moris
1933 3057 1992 3126 est,
2012 3070 2128 3112 verum
2146 3070 2210 3130 666
2228 3050 2394 3132 frequenti

1411 3138 1447 3202 in
1468 3160 1530 3203 usu
1551 3136 1750 3202 Christianis
1779 3136 1929 3200 omnibus
1951 3141 2053 3212 66661,
2076 3141 2117 3197 61
2136 3135 2300 3216 frequenti
2321 3157 2392 3202 me-

1412 3225 1517 3290 moria
1543 3224 1727 3306 passionem
1757 3220 1883 3286 Christi
1915 3227 2103 3302 repeterent
2109 3244 2118 3300 ;
2147 3242 2212 3303 666
2239 3223 2392 3288 recorda·

1412 3311 1501 3374 tione
1529 3317 1562 3372 et
1590 3308 1689 3373 fidem
1717 3329 1812 3374 suam
1841 3307 2043 3373 sustinerent
2064 3327 2102 3371 ac
2128 3305 2333 3384 roborarent,
2357 3316 2393 3373 et

1412 3416 1483 3461 6666
1505 3395 1547 3461 ad
1570 3395 1806 3459 confessionem
1836 3392 1944 3458 laudis
1965 3391 2039 3456 Deo
2061 3391 2241 3457 canendam
2263 3393 2391 3458 bonita-

1411 3488 1542 3564 temque
1564 3482 1634 3545 eius
1654 3479 1908 3563 praedicandam
1935 3478 2168 3554 hortarentur,
2192 3485 2226 3542 et
2246 3499 2313 3560 qua
2333 3501 2392 3563 66-

1411 3574 1532 3632 stremo
1554 3575 1705 3631 mutuam
1728 3568 1897 3631 caritatem
1919 3564 2056 3641 alerent,
2078 3572 2112 3627 et
2133 3562 2194 3627 sibi
2216 3565 2316 3628 ctiam
2338 3565 2391 3630 in·

1411 3661 1462 3718 ter
1483 3675 1518 3718 66
1539 3653 1806 3731 testificarentur,
1829 3651 1923 3717 66166
1946 3649 2096 3733 66661661
2115 3649 2151 3712 16
2168 3649 2296 3715 unitate
2318 3671 2390 3715 cor-
2504 3654 2507 3665 '

1410 3740 1500 3823 poris
1522 3737 1649 3804 Christi
1670 3738 1829 3803 viderent
1875 3736 2013 3816 Quoties
2035 3735 2123 3800 onim
2150 3736 2296 3820 symbolo
2318 3758 2390 3802 cor-

1411 3827 1501 3909 poris
1521 3825 1657 3890 Domini
1679 3825 1966 3900 communicamus,
1989 3821 2081 3886 velut
2103 3820 2180 3884 data
2202 3826 2236 3884 et
2257 3829 2392 3905 accepta

1411 3920 1551 3989 tessera,
1580 3909 1663 3974 alter
1698 3909 1794 3974 alteri
1823 3930 1883 3974 nos
1910 3908 2055 3974 vicissim
2087 3905 2324 3988 obstringimus
2351 3907 2395 3974 ad

1411 3998 1522 4062 omnia
1537 3995 1736 4061 dilectionis
1763 3996 1882 4074 officia,
1912 4001 1952 4058 ut
1979 4015 2021 4057 ne
2047 3990 2125 4075 quid
2154 3991 2308 4057 admittat
2333 4015 2393 4058 no-

1412 4093 1519 4148 strum
1547 4081 1711 4164 quispiam
1732 4103 1796 4164 quo
1817 4082 1955 4145 fratrem
1982 4077 2106 4154 laedat,
2129 4077 2269 4158 nequid
2298 4099 2394 4161 6166-

1412 4169 1574 4235 1616111161
1595 4189 1659 4250 666
1681 4189 1757 4232 6661
1774 4168 1889 4233 161616
1910 4165 2033 4248 666611,
2056 4163 2114 4228 ubi
2134 4163 2313 4226 necessitas
2334 4184 2393 4246 po·

1412 4256 1516 4320 stulat
1542 4254 1730 4334 6116661166
1763 4253 1905 4334 &appetit
1957 4250 2071 4315 Talem
2103 4248 2203 4312 fuisse
2237 4247 2393 4314 ecclesiae

1412 4341 1606 4424 66661611666
1633 4361 1745 4417 66616,
1774 4339 1884 4405 Lucas
1905 4339 1942 4402 in
1963 4337 2057 4401 Actis
2086 4332 2138 4416 (2,
2164 4332 2221 4412 42)
2240 4341 2393 4400 ’66161116-

1411 4434 1526 4504 616161,
1549 4447 1651 4509 66616
1672 4424 1786 4490 fideles
1808 4426 1854 4489 ait
1875 4426 2124 4507 perseverantes
2145 4418 2245 4482 161666
2263 4419 2299 4482 16
2317 4418 2393 4485 doc-

1413 4514 1503 4578 trina
1524 4511 1761 4595 apostolorum,
1785 4509 2094 4582 communicatione,
2117 4503 2274 4568 fractione
2297 4506 2393 4587 661116

1413 4607 1446 4665 61
1463 4598 1672 4663 orationibus.
1712 4596 1769 4664 Sic
1787 4595 1951 4680 agendum
1973 4591 2106 4655 omnino
2125 4596 2205 4666 6161,
2224 4597 2263 4653 61
2280 4591 2394 4658 nullus

1413 4685 1567 4751 ecclcsiae
1596 4692 1776 4750 conventus
1810 4685 1904 4746 fieret
1930 4678 2001 4742 sine
2028 4673 2144 4751 verbo,
2180 4676 2393 4755 orationibus,

1412 4771 1662 4855 participatione
1682 4788 1800 4834 coenae
1817 4775 1851 4831 et
1868 4761 2091 4846 eleemosynis.
2130 4760 2232 4826 Hunc
2253 4771 2288 4826 61
2305 4762 2394 4844 apud

1414 4857 1604 4923 Corinthios
1622 4856 1722 4920 fuisse
1739 4853 1929 4929 institutum
1950 4846 2108 4924 ordinem,
2128 4847 2210 4911 satis
2227 4869 2269 4912 ex
2286 4847 2394 4914 Paulo

1414 4945 1573 5011 coniicere
1594 4943 1684 5018 licet;
1708 4947 1741 5003 ct
1761 4937 1874 5002 multis
1896 4941 2010 5018 postea
2032 4932 2172 4999 saeculis
2194 4933 2231 4996 in
2255 4956 2319 5000 usu
2339 4935 2394 5001 fu·

1414 5032 1480 5097 isse
1500 5036 1636 5095 constat
1682 5024 1765 5089 Inde
1786 5023 1874 5087 enim
1902 5028 2031 5087 veteres
2051 5019 2100 5083 illi
2124 5041 2284 5098 canones,
2308 5041 2393 5103 6666

1415 5118 1575 5182 Anacleto
1598 5120 1632 5176 et
1653 5111 1784 5176 0611116
1811 5107 1975 5186 tribuunt,
2002 5112 2041 5170 ut
2067 5114 2199 5188 6616616
2221 5127 2392 5173 66666616-

1415 5205 1503 5268 tione
1532 5219 1645 5264 omnes
1674 5195 1930 5273 communicent,
1953 5193 2011 5276 qui
2045 5192 2211 5258 noluerint
2239 5193 2393 5258 ecclesia·

1415 5290 1505 5354 sticis
1526 5304 1637 5350 carere
1657 5281 1835 5346 liminibus
1879 5281 1927 5346 111
1946 5281 1982 5344 16
2003 5279 2144 5345 vetustis
2169 5278 2236 5343 illis
2258 5279 2392 5343 canoni·

1416 5374 1478 5437 bus
1496 5391 1578 5453 6666
1595 5367 1817 5451 apostolorum
1833 5373 1961 5445 vocant,
1982 5365 2136 5430 habetur:
2156 5364 2213 5446 qui
2230 5385 2298 5427 non
2316 5386 2392 5448 per-

1416 5464 1570 5522 severant
1596 5476 1700 5538 usque
1722 5455 1763 5519 ad
1785 5455 1901 5534 finem,
1924 5461 1958 5518 et
1978 5470 2106 5516 sacram
2127 5451 2390 5516 communionem

1416 5565 1482 5606 non
1519 5542 1718 5627 percipiunt,
1747 5549 1904 5624 tanquam
1945 5535 2204 5622 inquietudinem
2237 5536 2392 5602 ecclesiae

1415 5637 1593 5708 moventes,
1616 5626 1834 5712 corrigendos.
1878 5625 1921 5691 In
1943 5622 2391 5703 661166166661161666661·

2128 5722 2186 5777 661
