5600 6809
388 779 430 840 37
749 774 889 839 niun
932 776 995 840 DE
1019 775 1307 844 OOGNI'PIONE
1329 779 1414 844 DEI
1435 778 1708 847 OREATORIS.
1753 781 1853 849 OAP.
1876 784 1939 849 [Π.
1963 784 2020 849 IV.
2347 786 2391 849 38

386 964 444 1030 sed
461 963 495 1027 id
513 984 674 1046 nusquam
691 963 908 1027 obtinuissent
925 962 988 1025 nisi
1005 963 1072 1026 iam
1089 965 1180 1044 prius
1198 966 1361 1029 constanti
1414 986 1565 1047 emergere
1587 987 1678 1046 quem
1706 969 1843 1034 maaian
1864 972 2049 1035 exstinctum
2076 976 2234 1050 cuperent,
2263 971 2391 1036 &dalis

386 1051 444 1115 illa
466 1049 506 1114 de
527 1050 600 1114 Deo
621 1049 830 1130 persuasione
858 1047 1002 1112 imbutae
1028 1048 1166 1113 fuissent
1193 1051 1363 1115 homiuum
1413 1071 1545 1115 sensum.
1597 1051 1684 1117 Unde
1704 1053 1880 1135 colligimus
1900 1075 1962 1118 non
1983 1076 2048 1120 esse
2064 1057 2239 1121 doctrinam
2255 1077 2336 1138 quae
2352 1057 2389 1120 in

386 1144 521 1212 mentes,
544 1156 586 1199 ex
607 1155 670 1217 quo
692 1134 784 1200 velut
805 1133 928 1198 semino
951 1135 1089 1217 emergit
1111 1134 1152 1199 ad
1170 1136 1362 1219 religionem
1412 1137 1526 1200 subdis
1541 1138 1686 1216 primum
1713 1138 1861 1203 discenda
1887 1142 1944 1218 sit,
1971 1141 2026 1205 sed
2051 1143 2142 1205 cuins
2167 1141 2231 1206 sibi
2257 1142 2390 1221 quisquc

386 1222 565 1306 propensio.
610 1221 660 1286 Ac
681 1242 723 1284 ue
744 1220 818 1283 illos
845 1217 977 1300 quidem
1002 1221 1089 1300 ipsos
1116 1221 1171 1302 qui
1195 1221 1361 1305 religionis
1407 1219 1452 1285 ¹ab
1474 1226 1560 1285 utero
1580 1224 1728 1303 magister
1749 1230 1802 1301 est,
1824 1230 1853 1288 et
1873 1228 1965 1290 cuins
1985 1228 2138 1290 neminem
2165 1226 2304 1291 oblivisci
2332 1247 2390 1290 na-
2433 1291 2436 1303 ,

386 1308 482 1372 titulo
516 1306 632 1371 callide
669 1306 855 1370 rudioribus
892 1305 1115 1385 imponebant,
1156 1306 1221 1370 Dei
1251 1308 1362 1371 notitia
1413 1312 1486 1370 turc
1513 1309 1585 1386 msa
1607 1309 1747 1388 patitur,
1776 1311 1921 1389 quamvis
1948 1311 2007 1375 bne
2033 1312 2124 1375 multi
2150 1333 2259 1376 neruos
2285 1332 2390 1377 omnes

386 1415 518 1478 prorsus
540 1414 674 1458 vacasse
696 1390 851 1457 credibile
873 1398 931 1454 est.
977 1391 1122 1455 Tametsi
1149 1393 1237 1456 enim
1259 1392 1360 1456 exsti·
1412 1393 1579 1457 intendant.
1626 1392 1726 1456 Porro
1741 1393 1765 1476 ¹)
1793 1395 1820 1459 si
1848 1417 1887 1460 ea
1909 1395 2092 1460 conditione
2120 1399 2189 1460 nati
2220 1404 2298 1486 suut
2319 1418 2390 1462 om·

385 1485 498 1544 terunt
519 1479 597 1542 olim
618 1477 781 1554 nonnulli,
808 1484 842 1539 et
863 1475 959 1539 hodie
981 1496 1048 1539 non
1069 1477 1165 1557 pauci
1187 1484 1361 1561 emergunt
1412 1500 1472 1542 nes
1494 1499 1531 1541 ao
1554 1479 1671 1542 vivunt
1692 1487 1730 1541 ut
1750 1480 1860 1544 Deutn
1882 1490 2086 1564 cognoscant,
2109 1481 2176 1545 Dei
2198 1491 2308 1545 autem
2329 1502 2404 1550 nan

386 1567 440 1649 qui
462 1565 573 1628 Deum
599 1586 669 1629 esse
692 1571 827 1645 negent:
855 1561 959 1626 velint
985 1569 1096 1626 tamen
1123 1564 1241 1640 nolint,
1271 1562 1358 1645 quod
1413 1564 1494 1639 titia,
1518 1564 1582 1627 nisi
1604 1563 1668 1627 buc
1698 1586 1797 1646 usque
1826 1567 2032 1648 processerit,
2061 1569 2151 1631 fluxa
2178 1575 2228 1631 ost
2254 1588 2291 1631 ao
2312 1587 2390 1631 eva·

386 1652 510 1716 nescire
531 1651 675 1733 cupiunt,
698 1647 836 1713 subinde
859 1648 1047 1711 sentiscunt.
1080 1648 1185 1713 Nemo
1202 1650 1237 1713 in
1260 1648 1360 1713 auda»
1413 1647 1503 1711 uida:
1533 1669 1587 1712 eos
1615 1670 1728 1714 omnes
1755 1672 1775 1715 a
1796 1653 1969 1716 creationis
1998 1674 2075 1717 suae
2097 1653 2169 1736 lege
2191 1652 2390 1734 degenerare

386 1739 505 1803 ciorem
550 1744 608 1800 aut
646 1735 906 1798 effraenatur-em
949 1734 1093 1798 numinis
1137 1742 1360 1816 contemptum
1413 1734 1520 1816 palam
1544 1735 1670 1815 estqui
1693 1757 1759 1799 non
1789 1737 1831 1800 ad
1853 1738 1940 1802 bunc
1963 1760 2097 1819 scopum
2119 1739 2289 1802 universas
2311 1757 2390 1801 suae

386 1822 572 1906 prorupisse
601 1821 721 1904 legitur
747 1840 846 1901 quam
874 1817 1100 1901 O.ca1igu1a;
1133 1841 1230 1884 nemo
1250 1829 1361 1884 tamen
1412 1821 1499 1883 vitae
1520 1821 1731 1902 cogitationes
1753 1823 1959 1905 actionesque
1987 1822 2161 1888 destinant
2206 1821 2302 1902 Quod
2330 1843 2392 1888 neo

386 1907 537 1974 miserius
558 1904 750 1988 trepidavit,
781 1925 881 1986 quum
903 1902 1033 1985 aliquod
1062 1905 1130 1969 irae
1159 1905 1288 1970 divium
1310 1906 1360 1968 in·
1413 1905 1621 1987 philosophos
1643 1906 1729 1986 ipsos
1751 1906 1855 1971 latuit.
1900 1909 1975 1972 Non
2003 1910 2092 1972 enim
2120 1908 2209 1972 aliud
2233 1906 2391 1990 estquod

388 1995 506 2059 dicium
534 2015 568 2058 se
598 1991 794 2075 proferebat:
823 1991 871 2053 ita
892 1990 1002 2053 Deum
1030 2011 1125 2071 quom
1148 1990 1299 2055 studebat
1319 2012 1361 2054 ex
1413 1991 1518 2054 voluit
1544 1991 1649 2068 Plato,
1659 1992 1688 2074 ⁴²)
1716 1990 1793 2055 dum
1822 1995 1951 2075 saepius
1979 1994 2104 2072 docuit,
2133 2016 2298 2059 summum
2320 1995 2411 2060 ani-r

386 2081 529 2164 professo
562 2086 786 2153 contemnere,
819 2076 943 2140 invitus
975 2075 1232 2141 exhorrescebat.
1288 2077 1361 2140 Hoc
1413 2098 1485 2140 mae
1514 2077 1634 2140 bonurn
1659 2079 1722 2141 Dei
1752 2099 1823 2142 esse
1855 2079 2116 2156 similitudinem,
2150 2080 2206 2144 ubi
2237 2090 2392 2161 percepta

386 2166 508 2249 passim
537 2167 607 2228 eius
633 2184 759 2245 quoque
793 2161 954 2225 similibus
987 2163 1119 2226 evenire
1160 2161 1284 2226 videas:
1325 2170 1362 2225 ut
1413 2162 1483 2225 eius
1505 2162 1690 2245 cognitione
1712 2165 1747 2226 iu
1774 2165 1883 2246 ipsum
1905 2174 1973 2229 tota
1999 2166 2261 2229 transformatur.
2307 2166 2391 2228 Pro-

386 2252 475 2317 enim
495 2253 630 2334 quisque
652 2257 702 2313 est
728 2247 963 2312 audacissimus
984 2247 1047 2311 Dei
1070 2255 1285 2329 contemptor,
1315 2249 1361 2310 ita
1413 2247 1490 2312 inde
1511 2249 1674 2310 scitissime
1699 2270 1826 2331 quoquo
1853 2251 1908 2314 ille
1935 2249 2021 2332 apud
2049 2250 2265 2315 Plutarchum
2288 2249 2391 2333 Gryl-

386 2337 438 2402 vel
461 2337 503 2401 ad
525 2337 591 2401 folii
613 2334 760 2401 cadentis
782 2334 951 2415 strepitum
974 2334 1117 2396 maxime
1140 2334 1359 2415 perturbatur.
1413 2333 1464 2397 lus
1486 2334 1707 2411 ratiocinatur,
1731 2334 1810 2399 dum
1832 2335 1981 2401 hominos
1999 2337 2149 2413 affirmat,
2169 2337 2197 2400 si
2217 2337 2257 2400 ab
2277 2356 2391 2399 eorum

386 2423 483 2488 Unde
504 2421 553 2500 id,
582 2421 708 2485 nisiex
736 2419 864 2482 divinae
891 2419 1071 2483 maiestatis
1105 2419 1242 2496 ultione,
1277 2440 1360 2500 quae
1413 2420 1482 2482 vita
1503 2419 1603 2483 semel
1623 2419 1708 2484 absit
1729 2421 1852 2504 religio,
1883 2444 1949 2486 non
1970 2420 2064 2485 modo
2086 2419 2390 2502 brutispecudibus

386 2509 516 2573 illorum
544 2505 757 2572 conscientias
784 2526 821 2568 eo
850 2504 1076 2569 vehementius
1103 2505 1263 2585 percellit,
1297 2525 1361 2586 quo
1414 2505 1499 2568 nihil
1521 2504 1697 2581 excellcre,
1728 2506 1785 2570 sed
1812 2508 1925 2572 multis
1947 2507 2095 2590 partibus
2117 2499 2214 2589 longe
2237 2528 2306 2570 esse
2328 2507 2392 2569 mi·

386 2596 493 2677 magis
515 2615 588 2657 eam
608 2593 756 2674 refugere
779 2589 955 2653 conantur?
981 2587 1105 2654 Omnes
1127 2589 1257 2672 quidem
1280 2590 1361 2654 late·
1414 2591 1560 2667 seriores,
1583 2592 1708 2672 utqui,
1731 2594 1951 2658 totmalorum
1972 2594 2084 2658 formis
2105 2593 2246 2669 obnoxii,
2270 2591 2392 2655 tumul-

385 2680 464 2744 bras
492 2685 692 2760 respectant,
722 2675 837 2758 quibus
865 2696 900 2739 se
927 2673 1049 2738 abdant
1070 2697 1090 2739 a
1110 2676 1247 2739 Domini
1267 2695 1361 2757 prac-
1415 2677 1555 2740 tuariam
1593 2684 1626 2739 et
1658 2678 1869 2760 irrequietum
1909 2681 2012 2743 vitam
2051 2686 2209 2760 perpetuo
2247 2677 2391 2740 trahant

386 2767 507 2842 sentia,
537 2773 569 2827 et
596 2784 669 2826 eam
691 2782 821 2825 rursum
848 2782 890 2823 ex
917 2761 1024 2824 animo
1051 2782 1110 2825 suo
1133 2761 1277 2840 deleaut;
1304 2759 1362 2825 sed
1414 2762 1528 2826 Unum
1549 2782 1627 2844 ergo
1655 2785 1725 2827 esse
1753 2763 1817 2828 Dei
1842 2766 1980 2843 cultum,
2009 2767 2065 2846 qui
2093 2764 2276 2846 superiores
2305 2764 2394 2845 ipsos

386 2851 490 2916 velint
517 2849 638 2924 nolint,
672 2847 791 2911 irretiti
822 2867 950 2927 semper
982 2854 1142 2910 tenentur.
1189 2847 1361 2928 Utcunque
1416 2846 1538 2924 reddat,
1558 2869 1617 2928 per
1634 2850 1850 2930 quemsolum
1869 2850 1911 2914 ad
1928 2851 2207 2914 immortalitatem
2219 2849 2392 2932 aspiratur.

387 2935 552 3001 interdum
587 2933 739 2999 videatur
775 2952 968 2996 evanescere
1001 2931 1042 2993 ad
1074 2941 1275 2996 momentum
1303 2932 1362 2995 ali-

388 3022 482 3105 quod,
504 3019 642 3085 subinde
653 3027 762 3082 tamen
780 3018 932 3094 recurrit,
956 3026 989 3080 et
1009 3038 1094 3081 novo
1116 3019 1239 3099 impetu
1256 3018 1360 3082 irruit

387 3109 434 3173 Ut
466 3109 494 3171 si
521 3127 585 3189 qua
613 3105 679 3168 illis
702 3104 851 3168 remissio
879 3111 929 3167 est
957 3124 977 3165 a
999 3105 1215 3181 eonscientiae
1249 3105 1362 3168 anxie-
1738 3168 1740 3174 ,
1768 3104 1919 3171 CAPUT
1941 3107 2001 3170 IV.
2017 3107 2046 3189 8)

388 3201 464 3263 tate.
487 3214 553 3256 non
574 3191 714 3254 multum
742 3189 900 3254 absimilis
923 3188 966 3253 sit
986 3210 1007 3252 a
1027 3209 1142 3251 somno
1164 3190 1363 3254 ebriosorum
1726 3247 1733 3262 ,
1761 3247 1769 3262 ,
1978 3247 1986 3263 ,
2078 3247 2085 3262 ,
2166 3246 2174 3262 ,
2202 3247 2209 3263 ,

390 3288 446 3344 aut
465 3278 744 3360 phreneticorum,
773 3276 828 3357 qui
858 3294 900 3338 ne
922 3272 1119 3339 dormientes
1141 3274 1273 3356 quidam
1294 3274 1363 3357 pla
1415 3247 1610 3328 Eandem
1646 3257 1842 3329 nonnam
1877 3257 2034 3358 partim
2075 3257 2256 3351 insana,
2293 3276 2393 3356 Pal·-

389 3364 458 3431 (ilde
479 3364 728 3446 (lOHquOSGUIlbi
756 3362 832 3443 qula
854 3360 933 3424 dll'lS
955 3368 989 3422 Ol
1010 3360 1172 3457 llilrrlfiOlS
1193 3361 1363 3426 insomniis
1415 3368 1495 3448 tim
1534 3368 1697 3449 malitia
1734 3367 1805 3449 Vel
1836 3367 2030 3450 suffocari
2067 3367 2138 3448 vel
2168 3366 2392 3477 corrumpi·

390 3453 593 3516 continenter
620 3457 790 3513 vexantur.
836 3446 927 3528 Ergo
953 3466 1046 3526 rmpu
1074 3467 1200 3528 quoque
1222 3448 1284 3528 ipsi
1306 3469 1363 3511 ex·

390 3537 495 3618 emplo
528 3544 619 3612 sunt,
653 3535 765 3616 vigere
798 3553 926 3613 semper
953 3530 989 3593 in
1018 3532 1166 3596 omnium
1193 3532 1363 3619 hominum
1504 3539 1530 3597 l.
1577 3533 1667 3598 Sicut
1693 3539 1795 3598 antem
1821 3535 1963 3598 omnilms
1987 3534 2124 3597 inditum
2151 3553 2215 3596 esse
2236 3532 2393 3595 divinitus

390 3623 507 3686 animis
530 3620 672 3703 aliquam
694 3620 758 3684 Dei
779 3619 940 3682 notionem.
1416 3620 1575 3702 religionis
1595 3640 1697 3684 semen
1725 3621 1916 3701 experientia
1942 3624 2085 3696 testatur,
2118 3621 2163 3682 ita
2189 3619 2244 3680 cic
2270 3618 2396 3681 cadmi

477 3711 504 3770 3.
557 3705 655 3790 ¹)Hoc
676 3707 802 3785 quidem
823 3709 902 3768 recte
921 3702 1138 3768 iudicantibus
1158 3724 1278 3785 semper
1295 3726 1363 3769 con-
1415 3726 1487 3769 mus
1515 3707 1647 3786 quisque
1678 3707 1831 3788 reperitur
1863 3705 1918 3784 qui
1946 3710 2119 3785 eonoeptam
2149 3704 2184 3766 in
2221 3723 2277 3766 sno
2304 3702 2422 3772 corde,

282 3809 292 3827 ·
389 3793 489 3870 stabit
522 3793 711 3872 insculptum
732 3789 884 3853 mentibus
912 3789 1061 3853 bnmanis
1093 3810 1158 3854 esse
1186 3791 1364 3856 diuinitatis
1414 3793 1524 3873 sonem,
1542 3792 1651 3856 nullas
1672 3797 1776 3855 auum
1797 3785 1833 3854 in
1859 3811 1919 3871 quo
1940 3795 2142 3854 nratnrescat:
2169 3794 2290 3852 tantnm
2313 3789 2397 3853 abest

390 3899 528 3956 sensnm,
556 3879 611 3957 qni
639 3877 737 3941 deleri
762 3896 923 3954 nunqnam
939 3879 1046 3956 potest.
1092 3875 1162 3939 Imo
1183 3881 1212 3940 et
1232 3882 1364 3941 nunna·
1415 3883 1450 3940 nt
1480 3878 1603 3958 fructus
1634 3883 1787 3959 appareat
1817 3897 1875 3940 sno
1906 3881 2047 3957 tempore.
2105 3876 2206 3939 Porro
2238 3876 2303 3938 sice
2335 3874 2397 3939 alii

390 3965 463 4028 liter
484 3965 652 4046 ingenitam
673 3982 738 4026 esse
760 3961 901 4025 omnibns
922 3960 1002 4024 bane
1023 3962 1270 4040 persuasionem,
1299 3983 1364 4028 esse
1412 3968 1595 4034 ⁴evanescant
1611 3964 1646 4026 in
1663 3964 1733 4027 suis
1749 3963 2029 4044 superstitionibus,
2047 3963 2112 4025 sice
2130 3961 2188 4025 alii
2206 3962 2283 4024 data
2302 3980 2396 4040 opera

389 4051 526 4130 aliquem
549 4049 659 4124 Deum,
681 4048 854 4128 elpenitns
875 4047 1097 4127 infinamesse
1119 4049 1265 4128 quanin
1283 4049 1365 4127 r'psis
1415 4050 1569 4112 malitiose
1591 4071 1612 4112 a
1634 4048 1701 4112 Deo
1723 4049 1900 4126 desciscant,
1923 4068 2026 4111 mnes
2047 4053 2149 4112 tamea
2170 4048 2353 4128 depenerent
2371 4066 2393 4109 a

388 4135 543 4212 medullis,
564 4135 699 4214 locuples
720 4135 809 4197 testis
829 4138 873 4202 est
893 4133 1065 4211 impiorum
1085 4135 1286 4211 mmumacia,
1308 4134 1364 4214 qui
1416 4156 1490 4198 aera
1511 4136 1579 4198 eius
1598 4135 1716 4199 notitia.
1740 4133 1815 4199 ‘lta
1830 4134 1866 4214 fit
1882 4138 1916 4196 ut
1932 4133 2020 4196 nulla
2041 4135 2076 4212 in
2094 4133 2209 4197 mundo
2226 4138 2309 4196 reeta
2329 4151 2396 4194 ma·

387 4223 508 4303 furiose
535 4220 694 4295 luctando,
722 4240 755 4283 se
784 4225 886 4281 tamen
912 4219 1065 4281 extricare
1087 4238 1102 4280 e
1125 4218 1188 4282 Dei
1209 4224 1292 4282 metu
1312 4239 1364 4282 ne-
1416 4225 1488 4284 neat
1499 4220 1612 4300 pietas.
1659 4220 1746 4300 Quod
1768 4225 1870 4297 aretem
1889 4240 1991 4284 errore
2011 4220 2134 4300 aliquos
2150 4221 2185 4282 in
2202 4218 2395 4300 superstitio

389 4312 513 4388 queunt.
547 4305 651 4370 Ioeosc
670 4305 740 4368 licet
757 4304 885 4368 eludant
903 4303 1065 4384 Diagoras
1082 4308 1110 4366 et
1127 4304 1257 4382 similes,
1274 4305 1364 4384 gurd-
1417 4327 1487 4369 nera
1509 4305 1573 4370 labi
1593 4307 1678 4384 dini,
1706 4327 1769 4370 non
1791 4307 1836 4369 ita
1856 4307 1976 4387 accipio
2005 4308 2099 4386 qnasi
2120 4327 2181 4370 sna
2202 4325 2252 4367 eos
2272 4302 2394 4382 simpli·

387 4393 468 4475 qnid
489 4391 630 4456 omnibns
651 4390 784 4455 saeculis
806 4390 843 4452 de
860 4389 1008 4470 religione
1025 4388 1176 4452 creditum
1194 4391 1273 4471 fnit·
1294 4389 1365 4454 snb·
1416 4394 1496 4457 citas
1521 4414 1541 4455 a
1568 4392 1699 4456 crimine
1726 4392 1844 4456 liberet:
1874 4393 1951 4473 quia
1984 4393 2128 4469 caeeitm,
2156 4396 2218 4470 qua
2246 4388 2394 4464 laborant,
2476 4386 2482 4393 '

386 4483 499 4543 sannet
535 4476 713 4557 Dionysius
749 4476 871 4540 coeleste
909 4474 1079 4538 iudicium:
1114 4475 1285 4538 sardonius
1316 4475 1366 4539 bre
1416 4498 1536 4559 semper
1555 4480 1621 4560 fere
1641 4483 1669 4540 et
1690 4478 1823 4559 superba
1845 4479 1981 4542 vandale
2014 4483 2040 4541 et
2070 4475 2261 4541 contumacia
2290 4472 2394 4551 impli-

387 4566 477 4628 risns
497 4568 556 4640 est,
584 4563 661 4643 gnra
687 4564 774 4625 inlus
801 4582 851 4625 eos
877 4561 994 4624 mordet
1020 4560 1222 4624 conscientiae
1249 4561 1365 4625 vermis
1417 4565 1479 4628 cita
1500 4568 1551 4628 est.
1605 4564 1743 4641 Vanitas,
1767 4569 1795 4628 et
1822 4564 1947 4645 quidem
1975 4563 2139 4644 superbiae
2159 4559 2335 4634 coadunata,
2357 4557 2395 4620 in

387 4648 539 4714 materiis
576 4647 719 4712 mnitibus
754 4649 866 4712 acrior.
925 4645 998 4709 Non
1030 4646 1098 4710 dico
1135 4647 1217 4727 quod
1251 4645 1365 4724 Cicero,
1418 4672 1452 4714 eo
1473 4649 1708 4731 deprehanditur
1729 4650 1811 4730 qnod
1832 4671 1937 4732 noque
1960 4648 2069 4712 miseri
2093 4645 2241 4708 homines
2268 4644 2303 4706 in
2326 4642 2394 4707 Deo

388 4740 537 4799 vetustate
558 4733 740 4797 obsolescere
761 4753 890 4811 errores,
917 4733 1097 4814 religionem
1118 4733 1154 4794 in
1175 4732 1243 4797 dies
1263 4733 1366 4813 magis
1418 4736 1593 4815 quaerendo
1615 4756 1716 4817 supra
1738 4757 1773 4799 se
1795 4736 1890 4817 ipsos,
1914 4744 1950 4798 ut
1972 4755 2031 4815 par
2051 4738 2131 4806 erat,
2162 4728 2393 4806 conscendunt,

387 4841 520 4886 erescere
548 4825 577 4884 et
602 4819 760 4882 meliorem
784 4818 866 4899 fieri.
912 4818 1164 4916 Nanrsmandns
1190 4817 1241 4901 (nt
1265 4816 1366 4897 paulo
1419 4821 1477 4885 sed
1497 4842 1556 4903 pro
1579 4821 1720 4885 carnalis
1745 4822 1796 4884 sui
1823 4821 1966 4901 stuporis
1994 4814 2088 4879 modo
2117 4817 2224 4897 ipsum
2252 4815 2395 4878 metiun-

385 4913 460 4986 post
480 4906 644 4970 dicendum
665 4905 740 4988 erit)
762 4925 880 4968 manem
902 4904 966 4968 Dei
987 4904 1138 4981 notitiam,
1161 4909 1314 4982 parantum
1331 4905 1367 4967 in
1420 4914 1489 4984 tur;
1517 4912 1545 4970 et
1564 4906 1696 4987 neglecta
1717 4907 1820 4971 solida
1841 4904 2072 4984 incaestigatioue
2097 4902 2141 4966 ad
2167 4920 2267 4965 carras
2288 4921 2395 4982 speon·

388 5013 423 5055 se
444 4997 495 5069 est,
518 4997 657 5056 armare
676 4995 812 5068 cmmtnr,
835 4996 863 5054 et
881 4991 952 5054 'eins
973 4990 1091 5054 cultam
1108 4990 1208 5054 modis
1225 4989 1368 5053 omnibns
1419 4993 1549 5057 lotiones
1573 4993 1692 5056 camose
1721 4991 1917 5055 trarnnolant.
1964 4987 2077 5067 Itaque
2113 5008 2179 5051 non
2213 4987 2396 5069 apprehen·
2488 5029 2493 5044 ι

388 5098 595 5158 corrumpere.
640 5076 708 5141 Hoc
729 5083 849 5140 tantam
870 5076 950 5154 dico,
978 5096 1077 5156 gnum
1097 5077 1241 5154 stupida,
1270 5095 1368 5157 gnam
1420 5077 1503 5141 dunt
1524 5078 1653 5161 qualem
1675 5100 1710 5142 se
1731 5079 1840 5141 offert:
1870 5072 1927 5137 sed
1947 5073 2077 5155 qualem
2099 5095 2157 5155 pro
2184 5096 2244 5137 sua
2265 5072 2396 5137 temeri·

386 5165 482 5242 impii
503 5165 545 5228 ad
566 5162 672 5227 Deum
689 5164 895 5240 spernendam
912 5162 1023 5242 capide
1040 5167 1208 5240 accersunt,
1229 5162 1368 5226 durities
1420 5173 1486 5227 tate
1504 5163 1652 5229 fabricati
1669 5170 1754 5238 sunt,
1773 5160 2004 5241 imaginantur.
2039 5158 2113 5240 Quo
2134 5161 2262 5243 gurgite
2274 5165 2395 5241 aperto,

387 5250 426 5312 in
448 5269 554 5313 eorum
581 5249 701 5313 animis
726 5247 874 5324 tabescat,
903 5250 1005 5331 vigere
1026 5252 1142 5325 tannia,
1172 5269 1209 5313 ac
1235 5248 1368 5312 subinde
1420 5270 1680 5332 quaquaversum
1707 5246 1822 5330 pedem
1849 5254 2016 5322 moveant,
2047 5247 2082 5308 in
2106 5247 2241 5309 exitium
2271 5242 2396 5325 praeei-

1421 5337 1504 5418 pites
1536 5355 1664 5415 semper
1695 5351 1789 5396 ruere
1821 5351 1953 5395 necesse
1985 5338 2043 5396 est.
2102 5328 2267 5411 Quidquid
2307 5327 2398 5391 enim

462 5486 490 5554 1)
509 5487 586 5541 Haec
604 5488 626 5554 ξ.
644 5487 662 5540 3
679 5488 709 5539 in
727 5485 788 5538 edit.
827 5482 1282 5552 rinerpea.1559eceonsusione
1299 5500 1368 5553 qua-
1423 5474 1472 5480 *
1558 5471 1624 5479 ff

389 5555 457 5608 dam
474 5556 635 5637 schedarum
653 5555 691 5636 ‘¹5³
711 5552 777 5621 Gap.
816 5553 947 5606 Lrelata
968 5554 1081 5632 legitur,
1096 5559 1128 5631 ‚er
1152 5556 1319 5631 siequoqne
1339 5554 1369 5604 in
1491 5554 1519 5621 1)
1540 5552 1682 5607 Editionr's
1700 5551 1891 5620 praecedentis
1916 5552 1983 5622 Gap.
2003 5552 2027 5606 1.
2047 5554 2069 5616 §.
2089 5549 2129 5630 lt).
2186 5549 2230 5630 Ι2)
2253 5550 2286 5601 In
2310 5549 2398 5602 Phae·

388 5621 922 5761 salicinensem
1008 5636 1064 5672 ’Μ’
1088 5637 1119 5672 ,
1137 5620 1254 5672 rr
1277 5621 1368 5708 rr·
1422 5619 2128 5759 seesima,

2153 5771 2191 5823 31
