5600 6809
393 778 454 838 461
482 863 486 876 .
649 770 739 836 ΠΒ.
762 770 826 835 ΙΠ.
870 770 934 834 DE
956 769 1091 835 MODO
1107 769 1465 868 'PERCIPOENDAE
1488 768 1679 836 CHRISTI
1700 769 1919 835 ansulas.
1964 770 2063 836 CAP.
2087 771 2148 836 IV.
2342 774 2404 836 462

394 963 473 1038 1166,
501 961 683 1042 baptizasse
708 980 793 1041 aqua
815 958 849 1021 in
871 959 1113 1039 poenitentiam.
1160 957 1251 1039 Quos
1272 961 1374 1042 igitur
1427 958 1528 1038 elapsi
1548 964 1623 1022 sunt
1645 959 1723 1021 anni
1744 959 1867 1022 trecenti
1889 979 1927 1022 en
1945 979 2006 1037 quo
2024 960 2155 1024 iniectus
2172 960 2211 1023 ab
2229 960 2408 1025 Innocentio

394 1048 604 1129 baptizasset,
632 1046 696 1109 nisi
724 1046 780 1126 qui
807 1066 841 1108 66
868 1054 1053 1127 peccatores
1082 1045 1220 1110 confessi
1243 1045 1373 1110 essent?
1427 1045 1515 1108 tertio
1542 1045 1687 1123 laquens,
1717 1049 1745 1107 et
1772 1044 1918 1124 imposita
1945 1044 2108 1124 continuati
2129 1047 2303 1110 necessitas.
2347 1047 2406 1110 At·

394 1134 589 1216 Baptismus
607 1130 791 1214 symbolum
813 1140 864 1194 est
885 1132 1083 1195 remissionis
1103 1140 1318 1213 peccatorum,
1342 1139 1376 1195 et
1427 1151 1484 1211 666
1511 1134 1545 1192 61
1571 1131 1608 1194 de
1634 1135 1766 1210 tempore
1794 1136 1927 1208 taceam,
1960 1131 2027 1193 sola
2060 1130 2219 1194 cuborum
2245 1131 2405 1197 barbaries

389 1221 452 1304 ’661
474 1218 515 1283 ad
534 1218 595 1282 hoc
613 1217 798 1301 symbolum
817 1216 1075 1294 admitterentur,
1098 1217 1163 1281 nisi
1180 1226 1374 1299 peccatores,
1425 1216 1521 1296 111166
1556 1217 1616 1297 topi
1648 1216 1781 1297 obrepat.
1828 1215 1914 1278 Nam
1945 1217 2026 1295 quod
2056 1215 2161 1279 iubent
2187 1217 2258 1280 beiti
2286 1224 2403 1299 patres,

397 1313 432 1370 et
448 1305 505 1387 qui
522 1325 557 1368 66
574 1303 656 1366 tales
674 1302 877 1384 agnoscunt?
906 1302 1155 1366 Confitsbantur
1173 1304 1283 1385 itaque
1301 1324 1375 1384 pec·
1428 1321 1547 1365 ontnem
1568 1302 1730 1380 utriusque
1751 1322 1845 1365 senas
1864 1303 2031 1381 quotannis
2051 1303 2144 1366 seruet
2159 1304 2288 1383 proprio
2305 1324 2406 1368 sacer·

397 1399 470 1457 cata
488 1411 557 1467 sua,
580 1397 618 1453 ut
635 1387 886 1469 baptizarentur.
923 1390 992 1453 Nec
1015 1390 1085 1451 sine
1103 1409 1202 1452 causa
1219 1389 1377 1471 praecipit
1428 1388 1490 1451 doti
1512 1388 1648 1467 confiteri
1668 1389 1774 1450 omnia
1791 1392 1933 1467 peccata,
1960 1388 2055 1468 faceti
2076 1387 2213 1452 16161666
2235 1390 2334 1469 lepide
2355 1410 2406 1454 66-

397 1476 536 1542 Iacobus
547 1482 585 1539 ut
596 1475 650 1538 alii
663 1473 734 1537 aliis
749 1476 970 1538 confiteamur.
991 1475 1117 1537 Verum
1131 1475 1159 1538 si
1171 1474 1376 1538 animadver-
1428 1473 1549 1552 cipiunt
1574 1472 1629 1535 boc
1650 1478 1813 1555 praecepto
1838 1473 1935 1537 teneri
1955 1473 2036 1536 solos
2057 1473 2336 1554 lternmpdroditos‚
2365 1476 2408 1540 ad

398 1569 506 1626 terent
530 1559 616 1642 quod
661 1561 786 1623 roxime
810 1561 971 1641 sequitur,
995 1560 1230 1643 intelligerent,
1260 1580 1376 1642 parum
1429 1560 1581 1622 nemiuem
1607 1579 1677 1621 cero
1704 1564 1854 1639 spectare,
1882 1559 1937 1638 qni
1964 1561 2006 1639 sit
2033 1559 2080 1622 oet
2101 1580 2173 1622 mos
2194 1561 2241 1624 661
2261 1562 2407 1641 foemina.

399 1650 506 1714 etiam·
525 1646 588 1710 hoc
610 1581 672 1710 sibi
692 1646 875 1729 suffragari.
905 1646 1128 1722 Confitemini,
1152 1635 1274 1727 inquit,
1294 1647 1377 1710 alter
1432 1643 1579 1708 Crassior
1606 1643 1715 1707 dei-nde
1742 1645 1909 1709 insulsitas
1942 1645 1976 1707 iu
2002 1645 2170 1725 discipulis
2196 1667 2228 1708 sc
2255 1647 2408 1726 prodidit,

400 1733 494 1798 alteri
516 1739 780 1815 peecatavostra,
800 1739 939 1795 sternte
957 1753 1016 1813 pro
1038 1732 1187 1795 invicem.
1222 1733 1377 1796 Mutuam
1429 1731 1504 1793 dnm
1536 1730 1692 1810 enplicare
1722 1735 1874 1809 raeqneimt
1900 1731 1979 1810 quid
2004 1732 2046 1794 sit
2068 1732 2223 1811 proprius
2255 1733 2407 1797 secedas.

400 1818 635 1885 confessionem
654 1823 687 1881 et
704 1824 853 1882 mutuam
873 1819 1051 1881 orationem
1071 1818 1167 1882 simul
1191 1818 1307 1901 iungit.
1340 1816 1379 1882 sl
1433 1815 1595 1897 Quidquid
1622 1815 1765 1879 blaterant
1797 1828 1899 1879 orienes
1930 1817 2105 1880 conductitii
2132 1837 2237 1897 papae
2268 1817 2407 1896 rabulae,

401 1905 478 1970 solis
496 1902 686 1967 sacrificulis
704 1903 923 1968 confitendum
937 1914 995 1979 est,
1014 1925 1092 1985 ergo
1106 1912 1139 1967 et
1152 1924 1210 1985 pro
1222 1904 1288 1968 illis
1300 1904 1377 1968 solis
1430 1908 1566 1966 tenemus
1597 1922 1692 1981 neque
1726 1900 1886 1964 Christum
1923 1901 2018 1965 liuius
2055 1903 2131 1984 lepis
2164 1908 2301 1966 ardorem
2334 1924 2407 1981 esse,

400 1989 570 2055 orandum.
616 1986 720 2067 Quid,
743 1988 829 2071 qnod
849 1998 1040 2071 sequeretur
1062 2011 1103 2053 cx
1126 1989 1235 2053 verbis
1257 1990 1375 2067 Iacobi,
1429 2010 1508 2068 quae
1535 1989 1577 2051 od
1600 1989 1811 2052 contrectanda
1834 1992 1959 2067 peccata
1980 1988 2118 2051 domines
2139 1990 2234 2069 cepit·
2263 1989 2325 2051 imo
2348 1989 2408 2067 116

401 2076 487 2139 solos
509 2073 705 2138 sacrificulos
724 2076 870 2138 confiteri
888 2074 1003 2156 posse?
1027 2074 1187 2156 siquidem
1209 2074 1287 2140 dum
1305 2076 1378 2140 vult
1429 2076 1515 2137 uisse
1542 2095 1640 2136 66666
1667 2074 1752 2136 mille
1779 2078 1806 2136 et
1827 2074 1971 2136 ducentos
1998 2096 2018 2136 a
2045 2075 2267 2137 resurrectione
2290 2072 2408 2138 Christi

401 2170 439 2224 ut
460 2166 576 2223 mutuo
597 2161 819 2235 confiteamur,
843 2181 897 2224 eos
919 2160 1003 2225 solos
1024 2160 1199 2242 alloquitur
1221 2163 1275 2242 qui
1299 2162 1377 2225 alio·
1430 2164 1594 2239 antequam
1621 2160 1695 2224 tatis
1723 2159 1791 2223 6116
1817 2159 1868 2223 166
1887 2158 2032 2238 ferretur.
2076 2159 2187 2239 Itaque
2208 2161 2408 2240 tyrannidem

401 2268 475 2311 rum
493 2245 730 2310 confessionem
753 2245 866 2309 audire
884 2247 1023 2328 possint:
1047 2245 1201 2325 ἀλλήλους,
1215 2247 1239 2331 ¹)
1261 2248 1376 2329 inquit,
1429 2245 1509 2308 licito
1534 2246 1635 2326 fuisse
1667 2246 1788 2308 (166666
1814 2247 1962 2308 inuectam
1988 2265 2085 2326 quum
2114 2246 2262 2308 exstincto
2290 2247 2407 2325 pietate

400 2339 531 2407 mutuo,
554 2330 710 2407 invicem,
734 2332 893 2410 vicissim,
915 2340 973 2395 aut
994 2332 1023 2396 si
1042 2328 1178 2410 malunt,
1204 2333 1375 2415 reciproce.
1430 2338 1459 2396 et
1490 2333 1631 2398 doctrina
1663 2333 1731 2394 sim
1768 2332 1882 2395 delectu
1916 2332 2042 2411 quidvis
2075 2331 2216 2394 11661166
2248 2331 2310 2394 sibi
2341 2333 2407 2394 iam

402 2415 562 2481 confiteri
590 2422 698 2479 autem
728 2418 890 2498 reciproce
917 2426 1095 2499 nequeunt,
1125 2418 1190 2482 nisi
1217 2420 1379 2502 quisunt
1429 2418 1635 2498 sumpsissent
1656 2418 1763 2481 larvae
1785 2421 1958 2498 pastorum.
2002 2416 2125 2481 Deinde
2151 2416 2316 2480 luculenta
2341 2426 2420 2481 tes-¹

403 2499 574 2566 audiendis
602 2501 857 2567 confessionibus
884 2503 1002 2567 idonei.
1047 2501 1123 2583 Qua
1149 2504 1378 2588 praerogativa
1430 2504 1566 2568 timonia
1593 2509 1727 2567 exstant
1753 2510 1824 2567 tum
1850 2504 1886 2567 in
1919 2503 2079 2578 historiis,
2113 2511 2184 2565 tum
2213 2500 2407 2583 666116661-

402 2585 530 2669 quando
551 2586 639 2651 solos
655 2588 853 2651 sacrificulos
871 2588 1059 2671 dignantur,
1077 2610 1138 2654 nos
1157 2611 1282 2672 quoque
1300 2612 1377 2655 eon·
1430 2611 1510 2672 quos
1533 2589 1614 2653 alios
1637 2588 1824 2669 scriptores,
1853 2610 1936 2672 quae
1964 2587 2102 2653 doceant
2122 2588 2208 2652 hanc
2230 2587 2330 2652 fuisse
2349 2609 2407 2670 po-

401 2672 517 2738 fitendi
548 2693 669 2734 munus
696 2671 737 2735 ad
766 2694 821 2737 eos
849 2674 933 2738 solos
957 2674 1155 2757 ablegamus.
1199 2676 1379 2740 Facessant
1430 2676 1555 2741 litieam
1589 2674 1808 2756 disciplinam,
1842 2675 1882 2739 ab
1914 2675 2072 2757 episcopis
2104 2673 2304 2757 institutam,
2340 2694 2408 2738 non

402 2758 504 2840 igitur
526 2756 588 2819 hoe
606 2778 709 2839 genus
729 2767 939 2841 nugamenta,
962 2769 996 2823 ct
1011 2761 1118 2841 ipsam
1136 2762 1270 2842 apostoli
1290 2783 1379 2825 men·
1430 2762 1537 2844 legem
1559 2759 1729 2824 aChristo
1752 2768 1810 2824 aut
1832 2760 1986 2842 apostolis
2008 2760 2155 2842 positam.
2188 2757 2301 2823 Unum
2323 2758 2408 2823 drm-

403 2851 470 2907 tem
493 2843 701 2922 accipiamus,
723 2864 806 2925 quas
829 2844 968 2927 simplex
991 2853 1041 2909 est
1062 2852 1096 2908 et
1117 2855 1237 2928 aperta,
1261 2868 1378 2929 nempe
1430 2854 1523 2912 taxat
1544 2867 1562 2910 e
1584 2845 1699 2909 multis
1719 2846 1896 2927 proferam,
1927 2845 2013 2928 quod
2042 2866 2108 2909 non
2136 2843 2310 2909 obscurum
2338 2845 2408 2910 eius

403 2938 442 2992 ut
474 2937 603 2991 nostras
635 2928 845 2994 infirmitates
878 2931 1021 2995 vicissim
1060 2931 1143 2995 alter
1175 2933 1211 2996 in
1244 2933 1378 2996 alterius
1430 2934 1478 2996 rei
1511 2931 1741 2996 documentum
1770 2933 1841 2995 erit.
1892 2932 2009 2995 Refert
2036 2929 2236 2994 Sozomenus
2250 2929 2274 3013 ¹)
2307 2931 2408 2995 fuisse

403 3015 513 3077 sinum
527 3013 735 3095 deponamus,
757 3024 911 3079 mutuum
927 3017 1106 3093 eonsilium,
1123 3026 1273 3082 mutuam
1290 3039 1378 3082 com·
1430 3018 1517 3083 hanc
1545 3019 1769 3101 episcoporum
1796 3018 2061 3082 constitutionem
2094 3016 2267 3099 diligenter
2297 3016 2407 3080 obser-

403 3100 601 3182 passionem,
628 3109 779 3165 mutuam
801 3103 889 3165 inter
909 3124 968 3166 nos
990 3103 1244 3167 consolationem
1266 3125 1378 3186 accep·
1430 3112 1541 3169 vatam
1568 3105 1603 3167 in
1632 3104 1775 3168 ecclesiis
1803 3102 2070 3179 occidentalibus,
2103 3102 2296 3184 praesertim
2328 3123 2406 3167 vero

403 3186 478 3249 turi.
511 3184 641 3248 Deinde
662 3192 701 3248 ut
721 3186 875 3251 fraternis
896 3188 1142 3253 infirmitatibus
1163 3196 1278 3252 mutuo
1301 3211 1378 3254 eon·
1430 3191 1564 3253 Romae.
1609 3187 1683 3268 Quo
1712 3189 1875 3272 significat
1903 3210 1968 3251 non
1996 3189 2094 3252 fuisse
2122 3187 2308 3251 universale
2337 3208 2407 3249 om·

403 3271 461 3335 scii
484 3290 543 3352 pro
564 3269 630 3332 illis
652 3270 694 3333 ad
711 3271 893 3336 Dominum
916 3293 1054 3338 oremus.
1089 3273 1178 3354 Quid
1201 3295 1278 3357 ergo
1300 3297 1377 3340 con·
1429 3276 1521 3339 nium
1543 3274 1751 3339 ecclesiarum
1773 3275 1975 3352 institutum;
2004 3295 2108 3337 unum
2136 3280 2245 3337 autem
2274 3293 2405 3354 spros-

403 3363 455 3419 tra
476 3376 535 3419 nos
555 3355 710 3419 Iacobum
732 3357 849 3436 citant,
872 3359 929 3441 qui
952 3368 1119 3442 tantopere
1142 3360 1378 3425 confessionem
1430 3360 1553 3445 byteris
1575 3361 1782 3442 peculiariter
1803 3359 2001 3424 destinatum
2024 3360 2123 3424 fuisse
2141 3357 2226 3436 dicit,
2249 3358 2305 3440 qui
2328 3357 2406 3423 huie

402 3439 644 3505 misericordias
673 3442 737 3505 Dei
764 3444 942 3527 urgemus?
988 3444 1146 3509 Confiteri
1177 3455 1287 3510 autom
1313 3447 1378 3510 Dei
1429 3447 1558 3511 muneri
1578 3454 1750 3528 praeesset
1797 3444 1870 3525 Quo
1899 3445 2027 3510 abunde
2048 3445 2208 3520 confutat,
2237 3442 2324 3525 quod
2349 3444 2406 3507 isti

402 3526 658 3590 misericordiam
676 3548 772 3591 nemo
793 3531 976 3610 potestnisi
993 3532 1158 3594 miseriam
1176 3553 1269 3596 suam
1287 3533 1378 3613 prius
1430 3532 1470 3597 de
1504 3530 1648 3597 clavibus
1682 3532 1836 3596 universo
1877 3530 2069 3595 sacerdotali
2109 3530 2216 3594 ordini
2249 3530 2284 3592 in
2316 3529 2405 3593 hunc

403 3613 577 3676 confessus.
623 3609 713 3691 Quin
745 3616 853 3695 potius
880 3616 1061 3680 'anathema
1088 3639 1158 3681 6666
1186 3617 1377 3699 pronuntia-
1429 3639 1525 3682 usum
1556 3618 1738 3700 promiscue
1771 3617 1856 3680 datis
1887 3618 2107 3692 mentiuntur,
2148 3614 2307 3697 siquidem
2339 3635 2406 3678 non

402 3701 490 3775 mus,
518 3698 700 3780 quicunque
727 3720 795 3763 non
817 3722 851 3765 se
873 3723 981 3766 eoram
1003 3703 1090 3781 Deo,
1121 3722 1230 3767 eoram
1253 3703 1378 3785 angelis
1430 3705 1576 3768 omnium
1594 3701 1799 3768 sacerdotum
1817 3703 1999 3768 eommunis
2018 3711 2088 3766 erat
2104 3703 2236 3777 functio,
2260 3701 2317 3766 sed
2337 3702 2404 3764 sin·

403 3784 482 3858 eius,
506 3803 614 3846 coram
636 3783 781 3864 eeclesia,
809 3807 918 3851 coram
939 3788 1088 3852 omnibus
1111 3788 1250 3871 denique
1271 3789 1377 3853 homi·
1430 3790 1560 3873 gulares
1582 3790 1681 3853 unius
1701 3795 1826 3871 partes,
1850 3789 1905 3871 qui
1927 3787 1968 3852 ad
1990 3786 2024 3850 id
2046 3787 2168 3853 electus
2192 3788 2231 3851 ab
2255 3788 2405 3868 episeopo

403 3867 500 3932 nibus
532 3875 735 3950 peccatorem
775 3873 941 3936 confessus
973 3874 1080 3938 fuerit.
1136 3873 1257 3939 Omnia
1289 3877 1377 3939 66116
1430 3875 1545 3939 fuerat
1591 3873 1629 3938 Is
1655 3880 1700 3939 est
1725 3895 1816 3956 quem
1837 3874 1925 3938 bodie
1950 3894 2066 3953 666666
2093 3873 2406 3954 166166611666116-

403 3953 563 4017 conelnsit
583 3955 746 4019 Dominus
760 3957 834 4021 -sub
863 3965 1048 4039 peecatum,
1077 3966 1116 4023 ut
1142 3981 1238 4024 omno
1260 3982 1296 4025 os
1321 3963 1377 4026 ob·
1430 3962 1575 4027 drolibus
1608 3959 1743 4025 66616616
1764 3960 2040 4042 poenitentiarium
2071 3964 2189 4037 uocant,
2223 3960 2407 4041 prauimum

403 4046 559 4116 struatur,
582 4047 615 4103 et
636 4040 828 4104 humilietur
845 4045 951 4106 omnis
969 4064 1043 4107 caro
1060 4067 1168 4110 coram
1182 4047 1268 4125 Deo;
1291 4047 1378 4112 solus
1430 4047 1607 4125 murinum,
1628 4052 1656 4110 et
1674 4066 1805 4126 quorum
1827 4066 1958 4111 6666666
1976 4046 2018 4108 ad
2036 4046 2243 4127 ecentpluffl)
2261 4047 2404 4125 pertinet,

404 4133 515 4188 autem
547 4125 616 4206 ipse
647 4128 842 4191 iustificetur
875 4136 908 4192 et
940 4130 1103 4194 exaltetur
1135 4131 1225 4215 (Gal.
1257 4137 1291 4211 3,
1322 4136 1378 4212 223
1429 4134 1573 4216 coquitur.
1617 4129 1757 4197 Sublicit
1778 4131 1903 4209 deinde,
1926 4153 2001 4195 eum
2023 4152 2150 4214 quoque
2172 4150 2296 4194 morem
2318 4128 2405 4194 Con·

398 4208 498 4273 'R⁰m·
519 4215 547 4288 3,
568 4215 586 4274 9
610 4218 643 4274 el
665 4212 726 4294 l9)·
1081 4229 1082 4232 ’
1430 4218 1640 4302 stantinopoli
1672 4218 1773 4282 fuisse
1806 4216 1907 4283 donoc
1940 4228 2092 4282 matrona
2119 4215 2293 4298 quaedam,
2327 4235 2404 4278 eon·

488 4302 516 4361 7.
560 4296 667 4360 Miror
696 4305 806 4362 autem
834 4320 898 4380 qua
920 4300 1027 4363 fronte
1049 4302 1160 4365 ausint
1182 4302 1378 4367 contendere
1428 4309 1576 4372 fitentem
1609 4303 1781 4381 simulans,
1816 4325 1855 4368 66
1881 4306 1987 4388 speeie
2013 4301 2278 4369 consuetudinem
2305 4320 2404 4381 quam

403 4382 652 4461 confessionem,
681 4383 721 4447 de
749 4406 815 4466 qua
835 4385 1030 4465 loquuntur,
1064 4387 1145 4452 iuris
1167 4407 1237 4451 6666
1265 4386 1375 4455 divini.
1429 4391 1570 4457 habebat
1591 4412 1666 4455 cum
1688 4388 1821 4454 diacono
1838 4391 2062 4472 praetexuisse
2085 4388 2287 4471 deprehensa
2307 4392 2402 4449 esset.
2498 4432 2520 4453 ..

402 4465 503 4532 Cuius
531 4468 681 4552 equidem
710 4472 967 4535 vetustissimum
997 4493 1068 4536 esse
1096 4494 1194 4536 usum
1225 4473 1376 4553 fatemur,
1430 4477 1482 4543 Ob
1509 4477 1543 4541 id
1570 4466 1696 4541 facinus
1722 4475 1908 4553 Nectarius,
1938 4476 1990 4539 vir
2017 4482 2050 4538 et
2072 4475 2243 4538 sanctitate
2273 4477 2306 4532 et
2327 4489 2402 4554 eru7

401 4551 458 4616 sed
479 4575 576 4635 quom
596 4554 691 4618 facile
713 4556 862 4621 evincere
883 4577 1054 4638 possumus
1082 4558 1159 4621 olim
1176 4558 1377 4624 1616661116-
1430 4563 1551 4627 ditione
1579 4563 1701 4638 clarus,
1729 4560 1816 4625 illius
1838 4561 1993 4626 ecelesias
2013 4560 2198 4641 episeopus,
2228 4554 2403 4619 confitendi

333 4642 337 4657 ¹
401 4658 486 4700 rum.
531 4638 630 4703 Certe
652 4641 777 4706 nullam
803 4642 843 4706 de
865 4664 904 4706 66
925 4652 1044 4707 statam
1067 4644 1167 4708 161666
1190 4643 1297 4728 legem
1319 4654 1377 4709 aut
1429 4651 1530 4714 ritum
1553 4645 1733 4730 abrogavit.
1766 4646 1844 4723 Hic,
1868 4647 1921 4711 hie
1944 4667 2039 4710 aures
2061 4645 2144 4709 asini
2167 4643 2221 4707 isti
2244 4642 2400 4726 arrigent.

401 4723 662 4788 constitutionem
674 4735 749 4791 ante
761 4729 945 4792 Innocentii
956 4731 1043 4793 tertii
1054 4739 1210 4813 tempora,
1221 4734 1249 4814 ¹²)
1264 4752 1377 4794 eorum
1430 4733 1468 4800 Si
1485 4735 1539 4797 lex
1557 4735 1621 4798 Dei
1639 4740 1710 4797 erat
1727 4732 1916 4796 6611661666
1935 4731 2102 4807 confessio,
2125 4730 2181 4811 qni
2199 4749 2297 4792 66666
2316 4734 2403 4791 esset

400 4827 527 4903 666666
560 4810 694 4875 annales
725 4823 870 4878 narrant.
918 4814 1003 4879 Certe
1035 4818 1065 4880 si
1092 4818 1141 4880 166
1167 4817 1235 4881 illis
1264 4818 1377 4898 suisset
1428 4821 1601 4884 Nectarius
1629 4839 1702 4883 6616
1731 4818 1866 4901 refigere
1897 4837 1934 4882 ac
1962 4815 2167 4882 convellere?
2211 4814 2404 4877 Nectarium

402 4898 568 4972 66166666,
585 4895 693 4970 potius
714 4918 782 4960 eam
799 4902 1017 4980 arripuissent,
1040 4894 1397 4983 prememoratam*
1430 4915 1577 4972 sanetum
1599 4905 1663 4969 Dei
1685 4904 1865 4983 hominem,
1892 4901 2042 4967 omnibus
2063 4910 2213 4966 veterum
2237 4900 2338 4965 suffra
2362 4899 2403 4962 iis

401 4978 548 5074 ienensis
569 4979 691 5043 66661111
713 4983 829 5047 decreto
850 4985 964 5064 pueris
985 5010 1104 5069 qnoque
1126 4989 1206 5070 ipsis
1227 4990 1377 5054 ridiculos
1429 4991 1612 5075 probatum,
1636 4990 1808 5055 haereseos
1826 4996 1859 5053 et
1875 4987 2060 5053 schismatis
2079 4984 2300 5053 accusabunt?
2335 4921 2403 5049 ded

402 5082 434 5126 se
460 5064 616 5162 ¹stetissent.
662 5064 736 5128 Non
767 5067 909 5134 dubitant
940 5073 975 5134 iu
1004 5075 1083 5137 aliis
1113 5074 1204 5138 rebus
1230 5076 1377 5139 excudere
1430 5077 1543 5143 eodem
1572 5076 1696 5141 calculo
1722 5074 1924 5141 damnabunt
1949 5073 2119 5139 ecelesiam
2140 5071 2403 5152 constantinopo-

400 5147 513 5247 fictitia
533 5151 764 5248 decreta-quiae
782 5155 1003 5219 uetustissimis
1024 5160 1165 5223 correiliis
1187 5161 1375 5240 adscribunt,
1428 5165 1581 5239 litanam,
1613 5162 1650 5225 in
1677 5182 1741 5243 qua
1770 5157 1945 5225 confitendi
1970 5180 2095 5223 morem
2122 5180 2189 5223 non
2211 5158 2252 5222 ad
2274 5166 2403 5240 tempus

401 5239 436 5296 ut
456 5256 530 5332 ipsa
552 5240 750 5316 antiquitatis
767 5240 959 5302 vernatione
976 5243 1166 5322 simplicium
1187 5247 1289 5311 666166
1307 5267 1377 5326 per-
1429 5250 1524 5314 modo
1547 5246 1787 5312 dissimulatum
1808 5247 1922 5327 fuisse,
1948 5243 2005 5311 sed
2031 5245 2072 5309 ad
2094 5266 2188 5310 suam
2209 5262 2311 5323 usque
2333 5262 2402 5302 me-

402 5323 565 5403 strmqant.
611 5320 654 5386 In
674 5321 729 5385 doc
750 5324 850 5403 capite
870 5324 963 5387 talem
981 5327 1145 5407 fallaciam
1167 5330 1293 5395 obiicere
1315 5352 1376 5394 non
1429 5336 1566 5398 moriam
1589 5331 1785 5408 obsolevisse
1814 5330 2190 5404 affirmatsozomenus.
2235 5327 2307 5390 Imo
2335 5345 2403 5388 non

403 5408 483 5468 uenit
504 5407 570 5470 illis
591 5408 626 5470 iu
648 5413 784 5473 nterrtem
830 5407 953 5489 ltaque,
976 5412 1057 5490 ipsis
1078 5412 1219 5493 16611166,
1241 5417 1376 5479 mudum
1429 5414 1822 5497 constantinopolitanam,
1845 5419 1902 5482 sed
1924 5416 2096 5482 6116166166
2117 5433 2229 5476 omnes
2251 5409 2402 5475 ecelesias

401 5575 572 5586 Q-.
586 5582 601 5587 ..

469 5677 497 5747 1)
514 5680 560 5733 Sic
577 5680 863 5737 1166666666.
933 5680 964 5751 2)
981 5683 1045 5736 Fuit
1061 5683 1108 5735 ille
1126 5683 1201 5751 Papa
1218 5681 1276 5735 183.
1500 5688 1528 5751 1)
1549 5688 1622 5738 Libr.
1635 5684 1659 5736 7.
1676 5701 1698 5736 c.
1711 5683 1751 5735 16.
1822 5685 1853 5754 2)
1872 5685 1980 5740 Inna.
1994 5705 2071 5743 error
2082 5686 2183 5756 aliquis
2195 5682 2402 5739 lamecidetur.
