5600 6809
300 1951 303 1957 ·
421 1904 579 1969 adversus
612 1903 897 1985 pseudoapostolos
930 1902 1141 1979 contendere,
1183 1903 1238 1984 qui
1271 1901 1401 1984 quidem

415 780 455 841 ¹11
829 825 830 828 ,
1062 770 1329 838 ruarmo
1351 771 1456 836 ΗΕΒ.
1480 771 1660 838 GHRIS'P.
1686 777 1777 837 1559.
1896 865 1908 888 ἱ
2384 773 2427 835 Ί2

416 985 489 1030 esse
512 963 622 1041 debet,
652 962 871 1045 simulatque
899 982 933 1026 se
955 961 1050 1027 nobis
1072 961 1227 1024 insinuat.
1270 961 1398 1024 Verum
1450 961 1538 1036 luce,
1572 962 1643 1025 sine
1664 960 1730 1033 Dei
1752 961 1882 1042 spiritu,
1917 961 2047 1025 orbatos
2070 981 2105 1023 sa
2127 957 2266 1037 vidant,
2288 960 2336 1024 ita
2362 980 2429 1024 non

418 1071 461 1114 ne
490 1048 549 1112 sub
576 1048 670 1112 titulo
693 1069 751 1112 suo
774 1057 907 1112 satanae
935 1047 1069 1129 spiritus
1098 1045 1242 1127 obrepat,
1275 1047 1311 1109 in
1339 1065 1398 1110 sua
1451 1047 1768 1130 ignorant,.verbum
1785 1067 1856 1111 esse
1874 1067 2034 1129 organum
2051 1066 2115 1128 quo
2133 1045 2267 1126 spiritus
2284 1047 2335 1110 sui
2353 1045 2430 1110 illu·

417 1135 562 1218 imagine
584 1155 682 1215 quam
711 1133 881 1215 scripturis
902 1133 1067 1215 impressit
1092 1131 1164 1196 vult
1191 1132 1325 1196 anobis
1346 1153 1397 1195 re·
1434 1133 1664 1196 minationem
1700 1132 1852 1197 fidelibus
1884 1132 2048 1196 Dominus
2086 1129 2260 1212 dispensat
2315 1131 2431 1195 Alium

419 1220 577 1304 cognosci.
623 1216 871 1301 scripturarum
899 1226 994 1282 autor
1024 1227 1088 1295 est;
1117 1218 1230 1281 varius
1258 1215 1398 1281 dissimi-
1452 1219 1539 1283 enim
1564 1218 1714 1299 spiritum
1736 1220 1887 1283 nesciunt
1908 1238 2007 1299 quam
2028 1217 2084 1298 qui
2106 1217 2141 1279 in
2159 1216 2314 1298 apostolis
2335 1217 2431 1281 habi·

416 1306 522 1388 lisque
545 1326 615 1369 esse
637 1326 704 1369 nou
725 1312 841 1386 potest.
876 1301 1017 1382 Qualem
1038 1303 1140 1385 igitur
1162 1323 1196 1366 se
1214 1303 1281 1367 illic
1300 1301 1398 1366 semel
1452 1305 1536 1368 tavit
1556 1310 1590 1367 et
1606 1303 1759 1385 loquutus
1777 1312 1836 1380 est,
1859 1304 1951 1367 cuius
1969 1302 2108 1367 oraculis
2131 1301 2260 1367 assidue
2278 1302 2320 1366 ad
2336 1302 2430 1368 verbi

354 1397 382 1450 ¹.
418 1390 579 1474 prodidit,
609 1390 684 1454 talis
713 1400 870 1472 perpetuo
891 1395 1025 1453 maneat
1046 1396 1181 1471 oportet.
1228 1388 1301 1452 Hoc
1323 1409 1398 1453 con·
1453 1387 1654 1453 audientiam
1675 1397 1877 1454 revocantur.

419 1476 628 1541 tumelicsum
656 1475 705 1539 illi
727 1496 794 1539 nou
815 1483 881 1553 est;
910 1476 974 1537 nisi
1000 1475 1084 1539 forte
1105 1474 1318 1538 honorificum
1341 1473 1400 1537 du-

419 1584 533 1628 camus
558 1583 577 1626 a
599 1582 633 1625 se
655 1562 725 1644 ipso
748 1560 926 1625 desciscere
947 1569 980 1624 et
1001 1559 1041 1623 de
1065 1580 1209 1624 euerare.

508 1651 536 1711 3.
582 1645 680 1726 Quod
712 1667 790 1711 vero
821 1646 934 1710 literae
969 1582 1130 1711 occidenti
1158 1667 1218 1710 nos
1245 1646 1401 1710 incubare

420 1732 632 1809 cavillantur,
662 1733 696 1795 in
726 1753 763 1795 eo
789 1753 910 1813 poenas
940 1732 1038 1795 luunt
1066 1738 1274 1813 contemptae
1299 1731 1401 1813 scrip-

420 1827 522 1883 turae.
557 1816 647 1882 Satis
669 1817 757 1881 enim
779 1824 908 1882 constat
928 1817 1070 1881 Paulum
1093 1816 1160 1881 illic
1183 1815 1304 1900 (20or.
1324 1821 1352 1893 3,
1367 1815 1401 1900 a)

1812 1695 1964 1763 carun
1985 1696 2029 1762 x.
2048 1695 2073 1780 ι)

1456 1838 1738 1949 Scripturam,
1782 1849 1833 1919 ut
1879 1857 2046 1920 omnem
2082 1837 2433 1948 superstitionem

419 1989 526 2073 legem
550 1989 633 2054 citra
655 1988 826 2053 Christum
847 1986 1129 2064 commendantes,
1159 1989 1279 2053 anovi
1302 1995 1401 2051 testa
1455 1970 1663 2068 corrigat,
1702 1988 1851 2039 verum
1881 1958 2023 2039 Deum
2054 1957 2268 2058 exclusive
2298 1986 2432 2069 oppo-

419 2077 536 2140 menti,
550 2075 707 2139 beneficio
736 2075 893 2156 populum
915 2074 1112 2149 avocabant,
1141 2094 1204 2155 quo
1228 2073 1402 2156 paciscitur
1536 2096 1538 2101 ·
1603 2107 1705 2160 nere
1737 2078 1816 2159 diis
1848 2078 2042 2160 omnibus
2072 2077 2278 2188 gentium

419 2161 583 2226 Dominus
616 2182 650 2224 se
684 2160 790 2242 legem
823 2181 917 2224 suam
949 2161 985 2222 in
1016 2159 1164 2223 fidelium
1193 2161 1320 2224 viscera
1352 2160 1401 2222 in·

420 2246 593 2330 sculptura
632 2252 697 2322 ‚et
719 2243 869 2310 cordibus
892 2246 1136 2328 inscriptorum.
1170 2246 1331 2309 Emortua
1353 2253 1403 2309 est
1544 2250 1570 2308 1.
1595 2242 1662 2309 Sed
1675 2244 1762 2308 enim
1774 2245 1926 2325 quoniam
1939 2244 2003 2308 Dei
2014 2243 2176 2321 notitiam,
2196 2245 2434 2325 quaeinmun·

419 2332 522 2416 igitur
543 2332 648 2408 litera,
673 2339 706 2409 et
728 2352 802 2407 suos
824 2331 961 2395 lectores
983 2339 1079 2394 necat
1100 2331 1154 2395 lex
1176 2329 1321 2409 Domini,
1345 2331 1403 2394 ubi
1456 2331 1489 2395 di
1511 2331 1664 2394 machina
1681 2331 1909 2411 universisque
1931 2330 2088 2393 creaturis
2106 2351 2173 2392 uon
2195 2330 2331 2394 obscure
2353 2329 2435 2394 alio-

420 2425 454 2482 et
476 2439 496 2481 a
516 2416 642 2482 Christi
666 2417 773 2498 gratia
795 2414 971 2494 divellitur,
997 2424 1030 2480 et
1052 2416 1175 2480 intacto
1197 2415 1292 2480 corde
1315 2416 1402 2480 auri·
1454 2418 1510 2499 qui
1523 2417 1724 2499 proponitur,
1738 2415 1933 2479 familiarius
1951 2424 2062 2478 tamon
2074 2416 2255 2478 etiamnum
2268 2424 2301 2479 et
2311 2415 2433 2480 clarius

418 2503 482 2569 bus
503 2510 634 2566 tautmn
655 2503 812 2570 insonat„
839 2502 967 2566 Verum
987 2502 1015 2565 si
1037 2522 1096 2583 per
1119 2502 1271 2583 spiritum
1294 2502 1403 2566 effica-
1455 2502 1555 2567 verbo
1583 2501 1751 2566 docuimus
1780 2501 1950 2583 explicari,
1978 2501 2045 2563 iam
2071 2521 2187 2582 operae
2214 2502 2357 2582 pretium
2383 2508 2436 2565 est

365 2648 367 2654 Α
420 2589 502 2654 citer
525 2586 674 2652 cordibus
696 2588 905 2669 imprimitur,
929 2587 957 2651 si
969 2586 1140 2652 Christum
1163 2588 1306 2665 exhibet,
1329 2609 1403 2652 ver·
1456 2587 1640 2670 expendere
1674 2586 1787 2668 ecquid
1821 2608 1856 2650 se
1889 2586 1990 2650 talem
2016 2587 2180 2650 Dominus
2207 2587 2242 2674 in
2272 2588 2437 2669 scriptura

422 2673 502 2738 bum
524 2681 573 2737 est
595 2674 692 2748 vitae,
716 2682 909 2738 convertens
931 2674 1066 2758 animas,
1091 2673 1286 2754 sapientiam
1309 2693 1404 2756 prae·
1456 2673 1549 2738 nobis
1571 2679 1800 2756 repraesentet,
1823 2673 1953 2754 qualern
1970 2673 2004 2734 iu
2023 2672 2174 2754 operibus
2191 2673 2259 2737 suis
2277 2672 2436 2737 delineari

423 2767 516 2823 stans
544 2759 703 2840 parvulis,
732 2767 791 2823 etc.
836 2757 926 2838 Quin
955 2759 1054 2822 etiam
1082 2759 1195 2822 eodem
1218 2759 1287 2824 loco
1309 2780 1404 2840 prae·
1455 2761 1547 2842 prius
1568 2759 1677 2824 visum
1695 2766 1752 2822 ost.
1787 2759 1905 2840 Longa
1924 2765 2011 2822 certe
2029 2759 2182 2821 materia:
2207 2759 2234 2822 si
2252 2759 2325 2840 quis
2342 2759 2376 2822 in
2395 2781 2437 2823 ea

424 2844 619 2909 dicationem
665 2865 758 2908 suam
803 2845 966 2925 apostolus
1009 2844 1229 2908 ministerium
1270 2845 1405 2926 spiritus
1458 2844 1648 2928 diligentius
1670 2843 1840 2907 tractanda
1861 2844 2030 2908 immorari
2051 2843 2141 2907 velit.
2186 2845 2233 2907 At
2259 2865 2319 2927 ego
2342 2844 2438 2909 velut

423 2936 519 2996 vocat
539 2931 573 3014 (2
597 2928 671 2994 Cor.
696 2934 729 3005 3,
753 2929 805 3013 8),
834 2930 990 2993 nimirum
1017 2930 1221 3012 significans,
1251 2932 1298 2994 ita
1327 2952 1405 2994 suae
1458 2931 1599 2994 indicem
1618 2929 1823 3012 proposuisse
1841 2936 2014 2994 contentus
2032 2950 2095 3005 ero,
2118 2950 2182 3010 quo
2200 2930 2343 2994 monitae
2360 2931 2438 3011 piae

423 3037 521 3098 quam
543 3015 579 3078 iu
601 3015 770 3097 scripturis
791 3016 952 3098 expressit
979 3016 1109 3080 veritati
1137 3016 1309 3080 inhaerere
1338 3016 1405 3098 spi·
1457 3026 1599 3092 mentes,
1629 3013 1707 3097 quid
1735 3016 1939 3096 potissimum
1965 3016 2000 3079 in
2029 3016 2199 3096 scripturis
2227 3014 2267 3079 de
2289 3016 2361 3081 Deo
2383 3016 2438 3079 in·

420 3103 526 3167 ritum
548 3112 712 3176 sanctum,
741 3110 778 3164 ut
804 3101 873 3165 vim
895 3113 966 3165 tum
988 3099 1121 3165 demum
1144 3123 1239 3166 suam
1260 3103 1406 3184 proferat
1457 3100 1688 3186 vestigandum
1715 3101 1760 3164 sit
1786 3102 1911 3184 norint,
1948 3107 1983 3165 et
2009 3101 2051 3164 ad
2078 3109 2204 3165 eertum
2230 3101 2300 3165 eius
2326 3102 2438 3185 inqui-

422 3196 520 3267 atque
548 3194 678 3250 exserat
705 3186 762 3250 ubi
790 3207 851 3250 sua
879 3194 1010 3251 constat
1034 3186 1134 3252 verbo
1156 3188 1341 3252 reverentia
1367 3208 1405 3252 ac
1458 3189 1585 3253 sitionis
1617 3207 1751 3267 scopum
1785 3185 1978 3270 dirigantur.
2025 3186 2214 3269 ²)Noadum
2240 3189 2355 3270 attingo
2381 3209 2438 3269 pe-

424 3272 577 3355 dignitas.
611 3271 680 3336 Nec
703 3272 755 3334 his
777 3281 939 3355 repugnat
961 3272 1047 3354 quod
1069 3295 1175 3355 nuper
1198 3273 1404 3338 dictumest:
1458 3275 1576 3338 saliare
1595 3273 1705 3353 foedas
1726 3292 1786 3352 quo
1812 3292 1911 3354 penas
1931 3271 2080 3336 Abrahae
2101 3293 2123 3335 a
2143 3273 2275 3352 reliquis
2293 3274 2440 3356 pactae

424 3358 564 3424 verbum
596 3358 705 3439 ipsum
738 3380 806 3421 non
837 3357 933 3422 valde
966 3364 1092 3422 certum
1119 3357 1213 3424 nobis
1240 3381 1309 3424 esse
1341 3360 1406 3423 nisi
1457 3359 1609 3423 distinxit.
1655 3358 1741 3422 Nam
1764 3359 1907 3441 protrita
1934 3358 2097 3440 adoptione
2121 3359 2274 3438 recipieris
2297 3360 2334 3422 ia
2352 3360 2440 3441 filias

423 3444 557 3526 spiritus
587 3443 774 3508 testimonio
802 3444 1020 3508 confirmetur.
1064 3445 1183 3510 Mutuo
1210 3445 1298 3509 enim
1326 3467 1405 3527 quo-
1458 3446 1513 3526 pur'
1539 3443 1638 3509 basma
1665 3449 1768 3522 acal,
1797 3445 1969 3526 redemptor
1994 3445 2061 3507 iam
2089 3447 2161 3508 tanc
2187 3447 2353 3525 apparuit,
2380 3465 2439 3510 nos

424 3529 500 3593 dam
528 3550 618 3592 nexu
645 3527 810 3593 Dominus
840 3528 930 3593 verbi
959 3529 1156 3612 spiritusque
1189 3532 1239 3595 sui
1272 3533 1406 3596 certitu·
1457 3535 1561 3595 aretem
1587 3529 1688 3593 adhuc
1715 3531 1751 3593 a
1777 3550 1815 3593 ea
1841 3531 1953 3594 notitia
1978 3550 2141 3593 versamur
2168 3549 2247 3611 qaae
2268 3530 2303 3593 ia
2323 3533 2440 3596 maadi

425 3614 536 3679 dinem
570 3616 657 3678 inter
689 3636 724 3679 se
756 3614 934 3698 copulavit;
968 3623 1007 3680 ut
1040 3614 1145 3681 solida
1171 3615 1264 3682 verbi
1291 3617 1406 3702 religio
1458 3616 1608 3681 creatione
1628 3614 1777 3692 sabama,
1799 3636 1897 3695 nepae
1917 3616 2053 3679 ascendit
2075 3617 2117 3681 ad
2140 3613 2299 3679 Christum
2319 3618 2440 3682 media-

425 3700 543 3764 animis
565 3701 684 3764 nostris
707 3701 842 3779 insidat,
870 3702 926 3767 ubi
955 3701 1093 3785 affulget
1114 3703 1247 3785 spiritus
1268 3705 1323 3785 qui
1345 3724 1406 3766 nos
1457 3707 1559 3768 torem
1599 3700 1673 3765 Etsi
1695 3706 1798 3765 autem
1812 3700 1912 3782 paulo
1928 3706 2002 3784 poet
2022 3702 2173 3781 quosdam
2193 3722 2231 3765 ex
2251 3723 2326 3766 noro
2346 3708 2439 3766 testa

425 3785 492 3849 illic
509 3786 574 3848 Dei
595 3786 712 3849 faciem
734 3788 947 3869 contemplari
965 3787 1077 3867 faciat3
1101 3797 1138 3851 ut
1156 3789 1298 3854 vicissim
1315 3788 1405 3853 nullo
1457 3791 1555 3852 menta
1587 3787 1666 3850 locos
1691 3788 1787 3851 citare
1812 3806 1923 3868 operae
1949 3787 2090 3866 pretium
2117 3788 2178 3850 erit
2209 3786 2317 3870 (mara
2342 3789 2445 3852 etiam

425 3869 690 3935 hallucinationis
728 3873 844 3937 timore
884 3874 1037 3955 spiritum
1071 3873 1309 3956 amplexemur,
1349 3873 1406 3938 ubi
1457 3873 1531 3937 inde
1547 3873 1724 3952 aporema
1736 3871 1801 3937 Dei
1821 3872 1978 3951 creaioris,
2001 3878 2029 3936 et
2038 3873 2236 3953 providentia
2257 3874 2294 3937 ira
2308 3875 2440 3954 primae

425 3956 520 4020 illum
548 3956 583 4018 in
604 3978 663 4020 sua
684 3956 842 4040 imagine,
870 3959 932 4024 hoc
960 3968 1010 4024 est
1031 3960 1067 4023 in
1088 3960 1204 4038 verbo,
1233 3981 1405 4042 recognos-
1457 3963 1589 4022 aatrrrae
1610 3960 1836 4022 commotione
1851 3958 2018 4042 probatur)
2039 3958 2162 4022 lectores
2181 3963 2284 4022 tamea
2304 3961 2440 4024 monitos

427 4042 538 4107 cimus.
573 4040 626 4104 Ita
646 4050 697 4105 est
717 4062 804 4107 sane.
832 4043 909 4108 Non
929 4045 1067 4110 verbum
1084 4044 1272 4111 hominibus
1288 4045 1407 4110 atace
1457 4044 1626 4124 coapata
1652 4063 1734 4107 naar
1765 4064 1854 4126 apere
1880 4043 1961 4107 mibi
1983 4045 2180 4126 propositam
2204 4045 2260 4122 sir,
2293 4065 2332 4108 ne
2357 4045 2440 4125 fines
2482 4117 2483 4120 ,

426 4128 638 4192 retardationis
665 4147 763 4192 caasa
791 4129 827 4192 ia
860 4129 998 4193 mediam
1018 4130 1155 4211 protulit
1181 4133 1291 4209 Deus,
1320 4130 1406 4212 quod
1457 4131 1519 4195 aar·
1535 4131 1747 4211 mancipas
1767 4129 1975 4209 transsiliaat.
2010 4129 2153 4210 Denique
2170 4134 2269 4193 ancre
2289 4132 2325 4194 ia
2340 4153 2439 4212 prae-

425 4213 561 4295 spiritus
582 4213 634 4276 sui
656 4212 799 4277 adventu
821 4215 984 4296 extemplo
1006 4215 1164 4296 aboleret,
1187 4217 1244 4282 sed
1265 4215 1416 4281 eundem.
1458 4216 1558 4281 seclia
1583 4215 1723 4296 sufficiat
1749 4215 1897 4296 qaornodo
1923 4215 2014 4280 Deae
2040 4216 2114 4279 coeli
2141 4221 2168 4279 et
2198 4220 2300 4280 terrae
2331 4218 2439 4299 opifer

427 4299 580 4381 spiritum
602 4299 695 4363 ouius
716 4299 837 4364 virtute
859 4300 995 4364 verbum
1014 4300 1306 4378 administraverat,
1330 4301 1406 4366 sub-
1458 4303 1611 4366 mandam
1637 4322 1659 4365 a
1686 4322 1719 4365 ee
1744 4302 1900 4365 ceaddam
1921 4303 2075 4384 pabemet
2122 4301 2252 4365 Passim
2273 4322 2343 4367 vero
2365 4305 2440 4369 ceta

427 4385 533 4462 misit,
567 4385 625 4466 qui
658 4407 753 4448 suum
781 4406 864 4468 opus
890 4386 1015 4451 efficaci
1041 4387 1132 4452 verbi
1160 4388 1406 4454 confirmatione
1458 4389 1569 4452 Datur
1596 4392 1624 4451 et
1646 4392 1781 4469 pater-aa
1806 4389 1876 4452 eius
1902 4387 2036 4464 araas,
2064 4391 2093 4450 et
2118 4386 2260 4450 columae
2285 4389 2329 4453 ad
2351 4388 2437 4454 berre

428 4470 620 4536 absolveret.
650 4470 692 4533 In
711 4471 798 4536 hunc
816 4472 950 4536 modum
962 4471 1116 4538 Christus
1138 4472 1305 4554 discipulis
1327 4470 1407 4537 duo·
1456 4473 1611 4554 pactam
1636 4473 1800 4554 proclivis,
1832 4474 2025 4553 decempla
2057 4473 2226 4555 traduntur
2253 4475 2436 4553 carrarca,

430 4556 492 4621 bus
514 4577 646 4620 sensum
667 4557 835 4638 aperiebat
854 4558 950 4640 (Luc.
971 4561 1020 4636 24,
1035 4557 1106 4644 27);
1127 4580 1192 4623 non
1215 4567 1253 4622 ut
1275 4558 1407 4622 abiectis
1460 4581 1540 4640 qaae
1560 4560 1679 4622 iustam
1700 4559 1848 4623 scelerum
1868 4559 1996 4622 altorem
2018 4578 2084 4622 esse
2104 4559 2272 4634 omniunt,
2289 4580 2438 4639 praeser-

431 4641 604 4722 soripturis
654 4664 690 4705 er
718 4664 753 4706 se
779 4651 946 4725 saperent,
974 4643 1031 4709 sed
1055 4655 1092 4708 ut
1111 4645 1289 4726 scripturas
1311 4644 1407 4708 intel·
1459 4647 1516 4709 tim
1543 4645 1597 4709 aot
1624 4646 1786 4708 tolerantia
1812 4663 1873 4708 sua
1894 4650 1999 4708 amira
2018 4645 2184 4708 obstinatos
2204 4643 2285 4709 aaa
2300 4644 2467 4726 proficit*

431 4726 580 4809 ligerent.
623 4664 784 4793 &imiliter
804 4728 941 4806 Paulus,
962 4729 1039 4805 dum
1062 4730 1214 4793 hortatur
1235 4729 1407 4794 Thessalo-
1521 4711 1528 4735 ⁵
1547 4734 1575 4793 2.
1617 4730 1726 4794 Certis
1739 4730 1869 4810 ,quiden
1893 4729 1971 4794 locis
1989 4728 2149 4794 dilucidae
2172 4731 2274 4812 mapir
2290 4729 2435 4814 descrip-

431 4812 580 4876 niceuses
613 4813 646 4894 (l
667 4814 779 4879 Thess.
806 4819 840 4890 5,
868 4818 915 4878 19.
942 4815 997 4901 20)
1029 4837 1071 4879 no
1100 4815 1251 4896 spriritum
1284 4817 1407 4880 exstin-
1453 4817 1565 4880 tiones
1591 4815 1684 4880 nobis
1712 4822 1957 4898 proponuntur,
1985 4816 2102 4897 quibus
2126 4817 2278 4888 εἰκονικῶς
2299 4816 2437 4882 visenda

432 4903 549 4980 guant,
580 4918 646 4962 uon
679 4899 861 4963 sublimiter
894 4921 946 4965 eos
978 4900 1093 4981 arripit
1125 4899 1167 4965 ad
1195 4902 1310 4965 inanes
1336 4903 1408 4966 sine
1460 4901 1633 4966 exhibetur
1663 4922 1822 4983 germana
1853 4901 1923 4965 eius
1951 4902 2057 4965 facies.
2108 4901 2194 4965 Nam
2226 4922 2329 4983 quum
2362 4924 2436 4967 eam

432 4982 531 5047 verbo
550 4983 786 5064 speculationes
793 5008 801 5062 ;
823 4985 881 5049 sed
903 4988 1053 5050 continuo
1071 4984 1209 5063 subiicit,
1232 5008 1299 5051 uon
1317 5009 1407 5069 sper·
1460 4985 1657 5051 describeret
1687 4988 1813 5065 Moses,
1846 4986 1978 5050 videtur
2009 5008 2088 5050 sane
2120 4986 2263 5051 voluisse
2292 4988 2436 5053 breviter

432 5068 558 5132 nendas
579 5068 776 5151 prophetias.
817 5069 890 5150 Quo
909 5069 1022 5155 procul
1043 5068 1140 5134 dubio
1161 5073 1318 5151 innuitur,
1342 5074 1407 5154 spi·
1460 5071 1733 5154 comprehendere
1758 5071 1916 5154 quidquid
1942 5072 1983 5136 de
2011 5073 2081 5153 ipso
2104 5072 2244 5155 intelligi
2266 5073 2307 5138 ab
2329 5073 2435 5137 homi-

431 5154 516 5218 ritus
543 5153 652 5218 lucem
680 5156 859 5237 praefocari
886 5156 982 5221 simul
1010 5162 1107 5237 atque
1128 5157 1162 5219 in
1185 5165 1408 5240 contemptum
1459 5158 1556 5222 nibus
1589 5159 1638 5222 fas
1671 5164 1764 5222 esset
1819 5157 1981 5237 Iehovah,
2019 5159 2125 5239 inquit
2157 5158 2277 5241 (Exod.
2303 5164 2359 5236 34,
2389 5163 2435 5244 6),

431 5240 569 5304 veniunt
597 5240 794 5322 prophetiae.
846 5239 933 5322 Quid
960 5240 1001 5304 ad
1030 5242 1111 5306 baec
1138 5242 1256 5313 tumidi
1281 5245 1338 5307 isti
1366 5249 1407 5306 ἐν·
1459 5243 1622 5322 Iehovah,
1649 5244 1742 5308 Deus
1768 5243 1953 5308 misericors
1979 5252 2013 5307 et
2039 5243 2196 5321 clemens,
2224 5245 2368 5326 patiens,
2402 5254 2436 5308 et

429 5329 624 5403 θονσιασταὶ,
644 5326 701 5407 qui
723 5327 808 5392 hanc
824 5349 924 5393 unam
940 5334 1096 5408 reputant
1114 5328 1268 5392 eximiam
1284 5330 1407 5392 illumi-
1460 5329 1583 5394 multae
1609 5329 1828 5393 miserationis
1855 5350 1893 5394 aa
1914 5351 2032 5409 verax,
2060 5330 2117 5412 qui
2139 5329 2282 5394 custodis
2306 5331 2435 5396 miseri·

432 5413 616 5488 nationem,
650 5412 708 5476 ubi
733 5433 852 5478 rsatiare
878 5414 997 5477 omisso
1030 5435 1068 5478 ac
1096 5412 1206 5478 valere
1233 5414 1321 5480 iusso
1341 5416 1407 5479 Dei

432 5496 547 5572 verbo,
575 5496 733 5578 quidquid
762 5496 928 5563 stertendo
956 5500 1177 5580 conceperint,
1205 5522 1271 5564 non
1297 5502 1407 5565 minus

432 5579 634 5646 confidenter
665 5603 763 5664 quam
796 5593 918 5648 temere
952 5584 1135 5666 arripiunt?
1181 5585 1284 5650 Filios
1318 5596 1406 5652 certe
1528 5618 1557 5683 1)
1579 5618 1680 5686 Confer
1697 5621 1759 5674 ,dg
1775 5621 1964 5688 mmm„
1984 5618 2050 5688 cap.
2070 5619 2094 5672 1.
2113 5620 2136 5685 ς.
2155 5618 2197 5672 37.
2214 5618 2257 5673 38.
2327 5621 2358 5690 2)
2377 5622 2436 5675 Pro

430 5663 498 5730 Dei
519 5665 615 5750 longe
634 5667 699 5732 alia
720 5668 813 5735 decet
829 5667 1001 5747 sobrietas;
1021 5670 1077 5751 qui
1098 5678 1137 5734 ut
1152 5673 1242 5735 omni
1258 5673 1407 5738 veritatis
1461 5690 1631 5759 mauras
1648 5691 1707 5743 azia
1724 5696 1808 5742 anua
1825 5691 1849 5742 a.
1869 5690 1885 5742 ι.
1904 5690 2066 5758 taetram.
