5600 6809
445 764 505 825 su
1084 748 1804 818 666666666666616666.
1869 704 1872 710 ’
2390 755 2452 817 sn

443 947 509 1030 Qui
542 943 691 1022 effendit,
724 942 845 1025 inquit,
874 941 910 1006 in
940 961 1021 1019 une,
1054 939 1160 1004 factus
1192 945 1242 1003 est
1273 939 1421 1003 emnium
1472 939 1641 1018 iustificet3
1665 938 1723 1005 sed
1745 940 1848 1004 oratio
1871 938 1913 1005 ad
1934 940 2047 1006 fideles
2070 940 2237 1025 dirigitur,
2268 949 2302 1007 et
2322 943 2362 1009 iis
2383 945 2453 1010 vita

441 1053 526 1099 reus.
572 1031 645 1094 Iam
676 1050 778 1113 quum
809 1028 892 1093 haec
923 1027 992 1092 vita
1022 1024 1172 1090 mortalis
1205 1044 1374 1107 nunquam
1401 1043 1421 1086 a
1472 1025 1675 1106 promittitur
1703 1047 1745 1090 ex
1770 1025 1843 1091 fide.
1888 1026 2014 1091 Paulus
2042 1048 2168 1109 queque
2201 1049 2332 1092 emnem
2362 1051 2452 1094 scru-

441 1125 573 1204 peceato
604 1137 689 1199 pura
721 1114 765 1179 sit
795 1121 854 1179 aut
885 1133 1002 1190 vacua,
1035 1110 1195 1193 quidquid
1228 1110 1373 1174 iustitiae
1401 1131 1422 1174 a
1472 1109 1587 1192 pulum
1609 1111 1716 1189 solvit,
1739 1132 1842 1194 quum
1863 1133 1923 1193 pro
1944 1114 2190 1177 confirmatione
2210 1114 2299 1179 illius
2322 1123 2452 1180 senten-

440 1203 535 1271 nobis
562 1207 786 1284 comparatum
811 1200 908 1277 foret,
942 1198 976 1262 id
1006 1197 1214 1279 sequentibus
1241 1194 1421 1260 identidem
1471 1196 1537 1260 tiae
1558 1197 1659 1260 istum
1680 1197 1819 1262 Davidis
1840 1198 2038 1263 versiculum
2059 1199 2174 1263 sumit:
2205 1199 2293 1264 beati
2315 1221 2453 1283 querum

441 1290 583 1375 peccatis
605 1292 806 1370 corruptum,
830 1305 1020 1368 oppressum
1042 1289 1076 1347 et
1093 1282 1266 1365 perditum,
1289 1283 1327 1345 in
1343 1303 1420 1346 eon·
1473 1282 1627 1346 remissae
1655 1291 1733 1348 sunt
1759 1284 1948 1366 iniquitates
1971 1284 2130 1368 (116164,
2156 1289 2190 1364 73
2218 1286 2306 1350 Psal.
2330 1291 2380 1363 32,
2410 1288 2451 1371 1).

442 1383 591 1460 spectum
616 1372 681 1439 Dei
708 1394 775 1436 non
801 1372 943 1448 veniret,
978 1390 1039 1433 nee
1070 1369 1107 1431 in
1138 1368 1300 1432 iustitiam
1326 1368 1420 1432 nobis
1473 1366 1610 1432 Certum
1637 1376 1688 1432 est
1715 1390 1794 1433 vero
1822 1367 1985 1434 Davidem
2012 1391 2079 1433 non
2107 1369 2147 1433 de
2173 1371 2298 1452 impiis,
2327 1373 2385 1437 sed
2412 1372 2453 1438 de

441 1463 668 1546 imputaretur.
703 1456 864 1539 Denique,
879 1457 934 1521 ubi
950 1455 990 1520 de
1004 1475 1141 1537 eperum
1159 1455 1269 1538 agitur
1285 1454 1419 1532 iustitia,
1473 1453 1622 1519 fidelibus
1643 1454 1742 1537 loqui,
1766 1455 1871 1537 qualis
1889 1456 1958 1538 ipse
1977 1462 2061 1533 erat;
2083 1456 2161 1537 quia
2178 1478 2220 1521 66
2236 1460 2452 1524 eonscientiae

442 1569 511 1613 nen
538 1567 619 1629 epus
645 1544 727 1627 legis
757 1540 997 1623 respiciendum
1028 1546 1093 1618 661,
1127 1539 1185 1605 661
1216 1539 1418 1604 mandatum.
1473 1560 1551 1604 suae
1584 1560 1681 1604 sensu
1714 1540 1916 1622 loquebatur.
1972 1541 2062 1623 Ergo
2097 1541 2184 1606 hane
2215 1542 2452 1609 beatitudinem

441 1631 522 1697 Ideo
544 1633 572 1697 si
593 1652 635 1695 66
655 1629 727 1713 lege
748 1627 874 1692 iustitia
892 1626 1070 1709 quaeritur,
1092 1625 1217 1691 frustra
1236 1647 1341 1690 unum
1362 1632 1421 1689 aut
1472 1646 1540 1689 non
1567 1625 1669 1689 semel
1695 1626 1831 1703 habere,
1860 1626 1918 1690 661
1940 1633 2010 1691 1616
2036 1627 2107 1692 vita
2127 1634 2240 1692 tenere
2269 1649 2330 1694 nos
2358 1651 2452 1713 eper-

443 1719 583 1784 alterum
611 1736 692 1798 opus
722 1713 925 1797 proferamus
932 1735 941 1791 ;
974 1709 1033 1777 sed
1058 1712 1242 1801 necessaria
1268 1718 1319 1777 est
1344 1733 1420 1795 per·
1472 1716 1528 1775 tet
1564 1711 1737 1777 Postremo
1758 1712 1955 1794 legationem
1977 1711 2018 1776 de
2041 1714 2186 1795 gratuita
2207 1736 2283 1780 eum
2305 1714 2378 1780 Dee
2399 1738 2451 1781 re-

442 1809 543 1887 66166
564 1801 644 1883 legis
662 1798 854 1863 obedientia.
890 1796 1003 1878 Quare
1024 1796 1125 1875 illam,
1149 1795 1189 1861 de
1211 1817 1276 1879 qua
1294 1797 1421 1880 loquuti
1472 1796 1698 1861 conciliatione
1724 1818 1791 1861 non
1817 1799 1852 1861 in
1878 1819 1981 1861 unum
2009 1805 2067 1862 aut
2095 1799 2234 1864 alterum
2260 1800 2349 1865 diem
2375 1823 2451 1884 pre-

344 1952 347 1961 ,
443 1909 565 1965 sumus,
583 1892 791 1968 peccaterum
808 1884 1033 1949 remissionem
1051 1903 1119 1947 nen
1136 1881 1236 1949 semel
1255 1882 1307 1967 (ut
1324 1883 1422 1948 multi
1472 1882 1630 1965 mulgeri,
1664 1882 1721 1947 sed
1752 1890 1944 1965 perpetuam
1973 1885 2009 1947 in
2041 1883 2177 1949 eeclesia
2209 1907 2280 1951 esse
2313 1892 2452 1953 testatur
2543 1890 2545 1892 ’

443 1973 560 2039 stolide
589 1971 780 2053 opinantur)
802 1968 897 2033 nobis
918 1970 953 2033 in
974 1969 1136 2034 iustitiam
1157 1969 1249 2033 Deus
1270 1969 1420 2052 imputat,
1473 1966 1508 2052 (2
1533 1968 1608 2032 Cer.
1633 1971 1662 2046 5,
1691 1969 1754 2053 18).
1809 1968 1954 2033 Proinde
1986 1989 2054 2033 non
2087 1969 2186 2034 aliam
2217 1973 2377 2037 iustitiam
2409 1974 2451 2038 ad

442 2066 482 2124 ut
501 2060 676 2140 impetrata
696 2056 892 2138 praeteritae
913 2055 1001 2120 vitae
1023 2055 1132 2132 venia,
1156 2061 1270 2136 postea
1290 2056 1327 2117 in
1347 2053 1421 2137 lege
1471 2053 1574 2117 finem
1602 2075 1704 2136 usque
1733 2055 1821 2120 vitae
1854 2054 1978 2118 habent
2006 2053 2120 2119 fideles
2147 2077 2246 2138 quam
2274 2078 2357 2140 quae
2383 2060 2451 2125 illie

330 2159 334 2169 '
441 2144 601 2209 iustitiam
616 2162 821 2224 quaeramus,
839 2139 926 2223 qued
943 2139 1028 2204 nihil
1044 2140 1421 2223 quaminspemlalsam
1473 2138 1676 2205 describitur.
1721 2140 1837 2206 Manet
1864 2140 1952 2205 enim
1982 2148 2139 2224 perpetue
2166 2141 2326 2208 mediator
2352 2143 2450 2209 Chri-

440 2228 593 2294 induetes
621 2226 742 2291 rideret
768 2246 806 2292 ac
833 2225 968 2290 luderet.
1014 2224 1127 2306 Quum
1149 2224 1238 2289 enim
1265 2226 1421 2308 perfectio
1473 2230 1560 2302 stus,
1584 2225 1641 2307 qui
1665 2232 1794 2308 patrem
1814 2225 1908 2291 nobis
1928 2227 2131 2305 reconciliet,
2159 2248 2197 2292 66
2223 2236 2380 2312 perpetua
2400 2236 2451 2294 est

441 2315 535 2380 nulla
556 2313 725 2396 obtingere
746 2312 839 2377 nobis
860 2312 963 2394 pessit
983 2310 1139 2393 quamdiu
1161 2310 1224 2376 hae
1250 2332 1349 2376 earne
1370 2313 1421 2375 in·
1473 2311 1588 2373 mertis
1620 2309 1691 2375 eius
1723 2311 1875 2376 efficacia.
1919 2311 2047 2396 Nempe
2086 2312 2224 2394 ablutio,
2265 2316 2449 2395 satisfactio,

443 2400 515 2466 duti
537 2421 660 2477 sumus,
688 2398 875 2462 laxantem
901 2404 1042 2461 mortem
1068 2417 1106 2462 ao
1132 2395 1289 2461 iudicium
1316 2397 1421 2461 omni-
1473 2396 1630 2478 expiatio,
1663 2397 1808 2480 perfecta
1838 2396 1978 2479 denique
2009 2396 2205 2478 obedientia,
2238 2420 2304 2483 qua
2330 2401 2451 2484 iniqui·

441 2485 506 2569 bus
541 2484 712 2550 denuntiet
751 2484 805 2566 qui
840 2504 906 2547 non
937 2483 1101 2566 integram
1132 2482 1293 2547 iustitiam
1324 2503 1422 2566 opere
1473 2488 1559 2545 tates
1586 2502 1699 2546 omnes
1728 2490 1859 2547 nestrae
1887 2489 2114 2567 conteguntur.
2159 2483 2229 2551 Nee
2255 2485 2381 2552 Paulus
2409 2486 2451 2552 ad

442 2571 682 2656 praestiterint,
704 2568 839 2634 habebit
859 2590 987 2651 semper
1007 2589 1071 2650 quo
1093 2588 1152 2632 nos
1174 2575 1313 2647 accuset,
1331 2589 1421 2633 reos·
1471 2566 1633 2650 Ephesios
1655 2567 1700 2650 (2,
1720 2566 1755 2651 8)
1778 2568 1865 2647 dicit,
1889 2580 1949 2633 nos
1971 2568 2103 2633 initium
2125 2570 2241 2635 salutis
2265 2571 2387 2636 habere
2408 2595 2450 2638 66

443 2678 506 2742 que
532 2663 624 2740 agat,
657 2656 721 2720 nisi
750 2661 864 2720 eontra
890 2661 1076 2719 occurreret
1096 2654 1161 2718 Dei
1189 2653 1420 2733 misericordia,
1473 2653 1594 2736 gratia,
1623 2653 1681 2717 sed
1702 2675 1762 2736 per
1783 2655 1925 2737 gratiam
1945 2655 2088 2720 salvatos
2109 2677 2194 2735 esse,
2222 2678 2290 2722 non
2311 2679 2353 2723 66
2374 2679 2450 2741 epe-

442 2764 526 2827 quae
558 2741 690 2807 assidua
727 2747 936 2823 peccaterum
967 2740 1157 2804 remissione
1189 2759 1249 2804 nes
1282 2739 1421 2805 subinde
1473 2738 1573 2816 ribus,
1595 2759 1636 2802 ne
1659 2740 1732 2820 quis
1754 2739 1919 2823 glorietur.
2227 2737 2229 2747 '

443 2827 633 2894 absolveret
670 2824 782 2907 Quare
801 2824 836 2889 id
857 2846 985 2908 semper
1006 2830 1134 2890 constat
1154 2824 1240 2906 qued
1261 2825 1421 2908 principio
1562 2826 1610 2887 12.
1655 2822 1750 2904 Quae
1775 2824 1817 2888 ad
1838 2824 2043 2890 evadendum
2064 2826 2267 2911 subterfugia
2287 2838 2451 2911 quaenmt

443 2913 600 2980 diximus:
635 2911 664 2976 si
695 2911 759 2994 ipsi
790 2932 833 2976 66
859 2918 973 2976 nostra
1004 2909 1164 2994 dignitate
1196 2911 1419 2989 aestimamur,
1473 2906 1742 2988 hieSehelastiei,
1765 2930 1821 2974 ees
1842 2931 1910 2975 nen
1931 2909 2118 2993 expediunt.
2155 2913 2268 2991 Aiunt,
2288 2932 2353 2977 nen
2367 2916 2449 2978 tanti

442 2997 600 3084 quidquid
620 2996 817 3062 meditemur
839 3003 897 3061 661
917 2996 1106 3073 moliamur,
1131 3017 1190 3060 nos
1211 3002 1323 3061 tamen
1345 3017 1421 3061 eum
1473 3015 1544 3059 esse
1565 2996 1742 3060 intrinseca
1764 2995 1923 3078 dignitate
1944 2997 2031 3061 bena
2052 3017 2152 3080 opera
2169 3004 2207 3061 ut
2227 2997 2269 3062 ad
2289 2998 2449 3064 iustitiam

442 3085 593 3151 omnibus
620 3083 742 3148 nestris
769 3081 938 3148 conatibus
960 3088 993 3147 et
1014 3080 1132 3146 studiis
1153 3087 1257 3146 morte
1284 3088 1318 3146 et
1344 3083 1422 3147 iate-
1472 3080 1726 3164 comparandam
1753 3081 1933 3161 sufficiant;
1964 3082 2021 3148 sed
2055 3083 2116 3148 hoe
2148 3085 2345 3166 acceptantis
2377 3106 2450 3150 esse

443 3172 509 3236 rita
531 3170 648 3254 dignes
669 3189 749 3233 esse.
1473 3167 1613 3250 6661166,
1642 3165 1730 3248 quod
1755 3173 1886 3231 tantum
1912 3168 2033 3235 valent
2078 3169 2222 3248 Deinde,
2250 3170 2328 3252 quia
2353 3171 2450 3235 fateri

371 3268 379 3284 ³
532 3261 580 3320 ll.
623 3254 763 3319 Duobus
790 3254 842 3319 his
868 3253 997 3318 fortiter
1022 3251 1257 3317 insistendum:
1291 3251 1421 3316 nullum
1473 3257 1638 3335 eoguntur
1658 3253 1815 3318 iustitiam
1837 3274 1974 3335 eperum
2001 3254 2055 3319 hie
2085 3275 2214 3339 semper
2235 3274 2306 3320 6666
2327 3256 2449 3338 imper·

441 3335 1420 3493 tittatttlltttttlttfflttpfltabdite?
1472 3337 2237 3504 {ttatlldtldtttttttttttt
2250 3343 2448 3492 duilli?

442 3513 498 3578 Ad
526 3513 607 3578 haee
635 3512 663 3577 si
690 3511 755 3575 tale
781 3509 913 3593 aliquod
944 3475 1040 3573 detur
1071 3508 1159 3590 qued
1186 3504 1342 3590 possibile
1361 3508 1420 3573 ho-
1473 3507 1531 3572 sed
1549 3507 1667 3573 delieta
1683 3444 2040 3592 quaegiiemrhittuntur,
2063 3446 2216 3594 epepribus
2236 3449 2448 3597 supbieroge'

442 3599 526 3663 mini
547 3619 613 3663 non
635 3603 698 3676 est,
726 3596 868 3679 peccatis
889 3602 1017 3673 tamen,
1052 3592 1170 3677 quibus
1191 3592 1339 3659 laborare
1362 3614 1420 3657 an·
1472 3594 1570 3658 tionis
1592 3595 1804 3676 compensari.
1846 3594 2082 3676 Acceptantem
2103 3598 2191 3660 enim
2213 3619 2311 3680 quarn
2332 3606 2450 3665 vocant

442 3689 548 3748 torem
574 3685 684 3766 ipsum
708 3689 836 3747 eertum
862 3688 927 3759 est,
963 3679 1117 3744 vitiatum
1146 3699 1184 3743 ae
1212 3679 1421 3762 inquinatum
1473 3680 1624 3762 gratiam,
1649 3700 1717 3743 nen
1739 3680 1838 3744 aliam
1860 3700 1930 3745 6666
1951 3681 2131 3763 respondeo
2152 3704 2250 3764 quarn
2272 3685 2450 3767 gratuitam

503 3770 584 3833 tiam
607 3767 753 3852 perdere.
797 3767 907 3849 Atque
929 3766 983 3830 hie
1007 3764 1202 3848 praecipuus
1222 3770 1273 3828 661
1289 3770 1421 3829 nestrae
1473 3764 1543 3829 eius
1574 3765 1768 3845 bonitatem,
1804 3787 1868 3848 qua
1899 3787 1959 3831 nos
1991 3768 2025 3830 in
2058 3765 2191 3832 Christe
2223 3770 2450 3852 complectitur

495 3854 673 3935 putationis
690 3852 797 3918 carde.
841 3852 929 3917 Nam
947 3848 987 3915 de
1004 3850 1164 3934 principie
1181 3850 1421 3915 iustificationis
1473 3855 1578 3932 pater:
1608 3848 1687 3913 dum
1713 3852 1901 3916 innocentia
1921 3850 2047 3917 Christi
2075 3874 2135 3917 666
2164 3853 2285 3932 161611,
2314 3877 2450 3938 eamque

444 3938 528 4002 nihil
549 3940 637 4002 inter
663 3959 723 4004 nes
745 3946 780 4002 et
800 3933 1186 4002 saniores-Scholastieos
1207 3955 1338 4018 pugnae
1360 3941 1419 4013 est,
1472 3935 1536 3999 fert
1562 3934 1653 3999 nobis
1675 3944 1855 4019 acceptam,
1883 3944 1922 4001 ut
1949 3939 2020 4003 eius
2047 3939 2203 4004 beneficio
2230 3962 2290 4024 pro
2318 3943 2448 4020 sanetis,

443 4024 523 4106 quin
543 4029 692 4106 peccator
714 4023 856 4106 gratuite
877 4043 898 4086 a
916 4021 1125 4086 damnatione
1146 4021 1304 4086 liberatus
1325 4021 1420 4085 iusti-
1472 4021 1564 4102 puris
1591 4028 1625 4084 et
1653 4022 1881 4088 innocentibus
1907 4043 1968 4087 nes
1997 4024 2125 4090 habeat
2169 4026 2335 4090 Iustitiam
2362 4029 2449 4091 enim

443 4109 525 4173 tiam
547 4107 705 4185 obtineat,
733 4107 832 4190 idque
856 4129 917 4195 per
945 4107 1172 4171 remissionem
1197 4113 1420 4190 peccaterum3
1473 4104 1598 4171 Christi
1615 4106 1713 4192 (quae
1735 4115 1774 4173 ut
1793 4129 1861 4173 una
1881 4110 2026 4192 perfecta
2048 4118 2107 4188 est,
2130 4112 2177 4174 ita
2197 4111 2267 4176 sela
2283 4110 2348 4174 Dei
2370 4132 2447 4175 eon-

442 4195 507 4261 nisi
539 4192 625 4278 quod
656 4193 705 4258 illi
737 4194 798 4258 sub
830 4191 987 4258 vocabule
1016 4192 1254 4258 iustificationis
1281 4213 1420 4258 renova·
1472 4198 1621 4275 spectum
1638 4195 1798 4259 sustinere
1820 4194 1942 4280 petest)
1963 4216 2024 4278 pro
2043 4197 2137 4261 nobis
2159 4196 2230 4261 sisti
2250 4202 2386 4278 eportet,
2409 4215 2447 4258 ac

379 4355 387 4363 ,
443 4281 567 4346 tionem
593 4278 889 4363 comprehendunt,
919 4297 984 4360 qua
1009 4297 1070 4359 per
1096 4279 1249 4360 spiritum
1275 4277 1341 4343 Dei
1367 4299 1420 4343 re·
1471 4278 1592 4343 iudicio
1612 4282 1851 4362 repraesentari
1872 4280 1965 4345 velut
1984 4303 2180 4363 sponsorem.
2218 4281 2292 4346 Hae
2313 4300 2373 4344 nos
2394 4280 2446 4342 in·

443 4366 625 4432 formamur
662 4366 700 4429 in
736 4364 820 4448 legis
858 4361 1084 4428 obedientiam.
1137 4363 1303 4428 Iustitiam
1342 4384 1420 4428 vere
1472 4364 1588 4427 structi
1621 4365 1788 4431 assiduam
1820 4373 2026 4448 peecatorum
2059 4367 2285 4430 remissionem
2316 4367 2351 4429 in
2382 4362 2447 4428 fide

442 4451 586 4518 heminis
613 4451 797 4535 regenerati
825 4450 871 4513 sie
899 4447 1094 4527 describunt,
1122 4448 1209 4533 qued
1237 4450 1335 4514 home
1360 4470 1420 4532 per
1472 4447 1665 4515 obtinemus.
1709 4452 1819 4516 Huius
1852 4453 1996 4534 puritate
2024 4450 2150 4516 velatae
2177 4457 2307 4514 nostrae
2335 4449 2447 4514 sordes

414 4550 418 4554 ’
443 4536 568 4603 Christi
589 4536 690 4602 fidem
710 4535 784 4601 Dee
806 4534 908 4599 semel
929 4533 1171 4613 reconciliatus,
1198 4535 1292 4600 bonis
1313 4536 1420 4618 operi·
1473 4541 1507 4598 ct
1526 4535 1807 4618 imperfectionum
1824 4536 2052 4602 immunditiae
2068 4556 2133 4599 nen
2151 4537 2366 4617 imputantur,
2389 4534 2447 4600 sed

442 4623 504 4688 bus
525 4624 632 4689 iustus
654 4627 828 4688 censeatur
849 4618 936 4703 apud
955 4618 1080 4699 Deum,
1114 4628 1147 4684 61
1168 4641 1282 4685 eorum
1304 4621 1420 4686 merite
1472 4621 1565 4686 velut
1585 4641 1620 4686 66
1643 4622 1731 4687 ultae
1752 4628 1983 4704 contegimtur,
2006 4641 2048 4684 ne
2068 4622 2103 4684 in
2124 4620 2283 4685 iudicium
2303 4621 2369 4685 Dei
2389 4642 2446 4686 ve-

443 4709 486 4807 611
518 4715 679 4792 acceptus.
735 4707 863 4806 Verum
893 4704 1058 4806 Dominus
1090 4713 1218 4785 eontra,
1237 4727 1288 4806 'se
1319 4706 1421 4770 fidem
1472 4706 1581 4785 niant;
1632 4728 1711 4772 enee
1739 4707 1820 4805 hera
1845 4705 2011 4802 adveniat,
2039 4726 2103 4803 qua
2130 4707 2275 4805 66616616
2296 4708 2332 4771 16
2353 4705 2447 4806 nobis

442 4791 1419 4961 tltttdlttlpt.litteratim-fitz:
1472 4790 2447 4960 111111111111111’11111111

444 4962 502 5027 sed
530 4984 630 5045 quum
658 4963 772 5030 multis
799 4965 866 5029 iam
892 4963 988 5027 annis
1008 4962 1096 5026 vitae
1118 4964 1291 5027 sanctitate
1313 4962 1420 5027 excel·
1472 4960 1529 5025 ubi
1551 4960 1636 5025 diem
1657 4960 1795 5024 Domini
1816 4967 2050 5044 exspectemus,
2074 4982 2138 5046 quo
2159 4964 2195 5027 in
2217 4964 2355 5046 gloriam
2376 4983 2446 5027 cee-

443 5046 567 5112 lnisset.
604 5049 672 5113 Diu
689 5070 766 5133 erge
788 5050 935 5115 coluerat
952 5046 1123 5112 Abraham
1143 5048 1254 5113 Deum
1274 5069 1316 5112 66
1337 5068 1420 5130 puro
1471 5046 1562 5111 lestis
1584 5047 1692 5129 regni,
1722 5048 1863 5129 receptis
1889 5048 2084 5131 incorruptis
2106 5050 2309 5133 cerporibus,
2339 5057 2447 5113 trans·

443 5133 556 5213 eorde,
587 5139 619 5197 61
649 5154 721 5198 eam
746 5135 828 5218 legis
856 5133 1075 5199 obedientiam
1100 5134 1309 5216 praestiterat
1337 5153 1420 5215 quae
1472 5132 1625 5196 feramur.

444 5221 485 5287 ab
519 5219 651 5284 homine
678 5221 807 5284 mortali
837 5220 998 5302 praestari
1030 5225 1150 5302 potest;
1182 5218 1282 5283 habet
1307 5224 1420 5284 tamen
1560 5220 1607 5281 13.
1651 5217 1745 5283 Haec
1762 5220 1790 5284 si
1807 5241 1887 5285 vera
1902 5227 1988 5300 sunt,
2007 5221 2100 5286 66116
2116 5228 2203 5287 certe
2221 5227 2333 5285 nestra
2349 5239 2447 5299 opera

444 5306 551 5372 adhue
569 5305 745 5387 repositam
762 5307 798 5369 in
813 5305 878 5370 fide
895 5305 1062 5369 iustitiam.
1107 5303 1204 5369 Unde
1226 5303 1418 5386 colligimus,
1471 5322 1531 5367 nos
1549 5323 1591 5367 66
1607 5324 1642 5367 66
1658 5303 1730 5368 Ι)66
1748 5314 1896 5389 acceptes
1913 5308 2138 5391 gratiosesque
2155 5304 2291 5370 reddere
2308 5310 2446 5385 queunt3

443 5391 624 5458 seeundum
644 5390 742 5456 Pauli
769 5390 1064 5468 ratiocinationem,
1094 5409 1163 5452 nen
1189 5410 1231 5454 66
1257 5388 1418 5472 operibus.
1471 5409 1510 5453 ae
1537 5410 1580 5453 ne
1607 5390 1679 5472 ipsa
1710 5389 1842 5473 quidem
1873 5392 2015 5476 placere,
2048 5394 2113 5457 nisi
2145 5399 2306 5474 quatenus
2338 5388 2445 5467 homo,

444 5475 605 5542 Similiter
625 5498 727 5560 quum
745 5476 834 5560 apud
854 5475 1049 5560 prophetam
1067 5475 1167 5559 (Η66
1188 5479 1216 5554 2,
1236 5474 1271 5558 4)
1289 5474 1418 5553 dieitur,
1470 5474 1596 5539 institia
1612 5475 1737 5541 Christi
1755 5485 1898 5560 opertus,
1920 5477 1994 5543 Dee
2010 5477 2126 5561 placet,
2149 5482 2182 5540 61
2199 5475 2353 5540 vitiorum
2370 5496 2446 5539 sue·

444 5562 550 5628 iustus
571 5585 614 5628 66
635 5562 700 5628 fide
722 5563 824 5628 vivet:
853 5582 920 5628 nen
946 5560 987 5625 de
1006 5561 1118 5644 impiis
1140 5568 1173 5626 et
1193 5561 1338 5645 profanis
1359 5561 1420 5625 ha·
1470 5581 1546 5625 rum
1567 5561 1793 5628 remissionem
1814 5565 1946 5629 obtinet.
1991 5564 2065 5629 Noa
2085 5563 2168 5628 caim
2186 5561 2278 5637 certis
2303 5561 2446 5641 operere

444 5647 683 5727 betur'serme,
712 5670 792 5731 ques
813 5646 976 5713 Dominus
1004 5645 1046 5711 ad
1073 5645 1172 5712 fidem
1200 5644 1420 5714 convertendo
1467 5647 1616 5728 pense
1637 5643 1726 5713 Deua
1744 5650 1826 5714 vitae
1846 5648 2027 5728 meretricia,
2049 5648 2104 5714 scd
2123 5650 2245 5713 tantem
2261 5648 2447 5727 6666666161
