5600 6809
439 742 501 804 ue
976 827 982 837 ,
1085 732 1352 803 mammo
1373 734 1479 802 aaa.
1502 730 1684 800 ormam
1710 737 1802 799 1559.
2384 742 2452 805 ree

438 924 617 993 Contendit
638 944 716 1008 orgo
737 923 821 990 nihil
845 925 1006 1009 evangelii
1027 925 1209 991 ministerio
1227 925 1262 989 in
1280 923 1417 991 ecelesia
1468 922 1573 987 officio
1600 928 1711 988 tamen
1738 921 1881 1005 proximi
1901 930 2012 1004 erant,
2040 924 2185 1008 adeoquo
2212 925 2301 991 vices
2329 945 2450 992 corum

437 1012 542 1095 magis
563 1009 767 1093 praeclarum
789 1019 847 1075 aut
868 1010 1048 1096 gloriosum
1065 1032 1145 1089 esse,
1169 1032 1270 1093 quum
1292 1009 1336 1075 sit
1357 1008 1416 1074 ad·
1467 1005 1634 1091 gerebant
1678 1005 1802 1088 Quales
1823 1009 1957 1074 fuerunt
1977 1011 2101 1089 Lucas,
2125 1011 2327 1088 Timotheus,
2350 1012 2448 1079 'litus

304 1102 306 1106 ’
436 1096 634 1163 ministratio
664 1095 800 1179 spiritus
828 1104 863 1161 et
889 1098 1034 1163 iustitiae
1066 1103 1101 1162 et
1131 1097 1219 1162 vitae
1252 1103 1413 1161 aeternae.
1468 1102 1502 1158 ιι
1534 1092 1650 1176 reliqui
1683 1093 1822 1173 similes;
1855 1116 1893 1160 ao
1925 1095 2073 1162 fortassis
2104 1097 2204 1161 etiarn
2236 1098 2450 1181 septuaginta

436 1182 530 1250 Haeo
559 1190 593 1247 ιι
619 1181 739 1247 similia
765 1202 804 1248 eo
833 1184 999 1265 pertinent
1027 1203 1069 1247 ne
1096 1181 1154 1246 illa
1181 1181 1415 1266 gubernandae
1467 1177 1633 1261 discipuli,
1661 1199 1742 1261 quos
1770 1179 1913 1246 secundo
1941 1179 1982 1246 ab
2010 1182 2164 1265 apostolis
2192 1182 2263 1248 loco
2292 1181 2449 1250 Christus

437 1289 475 1334 ac
502 1266 695 1333 retinendae
723 1288 783 1350 per
810 1269 976 1332 ministros
1004 1267 1159 1333 ecclesiae
1188 1267 1286 1346 ratio,
1316 1289 1414 1350 quam
1467 1262 1659 1347 designavit
1703 1263 1893 1334 Secundum
1915 1266 2000 1334 hano
2021 1268 2338 1352 interpretationem,
2360 1289 2448 1352 quae

436 1351 603 1420 Dominus
624 1354 659 1419 in
681 1361 875 1438 perpetuum
896 1354 1048 1432 sancivit,
1078 1353 1165 1436 apud
1187 1374 1247 1418 nos
1269 1353 1413 1433 vilescat,
1466 1351 1549 1414 mihi
1579 1357 1612 1415 et
1638 1348 1747 1415 verbis
1776 1359 1809 1416 et
1831 1353 2014 1418 sentcntiae
2035 1353 2131 1419 Pauli
2155 1360 2372 1418 consentanea
2393 1356 2448 1420 vi·

437 1462 476 1507 ac
498 1441 569 1523 ipso
592 1439 725 1504 tandem
747 1446 935 1522 contemptu
957 1438 1144 1504 obsolescat
1179 1440 1320 1504 Accius
1342 1439 1414 1521 qui-
1467 1435 1578 1513 detur,
1608 1444 1675 1501 tres
1701 1435 1778 1502 illae
1804 1436 1989 1504 functiones
2014 1459 2082 1505 non
2109 1439 2182 1504 ideo
2209 1441 2379 1505 institutae
2408 1442 2448 1505 in

437 1524 514 1591 dem
541 1526 718 1591 necessitas
745 1533 869 1606 quanta
897 1526 956 1602 sit,
990 1546 1058 1590 non
1089 1524 1199 1590 verbis
1230 1524 1327 1590 modo
1356 1524 1414 1590 sed
1467 1521 1603 1588 ecclesia
1619 1521 1756 1586 fuerunt
1772 1531 1811 1586 ιιι
1827 1531 2003 1606 perpetuae
2020 1525 2136 1604 forent,
2156 1524 2213 1591 sod
2233 1524 2276 1590 ad
2294 1524 2329 1588 id
2346 1525 2447 1591 modo

437 1611 597 1694 exemplis
620 1630 746 1694 quoque
768 1608 955 1676 declaravit
988 1609 1142 1675 Cornelio
1163 1632 1265 1693 quum
1286 1610 1415 1693 plenius
1466 1614 1597 1690 tempus
1625 1628 1689 1690 quo
1722 1607 1896 1756 erifandac
1928 1621 2023 1674 erant
2053 1610 2209 1677 ecclesiae
2241 1609 2298 1676 ubi
2331 1611 2447 1678 nullae

437 1697 597 1782 affulgere
607 1695 706 1762 vellet
723 1694 870 1760 veritatis
888 1716 966 1760 suae
983 1696 1064 1775 luce,
1073 1698 1098 1774 ¹)
1116 1695 1270 1780 angelum
1288 1718 1307 1761 e
1325 1696 1414 1761 coelo
1466 1701 1543 1757 ante
1563 1693 1707 1772 fuerant,
1731 1714 1772 1758 ve
1806 1702 1895 1759 certe
1916 1717 1937 1760 a
1956 1696 2050 1770 Mose
2072 1695 2115 1762 ad
2136 1696 2309 1762 Christum
2331 1696 2447 1763 aedu-

437 1784 529 1848 misit
549 1782 604 1867 qui
621 1780 662 1846 ad
680 1783 793 1863 eum2)
810 1782 950 1845 Petrum
967 1781 1159 1847 amandaret
1178 1780 1266 1866 (Act
1300 1787 1348 1860 10,
1369 1781 1413 1865 3).
1466 1777 1597 1844 cendae.
1635 1776 1833 1860 Quanquam
1854 1800 1922 1845 non
1943 1802 2026 1865 nego
2047 1782 2127 1865 quin
2149 1781 2311 1865 apostolos
2331 1790 2448 1865 postea

436 1868 580 1935 Paulum
608 1887 708 1950 quum
736 1865 779 1930 ad
805 1866 956 1931 notitiam
984 1869 1035 1933 sui
1057 1887 1173 1933 vocare
1196 1888 1234 1933 ac
1254 1869 1290 1932 in
1312 1867 1415 1933 accle-
1466 1884 1602 1947 quoque,
1622 1864 1675 1929 vel
1692 1863 1808 1929 saltem
1825 1887 1939 1930 eorum
1955 1866 2026 1932 loco
2043 1868 2261 1952 evangelistas
2278 1866 2447 1934 interdum

436 1955 520 2020 siam
540 1953 685 2018 inserere
705 1951 820 2029 vellet,
848 1974 914 2016 non
936 1975 996 2018 sua
1016 1954 1119 2036 ipsius
1140 1973 1218 2018 voce
1239 1953 1415 2037 alloquitur
1467 1949 1619 2014 excitarit
1634 1948 1738 2028 Deus,
1760 1959 1797 2014 ut
1818 1960 1929 2017 nostro
1949 1961 2095 2037 tempore
2116 1954 2240 2018 factum
2262 1963 2319 2019 est
2354 1954 2446 2020 'Pali-

436 2039 525 2122 (Act.
541 2037 617 2124 9,6),
637 2035 695 2103 sed
712 2035 754 2102 a'd
772 2037 938 2103 hominem
959 2039 1099 2102 remittit
1119 2060 1140 2103 a
1160 2060 1223 2121 quo
1245 2048 1278 2104 et
1299 2039 1415 2104 saluus
1467 2034 1527 2100 bus
1560 2035 1648 2099 enirn
1681 2037 1737 2118 qui
1769 2037 1940 2102 ecelesiam
1972 2036 2013 2104 ab
2046 2039 2232 2104 antichristi
2264 2038 2446 2106 defectione

435 2124 618 2191 docuinam
639 2132 674 2188 ct
694 2120 847 2206 baptismi
867 2123 1158 2190 sanctificationem
1177 2126 1343 2208 percipiat
1376 2123 1415 2190 si
1466 2120 1661 2187 reducerent
1688 2141 1769 2204 opus
1799 2122 1869 2186 fuit
1925 2124 2051 2191 Munus
2079 2135 2191 2190 tamen
2219 2126 2328 2208 ipsum
2354 2125 2445 2190 nihi·

435 2232 503 2277 non
524 2218 647 2275 temore
668 2209 708 2274 fit
728 2207 817 2293 quod
838 2209 984 2292 angelus,
1007 2211 1062 2293 qui
1085 2208 1150 2275 Dei
1172 2219 1223 2276 cst
1242 2211 1413 2293 interpres,
1465 2206 1608 2272 lominus
1635 2207 1933 2273 extraordinarium
1963 2210 2105 2294 appello,
2137 2211 2215 2294 quia
2234 2210 2271 2274 in
2299 2210 2445 2278 ecclesiis
2483 2248 2485 2252 ·

434 2296 477 2362 ab
499 2294 685 2360 enarranda
701 2294 767 2360 Dei
788 2294 959 2360 voluntate
980 2296 1050 2378 ipse
1072 2296 1222 2375 abstinet,
1246 2296 1414 2362 hominem
1466 2293 1529 2356 rite
1551 2293 1734 2358 constitutis
1755 2293 1861 2359 locum
1884 2295 2081 2362 nonhabet
2120 2294 2312 2380 Sequuntur
2333 2307 2444 2381 pasto-

421 2395 515 2448 ‘vero
535 2381 626 2447 iubet
642 2379 795 2446 accersiri
811 2380 869 2462 qui
887 2388 1123 2461 eam·enarret;
1145 2381 1233 2464 quod
1250 2381 1413 2460 Christus,
1466 2399 1519 2443 res
1542 2399 1580 2444 ac
1602 2378 1764 2458 doctores,
1796 2379 1915 2463 quibus
1936 2402 2047 2448 carere
2069 2403 2241 2466 nunquam
2261 2390 2369 2465 potest
2391 2404 2445 2450 oo·

434 2468 553 2532 unicus
579 2465 727 2531 fidelium
753 2467 925 2550 magister,
954 2465 1097 2532 hominis
1115 2469 1304 2551 magisterio
1325 2468 1414 2533 Pau·
1466 2463 1579 2544 elesia;
1614 2465 1701 2528 inter
1729 2485 1810 2547 qnos
1831 2464 1893 2531 hoc
1921 2466 2120 2533 discriminis
2146 2488 2218 2533 esse
2244 2467 2445 2619 potqffl

434 2552 506 2618 lum
535 2552 724 2632 committit,
752 2562 786 2616 ιι
804 2552 948 2616 Paulum
975 2552 1070 2617 illum
1096 2575 1194 2635 quem
1221 2555 1255 2617 in
1278 2554 1414 2618 tertium
1467 2549 1617 2615 doctores
1637 2572 1698 2616 nec
1720 2549 1925 2634 disciplinae,
1953 2574 2015 2619 nec
2036 2560 2317 2619 sacramentorum
2418 2555 2444 2604 ‘-

435 2638 565 2705 coelum
590 2657 706 2720 rapere
735 2646 769 2703 et
790 2637 929 2702 mirifica
948 2659 1063 2702 rorum
1083 2639 1299 2705 ineffabilium
1320 2661 1414 2704 reve-
1466 2634 1673 2715 nistratioui,
1712 2657 1774 2701 nec
1805 2638 2038 2705 monitionibus
2071 2648 2129 2704 aut
2160 2638 2445 2706 exhortationibus

435 2723 559 2789 latione
581 2722 711 2807 dignari
734 2723 960 2789 constituerat:
988 2724 1061 2807 quis
1089 2746 1178 2790 nunc
1206 2732 1415 2791 contemnere
1466 2728 1638 2804 praesunt,
1666 2719 1724 2787 sed
1745 2720 1809 2788 sori
1832 2731 1925 2788 turae
1946 2732 2077 2790 tantum
2096 2725 2377 2808 interpretationi,
2407 2732 2447 2791 ιιι

436 2809 657 2875 ministerium
688 2808 770 2874 illud
796 2807 928 2887 audeat,
962 2809 1015 2875 vel
1047 2811 1140 2893 quasi
1173 2831 1415 2892 supervacuum
1467 2807 1595 2872 sincera
1626 2827 1771 2890 sanaque
1803 2743 1952 2875 doctrina
1982 2810 2071 2876 inter
2102 2808 2215 2881 fideles
2251 2811 2444 2876 retineatur.

435 2896 631 2980 praeterire,
661 2896 753 2960 cuius
774 2916 872 2960 usum
893 2894 1014 2960 talibus
1036 2894 1237 2962 documentis
1259 2903 1415 2962 testatum
1466 2891 1637 2957 Pastorale
1666 2901 1778 2957 autem
1798 2914 1920 2959 munus
1941 2895 2023 2963 haec
2044 2897 2154 2962 omnia
2173 2897 2210 2961 in
2230 2916 2266 2961 se
2286 2897 2442 2961 continet

436 2981 543 3048 facere
563 2981 657 3046 Deus
679 2979 803 3045 voluit?
1091 3064 1094 3068 Ι
1554 2984 1582 3042 5.
1627 2976 1798 3044 Habemus
1823 3000 1906 3062 quae
1933 2982 1970 3046 in
1997 2983 2151 3049 ecclesiae
2177 2982 2335 3066 regimine
2356 2990 2443 3046 tem·

523 3072 552 3130 4.
586 3063 655 3146 Qui
671 3066 826 3131 ecclcsiae
843 3065 996 3150 regimini
1018 3066 1198 3134 secundum
1216 3065 1342 3132 Christi
1363 3068 1414 3131 in-
1466 3063 1597 3146 poraria
1617 3064 1800 3130 ministeria
1820 3066 1958 3147 fierint,
1982 3075 2016 3133 et
2036 3088 2120 3152 quae
2140 3067 2213 3133 ideo
2234 3067 2383 3132 instituta
2403 3076 2445 3131 nt

436 3152 641 3220 stitutionem
668 3159 839 3235 praesunt,
866 3153 1079 3240 nominantur
1102 3175 1122 3218 a
1142 3153 1247 3218 Paulo
1269 3154 1414 3237 primum
1465 3158 1624 3247 perpetuo
1664 3149 1792 3215 durent
1848 3149 1945 3232 Quod
1977 3154 2006 3220 si
2038 3153 2256 3238 evangelistas
2288 3152 2445 3236 apostolis

435 3236 583 3321 apostoli,
602 3236 719 3302 deinde
732 3236 922 3322 prophetae,
936 3238 1033 3303 tertio
1047 3237 1276 3322 evangelistae,
1295 3247 1414 3322 quarto
1466 3255 1658 3320 iungamus,
1686 3236 1858 3302 restabunt
1882 3239 1977 3305 nobis
2004 3238 2069 3305 duo
2091 3239 2185 3323 paria
2205 3234 2444 3323 quodammodo

435 3332 592 3411 pastores,
638 3329 778 3388 ostremo
796 3322 953 3388 doctores.
987 3325 1042 3388 le
1059 3323 1176 3407 quibus
1198 3322 1262 3390 duo
1284 3333 1415 3390 tantum
1466 3321 1553 3386 inter
1570 3343 1605 3387 ιι
1621 3320 1854 3405 respondentia
1873 3323 1970 3409 (Luc.
1992 3330 2021 3406 6,
2042 3329 2095 3406 1³;
2115 3323 2190 3391 Gal
2216 3330 2240 3405 l,
2262 3324 2305 3411 1).
2334 3323 2445 3405 Quam

435 3408 545 3475 ultimi
566 3345 769 3474 ordinm-ium
795 3409 832 3473 in
858 3409 994 3475 ecclesia
1020 3431 1142 3475 munus
1169 3410 1306 3491 habent;
1334 3411 1415 3477 alios
1466 3408 1554 3472 enim
1581 3407 1830 3473 similitudinem
1850 3408 1974 3476 habent
1995 3411 2099 3477 nostri
2121 3410 2267 3485 doctores
2289 3431 2365 3476 cum
2387 3432 2443 3476 ve-

435 3503 504 3562 tres
525 3495 619 3560 initio
647 3495 743 3579 regni
764 3496 817 3559 sui
836 3495 1002 3560 Dominus
1024 3495 1192 3572 excitavit,
1221 3503 1255 3561 et
1280 3497 1416 3563 suscitat
1466 3494 1592 3558 teribus
1615 3515 1675 3578 pro
1698 3493 1794 3574 hetis,
1817 3515 1890 3561 eam
1913 3496 2036 3563 habent
2057 3519 2133 3563 cum
2156 3495 2309 3581 apostolis
2333 3505 2442 3579 pasto-

435 3582 535 3648 atiam
552 3579 728 3659 interdum,
751 3588 849 3663 prout
865 3589 1051 3665 temporum
1067 3582 1244 3648 necessitas
1260 3582 1413 3665 postulat.
1466 3598 1528 3645 res
1572 3580 1664 3646 Exce
1690 3581 1798 3646 entius
1819 3581 1882 3646 fuit
1901 3583 2130 3666 propheticum
2150 3604 2287 3662 munus,
2310 3589 2443 3666 propter

436 3664 532 3748 Quae
553 3667 597 3732 sit
618 3665 793 3751 apostolica
813 3666 938 3732 functio
960 3688 1001 3732 ex
1022 3667 1178 3733 mandato
1195 3667 1254 3733 illo
1270 3676 1413 3734 constat:
1466 3664 1634 3750 singulare
1671 3665 1880 3732 revelationis
1912 3667 2036 3734 donum
2066 3690 2129 3753 quo
2160 3668 2346 3752 pollebant;
2386 3667 2444 3734 ssd

434 3751 501 3831 ite,
553 3751 716 3818 raedicate
745 3751 953 3835 evangelium
981 3753 1071 3817 omni
1098 3760 1268 3820 creaturae
1296 3753 1414 3837 (Marc.
1467 3750 1637 3816 doctorum
1663 3752 1806 3818 officium
1832 3753 1973 3819 similem
1999 3755 2067 3821 fero
2092 3754 2254 3820 rationem
2284 3763 2318 3819 et
2338 3775 2445 3820 unum

438 3773 567 3922 ¹b1⁵b
596 3837 672 3903 Non
693 3835 919 3903 attribuuntur
939 3837 1005 3906 illis
1027 3839 1109 3927 certi
1130 3840 1227 3919 fines;
1248 3837 1307 3906 sed
1328 3848 1415 3907 totus
1466 3856 1601 3920 prorsus
1622 3838 1723 3902 finem
1740 3837 1848 3904 habet
1882 3840 1936 3905 Ita
1957 3838 2127 3906 duodecim
2147 3840 2206 3920 illi,
2228 3861 2309 3923 quos
2326 3838 2444 3906 Domi·

434 3920 524 3989 orbis
546 3924 733 4007 assignatur
753 3922 950 4008 redigendus
971 3925 1008 3989 in
1030 3924 1249 3992 obedientiam
1271 3925 1413 3992 Christi:
1466 3944 1529 3987 nus
1557 3923 1655 4008 elegit
1681 3934 1720 3987 ut
1746 3943 1867 3989 novam
1892 3925 2053 4011 evangelii
2074 3925 2351 4010 praedicationem
2372 3926 2443 3992 orbi

436 4015 475 4075 ut
507 4007 716 4093 evangelium
748 4010 933 4094 ubicunque
960 4011 1109 4095 gentium
1139 4019 1296 4094 poterunt
1322 4033 1414 4094 spar-
1465 4010 1728 4092 promulgarent,
1756 4008 1870 4074 ordine
1892 4017 1926 4075 et
1947 4010 2109 4096 dignitate
2129 4019 2275 4079 caeteros
2295 4019 2443 4079 anteces-

434 4093 542 4180 gcndo
560 4115 700 4179 regnum
717 4096 786 4162 eius
804 4094 925 4179 ubique
942 4097 1080 4181 erigant
1114 4098 1258 4163 Proinde
1275 4098 1412 4178 Paulus,
1466 4102 1588 4159 serunt.
1634 4094 1780 4159 Tametsi
1807 4095 1897 4161 enim
1924 4119 1967 4162 ex
1993 4099 2120 4164 ratione
2148 4107 2181 4164 ot
2209 4107 2320 4182 etymo
2349 4098 2444 4164 verbi

434 4200 537 4264 quum
565 4202 662 4246 suum
689 4180 906 4265 apostolatum
933 4183 1114 4268 approbare
1140 4183 1253 4262 vellet,
1281 4204 1317 4249 ιι
1344 4204 1413 4248 non
1465 4181 1527 4245 rite
1554 4180 1692 4263 apostoli
1720 4189 1858 4264 possunt
1885 4184 1996 4250 vocari
2023 4205 2138 4250 omnes
2165 4183 2309 4249 ministri
2338 4185 2443 4250 cccle-

431 4287 536 4332 unam
554 4265 695 4349 aliquam
712 4268 828 4333 urbem
846 4264 979 4333 Christo
997 4269 1217 4351 acquisivisse,
1240 4269 1298 4336 sed
1314 4269 1412 4354 longe
1464 4266 1599 4345 siastici,
1634 4266 1712 4348 quia
1739 4289 1758 4332 a
1785 4268 1930 4333 Domino
1956 4290 2071 4336 omnes
2096 4271 2275 4334 mittuntur
2304 4268 2442 4350 eiusque

433 4350 564 4436 lateque
591 4373 788 4438 propagasse
810 4353 1020 4438 evangelium
1039 4363 1273 4421 commemorat
1300 4354 1410 4439 (Rom.
1463 4362 1541 4416 sunt
1567 4353 1692 4432 ιιιιιιιιὶ,
1722 4354 1799 4437 quia
1825 4363 1938 4419 tamen
1967 4357 2081 4440 magni
2107 4356 2282 4432 referebat,
2313 4363 2441 4420 certam

402 4451 414 4480 ι’
437 4440 491 4516 15,
518 4441 566 4502 19.
591 4438 663 4523 20);
696 4459 802 4522 neque
829 4439 943 4504 alienis
971 4438 1194 4506 fundamentis
1221 4441 1412 4526 apposuisse
1463 4436 1577 4503 haberi
1595 4437 1636 4504 de
1654 4460 1769 4504 eorum
1789 4439 1944 4505 missione
1965 4440 2125 4520 notitiam,
2148 4441 2203 4523 qui
2225 4459 2296 4503 rem
2316 4460 2441 4506 novam

433 4544 568 4605 manus,
602 4524 660 4590 scd
686 4525 743 4590 ubi
769 4524 955 4590 inauditum
982 4526 1091 4591 luerat
1117 4525 1255 4591 Domini
1281 4548 1410 4606 nomen,
1463 4532 1497 4589 et
1517 4523 1701 4590 inauditam
1723 4526 1892 4604 afferrent,
1915 4525 2085 4593 duodecim
2106 4525 2179 4590 illos
2201 4525 2356 4611 (qnorum
2376 4549 2440 4592 nu-

433 4609 587 4675 ecolesias
640 4610 793 4676 iantasse.
836 4611 933 4677 Missi
964 4632 1042 4695 ergo
1074 4618 1153 4677 sunt
1186 4612 1323 4695 apostoli
1355 4613 1412 4696 qui
1462 4631 1552 4675 mero
1581 4620 1694 4696 postea
1722 4611 1857 4676 accessit
1883 4611 2024 4698 Paulus)
2054 4610 2211 4695 peculiari
2238 4611 2334 4675 titulo
2362 4623 2440 4679 auto

433 4695 588 4761 orbema
615 4631 794 4762 defectione
822 4696 857 4761 in
884 4717 998 4763 veram
1019 4695 1085 4762 Dei
1110 4696 1332 4763 obedientiam
1358 4718 1411 4763 ra·
1462 4695 1544 4762 alios
1565 4696 1718 4782 insigniri
1743 4695 1895 4780 oportuit
1933 4697 2007 4764 Hoc
2025 4718 2147 4764 nomen
2167 4695 2286 4764 tribuit
2305 4696 2440 4781 quidem

434 4777 605 4860 ducerent,
634 4803 836 4865 regnumque
865 4783 934 4847 eius
956 4783 1075 4865 ubique
1097 4784 1259 4867 evangelii
1280 4782 1411 4867 praedi·
1463 4783 1583 4849 alicubi
1610 4783 1719 4868 (Rom.
1745 4786 1793 4861 16,
1818 4784 1852 4866 7)
1878 4782 2005 4849 Paulus
2025 4784 2095 4867 ipse
2116 4782 2305 4849 Andronico
2327 4792 2362 4849 ct
2381 4784 2439 4849 Iu·

434 4867 561 4930 catione
584 4861 832 4947 cdnstituerent3
866 4867 935 4947 vel,
965 4868 994 4933 si
1021 4869 1140 4948 mavis,
1170 4870 1226 4952 qui
1251 4875 1411 4951 tanquam
1463 4868 1555 4948 niae,
1578 4888 1659 4950 quos
1680 4867 1760 4934 dicit
1780 4867 1881 4932 fuisse
1902 4869 2050 4951 insignes
2070 4870 2158 4933 inter
2180 4870 2358 4954 apostolos,
2381 4870 2439 4936 sad

433 4949 533 5032 primi
554 4950 708 5017 ecclesiae
737 4952 921 5032 architecti,
950 4954 1021 5018 eius
1048 4954 1263 5019 fundamenta
1283 4956 1319 5019 in
1340 4962 1411 5019 toto
1463 4974 1564 5036 quum
1584 4953 1716 5036 proprie
1737 4951 1827 5035 loqui
1847 4952 1936 5031 vult,
1964 4954 2096 5018 nonnisi
2118 4954 2161 5020 ad
2181 4955 2378 5038 primarium
2397 4956 2439 5021 il·
2562 5023 2565 5037 ,

434 5033 558 5100 mundo
579 5036 730 5102 iacerent
770 5039 954 5122 Prophetas
973 5047 1069 5106 vocat
1089 5060 1156 5105 non
1179 5039 1340 5123 quoslibet
1362 5038 1411 5104 di·
1462 5039 1533 5102 lum
1555 5037 1704 5102 ordinem
1725 5037 1832 5103 refert
1865 5041 1976 5122 Atque
1994 5038 2049 5105 hic
2065 5048 2117 5106 est
2132 5042 2314 5108 communis
2336 5042 2438 5126 scrip·

434 5119 532 5187 vinae
557 5121 737 5189 voluntatis
763 5125 974 5208 interpretes,
1003 5125 1062 5191 sed
1093 5127 1149 5209 qui
1178 5127 1230 5191 sin
1289 5125 1338 5189 ari
1359 5145 1411 5189 re-
1463 5132 1557 5189 turae
1584 5144 1672 5189 usus.
1716 5124 1872 5191 Pastores
1898 5133 2011 5192 tamen
2038 5126 2189 5212 (excepto
2217 5126 2305 5210 quod
2333 5137 2439 5207 certas

434 5204 598 5273 velatione
620 5208 837 5291 excellebant3
859 5210 971 5293 quales
989 5232 1078 5277 nuno
1096 5210 1149 5275 vel
1166 5210 1251 5276 nulh
1268 5216 1410 5288 exstant,
1463 5207 1587 5293 singuli
1607 5207 1760 5277 auceia
1777 5208 1840 5276 sibi
1858 5209 2033 5278 attributas
2050 5212 2186 5297 regunt)
2207 5212 2346 5279 eandem
2366 5234 2438 5279 sus·

434 5291 488 5359 vel
508 5293 619 5359 minus
640 5303 719 5360 sunt
738 5296 915 5378 conspicui.
953 5296 1021 5362 Per
1042 5296 1262 5380 evangelistas
1284 5317 1338 5361 eos
1358 5295 1412 5360 in·
1463 5295 1571 5360 fiuent
1591 5315 1709 5360 cuma
1751 5295 1844 5363 stolis
1888 5297 2078 5366 revinciam.
2113 5299 2217 5365 Porro
2239 5298 2335 5381 quale
2356 5298 2438 5364 illud

434 5377 546 5464 telligo
568 5379 624 5463 qui
644 5402 746 5464 quum
766 5380 926 5466 dignitate
947 5388 1057 5448 essent
1077 5381 1230 5465 apostolis
1257 5381 1412 5461 minores,
1463 5381 1516 5462 sit,
1539 5381 1659 5448 clarius
1748 5403 1789 5449 uo
1810 5318 1992 5449 sudamus.

1551 5472 1579 5533 6.
1623 5469 1797 5549 Dominus,
1820 5490 1922 5553 quum
1943 5469 2104 5551 apostolos
2123 5469 2277 5547 mitteret,
2300 5470 2438 5535 manda-
2511 5488 2516 5498 ’

505 5581 534 5649 1)
558 5583 640 5638 pm,
656 5585 751 5640 ,aim
770 5579 853 5650 (1543
870 5586 955 5655 „w
973 5585 1091 5642 mm
1107 5592 1213 5642 mm.
1315 5583 1347 5655 2)
1366 5585 1415 5645 δι,
1464 5561 1536 5619 tum
1555 5554 1621 5621 illis
1643 5553 1733 5620 dedit
1760 5554 1860 5635 (siout
1881 5554 2006 5652 dictiim
2028 5561 2079 5620 ιιι
2099 5554 2219 5641 nuper)
2247 5554 2288 5620 de
2308 5555 2438 5639 praedi·

436 5665 535 5706 οιιιιιι.
644 5713 651 5722 ‚
1464 5639 1567 5706 cando
1595 5639 1782 5724 evangelio,
1811 5645 1846 5705 et
1871 5638 2076 5722 baptizandis
2104 5639 2310 5707 credentibus
2330 5641 2367 5706 in
2385 5663 2438 5708 re-
