5600 6809
374 785 436 848 ove
608 782 699 847 um.
719 780 783 845 m.
827 780 892 844 uu
914 776 1050 844 11111
1072 741 1421 845 assentaneus
1443 778 1635 846 1111111
1656 780 1875 847 sesama.
1921 780 2020 848 111.
2042 782 2139 848 xiv.
2319 794 2381 853 cn

373 970 469 1056 (Lev.
486 973 534 1050 18,
555 970 599 1055 5),
621 971 676 1052 qai
694 970 801 1051 feeerit
820 968 895 1031 hoec
914 968 1087 1046 victuram
1107 967 1350 1032 maledictionem
1401 968 1494 1034 abest
1516 925 1642 1035 abiete
1663 955 1766 1055 meta)
1786 971 1945 1054 quomodo
1967 969 2144 1036 audeamus
2166 974 2300 1056 gloriari
2321 999 2381 1043 nes

371 1055 461 1121 illam
478 1056 621 1121 eelebmm
637 1076 790 1138 opponens
807 1058 912 1119 contre
930 1073 1033 1116 omnes
1053 1072 1104 1117 eos
1125 1054 1180 1133 qai
1200 1074 1261 1117 111
1276 1074 1351 1134 per-
1401 1054 1569 1120 cumulum
1592 1054 1754 1120 addidisse
1776 1055 1817 1120 ad
1838 1058 1958 1122 iustam
1984 1058 2193 1123 mensuram?
2237 1061 2307 1127 Nec
2331 1070 2382 1129 est

371 1143 508 1207 1111111111
539 1143 574 1206 io
606 1141 755 1207 1111111111.
802 1139 923 1221 Qualem
948 1139 1069 1203 chuade
1093 1139 1247 1219 refellitur
1273 1159 1350 1203 1111-
1402 1139 1488 1222 quod
1506 1141 1650 1223 excipiat
1666 1142 1836 1224 quispiam,
1854 1142 1940 1206 nihil
1957 1143 2086 1208 obstare
2103 1147 2276 1225 quominus
2292 1149 2382 1216 ultra

372 1233 508 1293 mentam
529 1228 684 1309 partialis
711 1227 866 1302 iustitiae,
898 1224 953 1288 abi
978 1244 1040 1288 noe
1061 1223 1130 1288 olio
1150 1225 1275 1289 laetitia
1295 1226 1351 1290 od-
1401 1227 1586 1291 necessaria
1602 1227 1708 1292 officia
1725 1226 1861 1309 prodeat
1881 1229 1951 1293 eius
1972 1228 2129 1308 studium,
2151 1232 2207 1313 qui
2228 1253 2248 1297 a
2268 1255 2381 1301 neces·

372 1315 507 1377 mittitur
524 1314 558 1376 in
575 1314 777 1394 coelleqaom
795 1310 1009 1394 11119ναί1911
1026 1310 1200 1375 obeanollo.
1235 1310 1350 1393 Neque
1404 1312 1498 1377 sariis
1532 1312 1641 1395 aliqua
1672 1314 1709 1376 in
1740 1320 1834 1396 parte
1866 1322 1979 1380 cessat
2042 1314 2099 1380 Sic
2131 1317 2219 1380 euim
2251 1322 2382 1400 penitus

372 1419 452 1466 vero
479 1398 613 1464 solidius
642 1398 801 1481 estquod
822 1396 948 1481 garrire
970 1396 1077 1460 solent
1099 1394 1139 1459 de
1160 1395 1351 1461 sufficienda
1404 1396 1601 1478 habendum,
1626 1399 1711 1462 nihil
1732 1400 1826 1466 nobis
1845 1401 1899 1464 vel
1921 1400 2007 1483 qued
2025 1399 2067 1464 ad
2083 1398 2149 1466 Dei
2169 1402 2305 1484 cultum,
2328 1406 2381 1471 vel

327 1530 330 1535 -
373 1505 432 1568 per
466 1485 762 1569 supererogationis
802 1502 900 1565 opera
939 1482 1209 1564 compensatione.
1261 1481 1350 1562 Quid
1404 1484 1491 1565 quod
1523 1482 1565 1549 ad
1598 1483 1806 1550 dilectionem
1840 1486 1986 1551 conferat
2019 1487 2055 1550 in
2089 1494 2234 1552 mentem
2266 1492 2380 1558 venire

373 1569 482 1635 enim?
517 1592 626 1635 annon
654 1591 693 1635 eo
720 1590 850 1653 semper
882 1567 1023 1632 redeunt
1054 1566 1142 1631 unde
1174 1569 1241 1631 iam
1273 1573 1351 1631 sunt
1403 1589 1512 1651 posse,
1548 1570 1634 1652 quod
1667 1590 1736 1635 111
1771 1570 1833 1636 sub
1865 1571 1930 1636 Dei
1962 1572 2037 1656 lege
2076 1574 2380 1655 comprehendatur.

372 1655 518 1721 exclusi?
551 1678 626 1721 eum
653 1656 709 1739 qui
736 1677 778 1719 ex
805 1661 900 1738 parte
928 1653 1035 1738 legem
1064 1661 1187 1732 servat,
1217 1661 1350 1719 eatenus
1404 1653 1501 1735 Quod
1530 1656 1558 1720 si
1589 1675 1667 1739 pars
1699 1664 1750 1721 est
1780 1655 1878 1739 legis,
1911 1678 1954 1722 ne
1987 1658 2208 1724 voluntariam
2239 1659 2381 1726 liberali·

372 1743 496 1806 iustum
521 1743 671 1825 operibus
700 1762 784 1820 esse,
803 1739 898 1890 <quod
924 1739 991 1804 illis
1017 1759 1114 1803 nemo
1142 1739 1214 1804 sani
1240 1739 1351 1804 iudicii
1402 1748 1507 1806 tatem
1526 1741 1695 1821 iactamus,
1718 1742 1774 1806 uhi
1795 1741 2009 1826 astringimur
2029 1744 2230 1809 necessitate.

372 1830 577 1906 concesserit,
595 1828 693 1893 nimis
709 1829 801 1908 impu
826 1834 918 1891 enter
935 1825 1150 1907 proconfesse
1168 1831 1349 1890 assumunt
1492 1831 1540 1891 15.
1584 1827 1695 1909 Atque
1712 1828 1747 1891 in
1767 1827 1853 1893 hane
1875 1849 1946 1892 rem
1967 1829 2197 1912 intempestive
2219 1830 2381 1916 allegatam

373 1915 484 1978 Toties
518 1914 712 1979 testificatur
743 1913 907 1977 Dominus
941 1910 1068 1975 nullam
1102 1931 1138 1975 11
1174 1930 1350 1994 agnoscere
1401 1911 1461 1976 illa
1487 1911 1586 1977 Pauli
1613 1912 1765 1996 gloriatio
1793 1911 2003 1998 (10119),
2033 1915 2117 1998 quod
2144 1916 2233 1980 inter
2261 1915 2379 1983 Corin-

372 2021 508 2083 eperum
534 1999 695 2064 iustitiam
720 1999 785 2063 nisi
806 1999 843 2062 in
870 1997 1014 2079 perfecta
1033 1996 1117 2082 legis
1137 2016 1217 2062 suae
1239 1996 1350 2062 obser-
1402 1998 1491 2063 thies
1513 1998 1584 2063 inre
1606 2017 1666 2063 suo
1687 2005 1803 2080 sponte
1824 2000 1972 2077 cesserit,
2000 2000 2086 2083 quod
2107 2000 2227 2066 licebat
2248 2002 2377 2085 alioqui,

372 2086 511 2152 vatione.
556 2082 651 2166 Quae
672 2091 723 2151 est
744 2082 946 2167 improbitas,
966 2103 1069 2165 quum
1088 2103 1129 2147 ea
1150 2081 1349 2161 deliciamur,
1401 2084 1430 2147 si
1452 2083 1616 2162 libuisset,
1643 2104 1817 2166 usurpare,
1845 2105 1908 2150 nee
1934 2085 1999 2151 illis
2026 2093 2156 2151 tantum
2182 2087 2380 2170 impenderit

371 2192 415 2236 ne
435 2170 607 2236 videamur
633 2172 724 2237 omni
750 2170 856 2254 gloria
877 2168 1020 2251 spoliati,
1049 2167 1112 2233 hoc
1134 2175 1193 2246 est,
1215 2188 1350 2251 prorsus
1403 2168 1488 2252 quod
1505 2190 1546 2234 ex
1564 2169 1671 2234 officio
1688 2168 1840 2248 debebat,
1863 2168 1920 2235 sed
1941 2172 2119 2254 gratuitam
2137 2192 2270 2255 operam
2291 2173 2380 2240 ultra

371 2257 445 2322 Deo
474 2258 622 2336 cessisse,
648 2255 760 2322 nescio
782 2255 899 2338 quibus
920 2273 1100 2336 paucorum
1123 2273 1259 2335 operum
1280 2253 1349 2318 fru-
1402 2255 1498 2319 officii
1527 2257 1626 2319 finem
1653 2255 1792 2338 largitus
1819 2257 1870 2321 sit
1914 2255 2019 2339 Atqui
2041 2258 2187 2322 animum
2209 2258 2380 2325 advertere

373 2342 468 2407 stalis
488 2363 549 2407 nos
568 2343 705 2421 iactare,
732 2348 766 2406 et
786 2338 873 2424 quod
895 2339 986 2405 deest
1005 2337 1165 2405 redimere
1186 2360 1246 2423 per
1269 2340 1350 2404 alias
1402 2338 1617 2405 conveniebat
1635 2339 1678 2405 ad
1699 2342 1860 2406 rationem
1879 2340 1948 2408 illic
1969 2342 2148 2425 signatam,
2176 2343 2237 2408 hoc
2265 2343 2380 2411 1111111

373 2427 612 2494 satisfactiones
644 2426 779 2506 conari?
824 2425 1071 2492 satisfactiones
1103 2425 1170 2489 iam
1200 2431 1351 2506 potenter
1401 2446 1444 2489 ne
1465 2426 1606 2490 infirmis
1627 2426 1823 2492 offendiculo
1849 2428 1943 2492 foret.
1988 2427 2212 2494 Venditabant
2234 2430 2323 2493 enim
2344 2452 2381 2496 11

374 2513 501 2578 dirutae
528 2534 628 2597 supra
654 2513 801 2591 fuerunt,
829 2520 931 2576 utne
952 2532 1011 2593 per
1032 2512 1196 2575 1111111111
1218 2509 1351 2593 quidem
1403 2510 1464 2576 hoc
1486 2511 1699 2595 benignitatis
1724 2512 1887 2578 lenocinio
1911 2513 1990 2577 mali
2018 2514 2281 2596 fraudulentique
2304 2536 2379 2599 ope-

373 2598 487 2665 venire
518 2599 612 2664 nobis
648 2600 685 2662 in
720 2605 867 2665 mentem
899 2596 1046 2662 debeant
1093 2597 1238 2661 uanum
1268 2595 1349 2674 dieo,
1402 2597 1498 2674 rarii,
1522 2617 1585 2679 que
1607 2604 1642 2662 et
1662 2597 1808 2662 favorem
1830 2599 1963 2664 sontieis
1984 2601 2053 2664 suis
2075 2599 2281 2683 dogmatibus
2303 2621 2380 2666 con-

374 2684 512 2766 eosqui
540 2685 586 2750 sic
613 2684 794 2766 ineptiunt,
824 2683 960 2746 minime
988 2687 1140 2764 reputare
1168 2702 1268 2764 quam
1296 2703 1350 2746 res
1402 2681 1553 2746 ciliarent
1574 2681 1739 2746 etodium
1761 2684 1941 2748 conflarent
1968 2685 2152 2770 evangelio,
2181 2694 2220 2749 ut
2247 2707 2380 2753 neeesse

374 2771 419 2834 sit
441 2791 550 2835 coram
571 2770 644 2834 Deo
668 2768 877 2835 exsecrabilis
898 2774 1077 2850 peecatum.
1121 2767 1351 2851 Intelligerent
1401 2766 1506 2832 Paulo
1538 2767 1653 2846 fuerit,
1687 2768 1740 2833 vel
1772 2770 1808 2831 iu
1839 2770 2022 2851 periculum
2054 2792 2219 2837 accersere
2254 2770 2380 2838 Ohristi

374 2855 462 2920 cuim
483 2856 641 2937 profecto,
668 2862 772 2919 tetam
799 2853 970 2941 hominum
997 2853 1158 2918 iustitiam
1184 2855 1220 2917 in
1245 2874 1350 2918 unum
1402 2852 1598 2932 doctrinam,
1629 2852 1683 2919 vel
1703 2853 1861 2919 eiusmodi
1884 2855 2009 2921 artibus
2030 2854 2170 2921 11111111.
2215 2856 2378 2940 Agedum,

373 2940 542 3007 cumulum
563 2948 725 3020 coactam,
747 2941 845 3005 unius
866 2939 1123 3021 compensationi
1142 2959 1257 3021 parem
1279 2959 1350 3004 esse
1401 2939 1430 3004 si
1458 2959 1512 3004 res
1544 2945 1595 3003 est
1626 2937 1753 3004 homini
1782 2939 1961 3005 christiano
1992 2940 2115 3021 media,
2148 2942 2380 3010 offendiculum

372 3047 441 3091 non
461 3047 564 3108 posse.
609 3026 770 3091 Videmus
791 3044 933 3108 namque
955 3024 1122 3089 hominem
1143 3044 1210 3088 uuo
1232 3023 1349 3089 delicte
1400 3025 1585 3103 incurrere,
1611 3045 1714 3108 quum
1735 3024 1900 3090 abstinere
1924 3026 2035 3104 liceat,
2064 3027 2168 3091 fateor
2196 3029 2380 3109 apostolum

372 3113 420 3176 sie
441 3132 462 3177 a
481 3113 554 3177 Deo
580 3111 742 3178 abiectum
768 3112 868 3176 fuisse
896 3117 931 3174 et
956 3108 1157 3187 abdicatum,
1185 3116 1226 3173 ut
1251 3109 1350 3174 simul
1401 3109 1523 3192 aliquid
1544 3108 1688 3175 Domino
1709 3131 1974 3195 supererogasse,
2007 3113 2059 3177 siu
2087 3112 2148 3178 hoc
2175 3113 2285 3195 ipsum
2305 3114 2378 3179 iure

373 3216 505 3262 emnem
535 3197 779 3282 recuperandae
813 3196 929 3262 salutis
963 3196 1125 3260 rationem
1159 3194 1347 3278 perdiderit
1400 3195 1627 3277 requirebatur
1649 3217 1670 3260 a
1688 3196 1843 3278 prudenti
1865 3196 2031 3281 evangelii
2051 3196 2282 3280 dispensatore,
2306 3197 2378 3266 dieo

374 3281 513 3347 Sublata
541 3290 592 3348 est
618 3284 720 3366 igitur
752 3283 981 3348 satisfactionis
1013 3279 1165 3358 facultas,
1198 3301 1262 3362 qua
1292 3280 1348 3362 qui
1399 3281 1514 3346 fecisse
1541 3279 1628 3363 quod
1650 3279 1794 3347 debebat
1839 3281 1991 3365 Denique
2022 3284 2150 3349 etiamsi
2176 3282 2252 3348 talis
2279 3304 2379 3350 eausa

374 3367 435 3433 sibi
449 3366 671 3450 blandiuntur,
695 3390 864 3450 nunquam
876 3374 964 3432 certe
977 3367 1049 3431 Deo
1067 3366 1274 3443 satisfacient,
1293 3366 1348 3431 cui
1399 3387 1468 3430 non
1496 3373 1647 3448 apparet,
1676 3388 1794 3432 verum
1815 3375 1927 3432 tamen
1949 3389 2078 3451 semper
2098 3376 2149 3433 est
2168 3368 2250 3433 illud
2268 3367 2377 3454 Chry·

370 3454 456 3516 nihil
482 3461 613 3536 gratum
637 3460 847 3538 acceptumve
876 3461 926 3519 est
947 3451 1033 3536 quod
1054 3452 1096 3517 ab
1117 3452 1258 3518 inimicis
1280 3453 1349 3516 suis
1399 3452 1544 3531 eustomi,
1573 3461 1686 3518 nostra
1712 3453 1824 3518 emnia
1851 3453 1989 3518 eandem
2017 3453 2139 3519 habere
2160 3454 2378 3521 conditionem

369 3540 553 3622 profectum
584 3540 636 3605 sit
681 3541 811 3604 Inimici
845 3559 944 3623 porro
976 3544 1053 3602 sunt
1084 3558 1198 3604 omnes
1229 3538 1348 3620 quibus
1400 3557 1475 3602 cum
1502 3557 1672 3604 servorum
1699 3538 1848 3620 peculiis,
1876 3559 1959 3622 quae
1987 3539 2058 3604 iure
2085 3540 2156 3623 ipso
2183 3539 2294 3606 deberi
2321 3539 2378 3606 do·

369 3625 532 3707 imputare
558 3632 691 3707 peecata
718 3626 870 3690 institnit.
915 3625 1017 3689 Tecta
1036 3623 1138 3706 igitur
1159 3630 1192 3687 et
1210 3624 1349 3688 remissa
1399 3623 1491 3686 mino
1523 3630 1659 3688 1111111
1703 3624 1818 3707 Neque
1846 3623 1881 3688 id
1911 3623 2129 3690 dissimulavit
2156 3623 2310 3692 Ohristus
2341 3627 2378 3692 in

371 3719 504 3792 peecata
530 3710 623 3775 nobis
650 3717 726 3776 ante
753 3718 893 3794 oportet,
925 3731 1024 3792 quam
1057 3707 1099 3773 ad
1129 3708 1234 3772 ullum
1266 3730 1347 3792 opus
1399 3707 1556 3790 parabola
1577 3709 1674 3793 (Luc.
1696 3714 1745 3788 17,
1764 3709 1809 3792 t).
1852 3709 2041 3794 Interrogat
2063 3711 2152 3775 enim
2177 3732 2277 3793 quam

371 3802 521 3860 nostrum
541 3796 706 3861 Dominus
727 3797 887 3879 respiciat.
931 3796 986 3860 Ex
1010 3814 1074 3878 quo
1097 3795 1244 3877 sequitur
1271 3815 1347 3878 gra·
1400 3794 1481 3858 tiam
1500 3793 1645 3859 habituri
1667 3796 1770 3860 simus
1790 3816 1898 3871 servo,
1927 3795 1985 3861 ubi
2001 3801 2071 3860 tota
2088 3795 2141 3861 die
2158 3798 2250 3863 vario
2267 3797 2300 3862 la
2341 3818 2378 3863 re

371 3882 490 3945 tuitam
517 3902 588 3946 esse
614 3888 821 3964 peecatorum
847 3882 1072 3946 remissionem
1078 3903 1087 3960 ς
1119 3900 1218 3962 quam
1247 3880 1347 3945 seele-
1400 3880 1599 3946 exercitatus
1620 3878 1663 3944 ad
1683 3900 1744 3945 nos
1766 3881 1896 3963 vesperi
1916 3880 2058 3946 redierit.
2092 3882 2195 3964 Atqui
2211 3883 2285 3946 fieri
2305 3890 2378 3965 pct-
2425 3890 2448 3911 ·'

371 3972 442 4030 rate
469 3966 699 4049 blasphemant
724 3969 780 4049 qui
806 3966 1044 4033 satisfactiones
1071 3966 1156 4030 ullas
1182 3966 1346 4049 ingemmt
1400 3971 1452 4029 est
1478 3972 1516 4029 nt
1542 3966 1665 4030 maiore
1684 3963 1847 4031 industria
1867 3966 2052 4032 incubuerit
2078 3988 2177 4051 quam
2205 3968 2379 4036 11111111·

370 4050 439 4117 Nos
461 4072 548 4135 ergo,
571 4053 720 4135 exemplo
742 4074 763 4116 a
784 4053 879 4117 ostoli
901 4052 1002 4138 (Phil.
1016 4056 1045 4130 3,
1067 4050 1131 4136 13),
1153 4071 1237 4134 quae
1258 4058 1347 4116 retro
1390 4070 1510 4143 ¹staurus
1532 4051 1672 4134 exigere.
1716 4051 1815 4116 Esto:
1844 4051 1929 4143 nihii
1954 4059 2067 4117 tamen
2093 4052 2181 4119 iecit.
2197 4052 2284 4136 quod
2308 4075 2378 4120 11111

371 4144 449 4201 sunt
468 4138 705 4217 obliviscentes,
728 4073 828 4203 adpea
845 4144 956 4202 autem
977 4145 1151 4220 pergentes
1168 4158 1252 4285 quae
1270 4141 1347 4201 ante
1399 4156 1442 4200 ex
1463 4135 1647 4201 conditione
1669 4137 1837 4202 1111111111
1859 4136 2005 4216 deberet,
2032 4139 2111 4220 quia
2132 4159 2208 4204 cum
2228 4146 2297 4203 tota
2318 4161 2379 4204 sua

370 4244 429 4288 nos
456 4230 551 4302 sunt,
581 4245 751 4289 curramus
772 4224 808 4287 in
829 4222 934 4288 stadio
955 4229 1082 4300 nostro,
1111 4228 1167 4286 ten
1190 4229 1282 4287 entes
1305 4221 1347 4287 ad
1398 4220 1554 4285 1111111111
1574 4229 1686 4287 noster
1707 4229 1765 4288 est
1811 4223 1916 4289 Taceo
1942 4221 2056 4306 quales
2077 4224 2145 4289 sint
2164 4244 2377 4307 supereroga-

369 4309 512 4390 palmam
534 4330 696 4392 supernae
718 4309 905 4375 vocationis.
1346 4338 1350 4344 ·
1398 4307 1504 4371 tiones
1524 4327 1605 4388 quas
1626 4308 1682 4372 isti
1704 4307 1875 4374 venditare
1892 4306 1966 4374 Deo
1987 4310 2111 4375 volunt
2149 4308 2266 4392 Nugae
2287 4309 2377 4374 enim

457 4399 506 4458 14.
550 4395 679 4460 lactare
699 4415 777 4460 vero
799 4393 1095 4478 supererogationis
1122 4412 1236 4475 opera,
1267 4413 1346 4475 qno·
1398 4399 1485 4471 sunt,
1507 4413 1590 4475 quas
1610 4414 1716 4476 neque
1737 4393 1806 4476 ipse
1823 4415 1969 4477 unquam
1985 4395 2167 4477 imperarit,
2189 4413 2296 4476 neque
2317 4414 2375 4476 ap-

368 4479 464 4544 modo
485 4502 560 4546 cum
582 4481 638 4545 illo
660 4481 813 4547 convenit
833 4479 919 4562 qnod
938 4479 1032 4544 nobie
1053 4486 1264 4561 praeceptum
1285 4485 1344 4557 est,
1397 4476 1522 4559 probat,
1540 4500 1715 4561 necquum
1728 4477 1896 4545 reddenda
1912 4480 1977 4545 erit
1994 4478 2080 4562 apud
2098 4500 2133 4543 se
2150 4479 2242 4556 ratio,
2262 4500 2375 4561 accep-

367 4572 406 4627 ut
427 4586 531 4645 quum
548 4567 720 4633 fecerimus
743 4586 954 4650 quaeeunque
975 4564 1220 4649 praecipiuntur
1240 4564 1344 4643 nobis,
1397 4571 1449 4628 tas
1483 4564 1575 4629 feret
1627 4564 1702 4631 Hac
1730 4564 1863 4630 demum
1896 4565 2134 4649 significatione
2161 4562 2375 4629 concedemus

368 4649 514 4716 dieamus
540 4673 599 4717 111
627 4673 739 4718 servos
766 4673 838 4717 esse
864 4651 1012 4730 inutiles,
1040 4670 1102 4715 nec
1128 4650 1202 4732 plus
1230 4649 1345 4716 fecisse
1397 4669 1468 4713 esse
1489 4651 1785 4734 supererogationis
1806 4671 1920 4734 opera,
1950 4656 2063 4732 utpote
2085 4648 2264 4730 dequibus
2286 4647 2374 4732 apud

367 4754 467 4817 quam
489 4734 575 4818 quod
596 4736 791 4804 debuimus?
828 4738 948 4804 Dicere
969 4758 1079 4803 coram
1100 4735 1183 4815 Deo,
1205 4755 1273 4799 non
1294 4742 1345 4800 est
1419 4733 1591 4817 rophetam
1618 4736 1695 4821 (111.
1724 4741 1751 4817 1,
1778 4736 1834 4820 12)
1861 4736 1985 4803 dietum
2015 4741 2078 4811 est,
2110 4734 2182 4815 quis
2212 4735 2374 4816 quaesivit

367 4820 523 4885 simulare
551 4830 609 4886 aut
635 4824 784 4904 mentiri3
818 4822 875 4889 sed
907 4822 992 4907 quod
1018 4843 1078 4905 pro
1104 4831 1193 4888 certo
1222 4820 1344 4886 habeas
1395 4755 1477 4886 1111
1500 4821 1541 4886 de
1561 4820 1714 4888 manibus
1731 4820 1873 4889 vestris?
1919 4818 1987 4884 Sed
2007 4818 2218 4883 meminerint
2239 4818 2318 4902 quid
2339 4828 2374 4886 et

366 4905 454 4988 apud
488 4913 521 4970 te
554 4909 760 4973 constituere.
815 4909 912 4975 Iubet
947 4910 1056 4992 itaque
1088 4908 1251 4973 Dominus
1283 4927 1344 4972 nos
1396 4903 1722 4991 111111(11)111.55,2)
1751 4907 1879 4973 dicatur
1907 4905 1948 4970 de
1973 4904 2027 4969 iis:
2062 4923 2163 4987 quare
2190 4903 2374 4988 appenditis

366 4993 492 5056 sincere
525 4993 647 5056 sentire
679 5002 713 5056 et
744 4994 926 5060 nobiseum.
948 5004 1118 5077 reputare,
1155 4993 1246 5059 nulla
1280 4991 1343 5057 sibi
1395 5000 1570 5075 argentum
1602 5002 1750 5060 restrum
1783 4999 1817 5057 et
1849 5010 1916 5055 non
1950 4989 1988 5053 in
2025 4989 2188 5072 panibus?
2227 4990 2373 5057 laborem

365 5084 532 5159 praestem
559 5078 703 5160 gratuita
732 5079 854 5157 officia,
887 5080 945 5145 sed
973 5080 1097 5145 debitas
1125 5101 1241 5164 operas
1269 5077 1344 5143 red-
1394 5086 1542 5144 reetrum
1567 5079 1749 5158 insumitis,
1777 5084 1811 5142 et
1837 5096 1903 5140 non
1929 5075 1966 5139 in
1987 5074 2181 5140 saturitate?
2225 5076 2301 5142 Nou
2323 5084 2374 5142 eet

366 5162 450 5228 dere.
495 5164 542 5227 Et
568 5163 698 5227 morito:
733 5165 820 5228 servi
850 5166 938 5229 enim
963 5187 1078 5231 sumus
1105 5173 1155 5231 111
1181 5165 1343 5249 obsequiis
1394 5163 1526 5245 quidem
1553 5162 1650 5231 valde
1677 5162 1877 5228 laboriosum
1899 5161 2010 5227 otiosis
2031 5161 2104 5226 istis
2124 5161 2270 5228 rabbinis
2291 5162 2374 5228 haee

366 5247 564 5314 defoenerati
600 5256 679 5331 quot
718 5247 853 5332 defungi
885 5269 953 5313 111
985 5270 1175 5331 possumus,
1215 5251 1343 5316 11111111
1395 5249 1456 5315 sub
1494 5250 1612 5316 umbra
1649 5250 1685 5313 in
1719 5248 1872 5313 mollibus
1906 5244 2071 5312 cathedris
2104 5245 2280 5329 disputare.
2325 5248 2373 5310 At

365 5353 477 5400 omnes
508 5340 640 5399 nostrae
673 5334 886 5418 cogitationes
919 5335 1093 5417 omniaque
1125 5338 1274 5402 membra
1306 5336 1343 5399 in
1395 5355 1497 5417 quum
1534 5357 1683 5402 summus
1721 5334 1779 5399 ille
1815 5332 1915 5398 iudex
1953 5352 2013 5414 pro
2051 5332 2209 5398 tribunali
2242 5328 2371 5410 sederit,
2414 5344 2417 5351 '

363 5417 446 5502 legis
474 5421 580 5486 officia
605 5427 823 5487 verterentur.
866 5419 1011 5502 Ideoque
1035 5419 1123 5502 quod
1150 5423 1210 5485 ait:
1239 5440 1343 5503 quum
1395 5440 1588 5487 evanescere
1631 5425 1766 5486 ventosa
1809 5417 1997 5485 huiusmodi
2039 5417 2159 5501 placita
2200 5414 2371 5499 oportebit

228 5582 232 5588 .
363 5504 504 5572 feceritis
536 5526 748 5590 quaecunque
784 5506 1029 5588 praecipiuntur
1060 5505 1168 5584 vobis,
1207 5503 1343 5587 perinde
1393 5505 1477 5586 Hoc,
1500 5507 1562 5572 hoe
1584 5505 1808 5589 quaerendum
1829 5512 1910 5585 erat,
1938 5525 2038 5587 quam
2059 5502 2101 5568 ad
2128 5503 2198 5568 eius
2225 5499 2373 5566 tribunal

364 5590 540 5658 valetacsi
557 5591 743 5676 plusquam
761 5599 876 5658 omnes
892 5591 1065 5660 hominum
1082 5590 1227 5656 iustitiae
1244 5589 1343 5654 unius
1394 5590 1590 5657 defensionis
1611 5590 1765 5657 fiduciam
1786 5591 1918 5671 afferre,
1945 5611 2012 5656 non
2040 5586 2119 5673 quid
2140 5589 2177 5652 in
2198 5586 2317 5653 scholis
2339 5594 2373 5652 et

361 5676 477 5742 forent
528 5677 597 5743 Nos
630 5698 709 5763 ergo
738 5677 894 5763 (quorum
923 5697 1021 5745 neme
1052 5697 1119 5744 non
1150 5673 1342 5760 longissime
1394 5675 1524 5759 engtdb
1545 5676 1686 5745 fabulari
1706 5697 1890 5762 possumus.
2267 5683 2272 5693 '
