5600 6809
396 808 459 868 ess
683 800 774 868 uin.
795 800 859 898 ru.
902 802 966 868 nn
987 800 1225 869 numanis
1246 799 1414 869 rannus
1435 758 2120 871 mensurnuonr.rn.u1n
2163 770 2166 784 '
2344 808 2407 870 sa

397 991 470 1056 Deo
499 992 686 1056 habendum
714 998 773 1056 est
828 990 900 1054 Iam
928 992 956 1055 si
978 989 1025 1055 de.
1041 990 1185 1055 moribus
1211 992 1270 1054 fiat
1303 1012 1379 1056 cen·
1431 991 1541 1055 verbis
1562 991 1656 1073 quasi
1678 990 1782 1056 obiter
1803 992 1968 1074 attingere
1985 990 2117 1073 placuit,
2139 1013 2203 1074 quo
2222 992 2339 1058 melius
2357 994 2408 1057 in·

393 1099 484 1156 sura,
507 1079 570 1160 ipsi
591 1099 650 1160 pro
668 1099 703 1143 se
723 1078 892 1160 pontifices
909 1075 1137 1160 respondeant,
1157 1075 1379 1158 quidomnino
1431 1076 1617 1160 belligerent
1642 1077 1793 1155 leotires,
1829 1077 1938 1141 sedem
1966 1097 2152 1156 romanam,
2179 1078 2284 1160 qualis
2311 1077 2409 1146 hodie

398 1165 442 1228 sit
469 1164 504 1226 in
527 1184 591 1245 quo
614 1164 756 1246 episcopi
778 1163 910 1245 agnosci
930 1171 1059 1244 queant.
1104 1161 1271 1240 Primum,
1294 1160 1379 1243 quod
1431 1171 1491 1239 est,
1512 1162 1692 1246 plurimum
1714 1162 1846 1226 differre
1863 1163 1903 1227 ab
1925 1162 1983 1227 illa
2000 1164 2104 1229 veteri
2122 1165 2216 1257 cuius
2234 1171 2408 1248 praetextu

398 1250 524 1314 Romae
551 1251 597 1314 sic
627 1249 764 1328 maian,
798 1248 878 1331 ipsis
911 1269 978 1312 non
1006 1245 1102 1311 modo
1130 1247 1379 1312 conniventibus
1431 1248 1511 1313 haec
1538 1269 1574 1313 se
1600 1255 1712 1313 tuetur
1739 1270 1776 1314 ae
1810 1248 1963 1313 defendit
2013 1247 2141 1314 Verum
2168 1250 2409 1333 qualescunque

398 1356 436 1400 ac
464 1333 664 1411 tacentibus,
699 1333 756 1398 sed
778 1334 876 1399 tacito
905 1335 1003 1398 etiam
1029 1333 1122 1415 quasi
1149 1339 1234 1397 nutu
1261 1353 1378 1415 appro-
1429 1334 1553 1398 fuerint
1579 1335 1673 1413 olim,
1701 1333 1830 1417 quando
1856 1334 1940 1398 nihil
1967 1334 2091 1400 habent
2111 1337 2182 1400 veri
2209 1358 2247 1401 ac
2268 1334 2408 1420 legitimi

397 1420 570 1498 bentibus,
599 1420 633 1484 id
660 1439 795 1503 prorsus
818 1419 995 1502 indignum
1021 1426 1071 1483 est
1098 1419 1269 1499 episcopis:
1297 1439 1377 1501 quo·
1429 1420 1466 1483 in
1487 1420 1623 1484 ecclesia
1644 1422 1800 1499 muneris,
1822 1421 1932 1486 fucum
1955 1419 2118 1485 duntaxat
2135 1431 2170 1485 et
2186 1422 2319 1486 inanem
2340 1421 2409 1486 lar·

397 1527 472 1570 rum
501 1506 644 1571 officium
674 1512 723 1570 θεῖ
747 1505 853 1588 plebis
879 1505 1046 1570 licentiam
1073 1502 1263 1586 disciplinae
1286 1525 1376 1570 seve·
1430 1526 1507 1570 vam
1534 1507 1690 1583 retinent3
1724 1507 1789 1570 imo
1821 1505 1951 1589 quando
1978 1508 2089 1571 omnia
2121 1507 2244 1572 habent
2275 1508 2408 1590 penitus
2476 1523 2478 1527 ·

397 1594 494 1657 ritate
520 1613 676 1657 coercere.
728 1588 797 1656 Sed
824 1611 883 1674 ego
910 1600 979 1654 tam
1006 1588 1134 1672 rigidus
1161 1589 1198 1652 in
1228 1610 1282 1654 eos
1310 1611 1376 1654 non
1430 1594 1607 1668 contraria,
1630 1613 1762 1657 necesse
1784 1593 1848 1656 fuit
1868 1591 1934 1656 illis
1956 1593 2089 1657 evenire
2112 1593 2197 1674 quod
2220 1603 2287 1656 tam
2310 1614 2407 1676 saepe

398 1699 464 1754 ero,
489 1689 533 1760 ut,
554 1677 668 1742 alicnis
688 1677 815 1742 delictis
841 1677 930 1758 ipsos
958 1696 1102 1759 gravem.
1147 1673 1244 1755 Quod
1266 1684 1376 1741 autem
1430 1678 1543 1742 scribit
1575 1678 1765 1760 Gregorius.
1780 1679 1804 1762 ¹)
1848 1677 1966 1755 Flens,
2000 1679 2122 1759 inquit,
2156 1679 2241 1756 dico,
2271 1700 2407 1763 gemens

398 1764 461 1845 ipsi
494 1785 568 1828 oum
602 1785 662 1828 sua
694 1763 833 1840 familia,
865 1783 941 1826 eum
968 1770 1036 1825 toto
1066 1762 1134 1825 fere
1161 1761 1376 1826 cardinalium
1430 1761 1601 1827 denuntio:
1632 1764 1709 1845 quia
1734 1785 1835 1846 quum
1863 1763 2074 1828 sacerdotalis
2100 1763 2179 1828 ordo
2206 1767 2295 1829 intus
2323 1765 2406 1830 ceci·
2535 1795 2541 1800 ·

398 1848 550 1932 collegio,
577 1869 652 1913 cum
679 1855 748 1912 toto
774 1847 853 1913 cleri
881 1848 932 1912 sui
1000 1867 1074 1929 ego,
1102 1845 1144 1910 ad
1166 1867 1297 1912 omnem
1317 1869 1376 1912 ns-
1429 1848 1491 1926 dit,
1520 1850 1600 1913 foris
1622 1870 1751 1931 quoque
1778 1849 1834 1913 diu
1857 1857 1944 1914 stare
1970 1870 2038 1913 non
2064 1851 2191 1931 poterit.
2236 1849 2327 1931 Quin
2348 1871 2407 1932 po-

398 1935 549 2017 quitiam,
573 1934 841 2011 obscoenitatem,
865 1933 1070 2015 spurertiam,
1094 1931 1136 1996 ad
1157 1953 1253 1996 omne
1275 1932 1375 1998 soele·
1428 1935 1494 1998 tius
1527 1935 1657 2017 impleri
1688 1936 1723 1999 in
1750 1934 1816 1999 illis
1843 1935 1989 2016 oportuit
2017 1935 2102 2016 quod
2136 1935 2175 2000 de
2209 1936 2330 2000 talibus
2358 1936 2406 2000 ait

399 2042 473 2084 rum
497 2028 530 2084 et
552 2021 750 2103 flagitiorum
780 2040 882 2103 genus
909 2018 990 2082 adeo
1018 2026 1097 2082 sunt
1123 2017 1308 2100 prostituti,
1337 2030 1375 2082 ut
1427 2019 1610 2085 Malachias
1633 2024 1677 2103 (2,
1698 2021 1748 2102 8):
1771 2042 1830 2086 vos
1852 2022 2031 2085 recessistis
2053 2020 2093 2084 de
2111 2022 2166 2085 via
2189 2032 2222 2085 et
2239 2020 2405 2086 offendere

397 2118 544 2170 monstra
565 2105 710 2170 referant
729 2105 836 2189 magis
864 2125 963 2186 quam
992 2105 1155 2181 homines;
1183 2105 1217 2166 in
1240 2124 1277 2167 eo
1294 2124 1374 2168 sane
1426 2106 1548 2170 fecistis
1569 2107 1603 2170 in
1625 2107 1697 2189 lege
1714 2106 1887 2188 plurimos;
1909 2109 2018 2188 itaque
2039 2106 2169 2170 irritum
2187 2108 2307 2173 lecistis
2328 2126 2404 2188 pac·

396 2189 539 2273 produnt
565 2213 600 2257 se
628 2191 713 2255 nihil
739 2193 850 2256 minus
876 2211 947 2255 esse
969 2211 1068 2271 quam
1088 2190 1262 2272 episcopos.
1308 2190 1374 2253 Nc-
1427 2200 1499 2255 tum
1520 2193 1614 2269 Levi,
1637 2193 1716 2256 dicit
1737 2193 1915 2257 Dominus:
1945 2200 2116 2274 propterea
2141 2213 2214 2257 ecce
2241 2214 2301 2276 ego
2329 2191 2403 2257 dedi

396 2298 459 2358 que
482 2286 593 2341 tamen
616 2278 723 2344 vereri
745 2276 928 2341 debentne
950 2297 1044 2341 suam
1065 2272 1301 2357 turpitudinem
1324 2274 1375 2339 ul·
1427 2298 1485 2341 vos
1515 2278 1774 2360 contemptibiles
1801 2297 1839 2342 ac
1860 2277 1942 2341 viles
1969 2278 2058 2341 omni
2086 2279 2214 2360 populo.
2258 2279 2331 2342 Iam
2351 2297 2405 2342 re·

397 2364 499 2427 terius
521 2362 681 2447 detegam.
726 2364 814 2427 Nam
836 2369 869 2427 ot
893 2363 930 2426 in
951 2370 1021 2426 tam
1045 2360 1159 2444 putido
1181 2381 1280 2426 coeno
1302 2382 1376 2425 ver·
1426 2363 1540 2445 linquo
1558 2365 1622 2446 piis
1640 2364 1791 2428 omnibus
1807 2363 2027 2447 cogitandum,
2046 2363 2142 2446 quale
2152 2384 2343 2446 supremum
2362 2364 2406 2428 sit
2455 2409 2464 2417 κ

397 2449 463 2511 sari
495 2449 599 2530 piget,
632 2456 666 2513 et
692 2448 894 2532 parcendum
923 2456 974 2512 est
1005 2445 1132 2530 pudicis
1164 2446 1311 2526 auribus;
1343 2455 1377 2511 et
1427 2470 1581 2514 romanae
1610 2449 1814 2514 hierarchiae
1840 2449 2022 2533 fastigium:
2061 2451 2115 2513 cui
2142 2449 2249 2531 ipsum
2276 2469 2405 2531 quoque

397 2532 479 2597 mihi
505 2533 618 2599 videor
644 2537 724 2600 satis
751 2556 789 2600 ac
818 2555 916 2616 super
943 2533 1184 2597 demonstrasse
1205 2531 1290 2614 quod
1317 2553 1376 2596 vo·
1427 2534 1491 2598 Dei
1513 2534 1659 2611 verbum,
1680 2534 1766 2617 quod
1787 2535 1876 2601 coelo
1897 2545 1931 2599 et
1948 2543 2064 2611 terrac,
2089 2535 2274 2599 hominibus
2296 2543 2405 2600 etan·

397 2618 518 2682 lebana
543 2621 641 2683 etiam
663 2620 692 2684 si
714 2629 813 2702 caput
835 2609 1046 2685 ecelesiarum
1069 2619 1147 2682 olim
1169 2617 1285 2682 fuisset
1307 2618 1375 2681 Ro-
1427 2619 1508 2702 gelis
1542 2621 1727 2685 venerabile
1765 2643 1803 2686 ac
1830 2632 2074 2687 sacrosanctum
2103 2642 2174 2685 csse
2207 2627 2404 2702 oportuerat,

397 2724 460 2781 ma,
484 2724 550 2768 non
572 2713 684 2770 tamen
707 2703 802 2769 hodie
823 2726 895 2770 esse
917 2703 1051 2788 dignam
1068 2725 1151 2786 quae
1173 2703 1209 2766 in
1230 2704 1376 2768 minimis
1427 2705 1585 2770 subiicere
1610 2706 1734 2770 nefaria
1756 2707 1959 2789 impudentia
1985 2708 2131 2789 papistae
2153 2727 2220 2770 non
2242 2705 2404 2771 dubitant.

396 2788 517 2871 pedum
539 2790 649 2874 digitis
670 2799 852 2856 censeatur.

484 2879 533 2939 30.
579 2874 749 2956 Quantum
772 2875 813 2940 ad
831 2874 1022 2952 cardinales,
1044 2896 1125 2957 quos
1147 2881 1275 2954 uocant,
1299 2875 1375 2940 atti·

396 2969 469 3038 net,
493 2962 602 3025 nescio
623 2962 702 3044 quid
723 2963 845 3027 factum
867 2962 911 3025 sit
932 2969 969 3024 ut
995 2962 1042 3024 ita
1064 2961 1169 3025 subito
1191 2962 1227 3024 in
1247 2966 1376 3025 tantam

395 3045 644 3128 amplitudinem
657 3049 858 3113 emerserint
885 3046 951 3112 Hie
967 3047 1085 3111 titulus
1096 3047 1250 3129 Gregorii
1268 3054 1375 3110 aetate
1764 3027 1916 3094 CAPUT
1938 3027 2073 3113 VBP)

395 3133 430 3194 in
453 3132 538 3196 solos
559 3134 726 3215 episcopos
747 3133 958 3216 competebat.
1003 3132 1089 3197 Nam
1110 3133 1236 3214 quoties
1258 3132 1374 3201 memi-
1465 3179 1467 3185 ‚
1910 3188 1917 3204 .
2260 3189 2268 3205 .

396 3219 447 3280 nit
479 3216 710 3296 cadinalium,
743 3241 811 3284 non
838 3239 991 3283 romanae
1013 3218 1181 3296 ecclesiae,
1216 3218 1273 3282 sed
1301 3218 1373 3282 alin
1425 3189 1494 3271 De
1524 3200 1738 3299 potestate
1771 3188 1970 3270 ecclesiae
2002 3189 2142 3297 quoad
2172 3189 2272 3270 fider
2295 3189 2403 3299 dog-

395 3302 592 3385 quibuslibet
617 3324 673 3368 eos
701 3305 866 3383 attribuit,
895 3312 934 3368 ut
959 3305 996 3369 in
1021 3324 1150 3368 summa
1177 3303 1262 3367 nihil
1285 3302 1374 3368 aliud
1426 3320 1560 3416 mata3
1586 3320 1631 3391 et
1651 3337 1780 3419 quam
1798 3308 1970 3390 effraeni
1991 3308 2161 3390 licentia
2180 3309 2234 3390 ad
2249 3309 2402 3390 vitian-

397 3388 441 3452 sit
458 3389 611 3487 ,sacerdos
634 3390 810 3489 caim&
831 3411 930 3473 quam
952 3392 1129 3473 episcopus.
1147 3388 1171 3472 Ι)
1200 3387 1300 3472 Apud
1318 3411 1373 3488 sn·
1426 3429 1525 3510 dam
1555 3458 1718 3511 omnem
1753 3428 1967 3512 doctrinae
2090 3428 2191 3510 'tate
2267 3441 2286 3510 t
2357 3443 2403 3513 ta

395 3493 533 3555 penoris
561 3475 682 3540 saeculi
709 3484 883 3559 scriptores
911 3498 1031 3541 nomen
1052 3475 1114 3540 hoo
1141 3496 1208 3539 non
1235 3495 1371 3556 reperio.
2004 3458 2102 3539 Plll'l
2192 3459 2237 3511 m
2287 3460 2356 3512 rao

395 3559 501 3623 Video
532 3570 644 3626 tamen
669 3563 771 3627 fuisse
799 3571 878 3627 tunc
911 3561 1068 3644 episcopis
1094 3563 1251 3638 minores,
1292 3582 1373 3643 quos
1636 3542 1640 3575 ⁵
1713 3549 1842 3632 fuerit
1872 3550 1916 3630 in
1945 3560 2116 3660 papatu.

309 3673 311 3677 ¹
395 3666 482 3710 nuno
513 3645 612 3730 longe
644 3648 854 3713 antecellunt
908 3647 1032 3712 Notum
1065 3654 1115 3712 est
1145 3644 1229 3710 illud
1257 3648 1373 3729 Augu-
2430 3727 2433 3731 Ι

395 3732 486 3795 stini:
501 3731 530 3815 ²)
568 3752 755 3815 quanquam
793 3732 973 3800 secundum
1017 3730 1178 3797 honorum
1215 3731 1374 3799 vocabula
1515 3739 1541 3800 l.
1576 3732 1732 3816 Sequitur
1751 3752 1841 3798 nunc
1857 3733 1977 3797 tertius
1994 3732 2092 3810 locus,
2116 3731 2156 3796 de
2173 3731 2327 3796 melesius
2344 3752 2403 3814 po·

394 3835 477 3899 quae
504 3817 572 3881 iam
594 3819 748 3884 ecclesiae
772 3842 851 3885 usus
873 3820 1028 3896 obtinuit,
1057 3820 1260 3903 episcopatus
1282 3839 1373 3902 pres·
1425 3828 1551 3894 astate,
1573 3840 1657 3902 quae
1678 3819 1800 3900 partim
1820 3820 1856 3882 in
1878 3820 2035 3900 episcopis
2056 3817 2205 3901 singulis,
2225 3817 2346 3899 partim
2367 3819 2403 3883 in
2435 3887 2449 3909 ‚

396 3903 522 3986 byterio
549 3904 653 3968 maior
674 3906 732 3983 sit,
759 3906 928 3970 tamenin
956 3905 1069 3970 multis
1095 3906 1193 3971 rebus
1214 3903 1373 3988 Augusti·
1425 3906 1583 3983 conciliis,
1619 3913 1653 3970 et
1685 3904 1724 3969 iis
1746 3904 1800 3969 vel
1834 3903 2087 3986 provincialibus
2114 3903 2167 3969 vel
2194 3903 2403 3986 generalibus

393 4009 456 4053 nus
479 3987 683 4072 Hieronymo
711 3991 819 4056 minor
846 3999 903 4056 est
948 3991 1014 4057 Hic
1036 3998 1123 4056 certe
1145 4011 1299 4056 romanae
1320 4011 1372 4055 ec·
1425 4000 1601 4076 spectatur.
1655 3990 1708 4055 De
1739 3989 1900 4072 spirituali
1927 3996 2059 4054 tantum
2086 3995 2246 4071 potestate
2278 3988 2403 4072 loquor,

394 4074 511 4139 elesiae
537 4075 768 4158 presbyterum
790 4078 831 4142 ab
859 4077 931 4141 aliis
957 4078 1093 4141 minime
1116 4076 1287 4156 discernit,
1315 4075 1373 4140 sed
1424 4099 1508 4160 quae
1529 4076 1662 4159 propria
1687 4082 1738 4140 θεῖ
1764 4074 1926 4139 θθθΙθεὶθθ.
1976 4076 2028 4140 Ea
2050 4083 2161 4140 autem
2182 4076 2330 4140 consistit
2350 4074 2403 4141 vel

393 4179 508 4225 omnes
536 4180 578 4223 ex
606 4181 709 4243 aequo
736 4165 902 4245 postponit
934 4163 1101 4245 episcopis.
1150 4162 1253 4244 quue
1279 4181 1372 4226 eous-
1424 4165 1459 4226 in
1481 4163 1645 4240 doctrina,
1674 4160 1727 4226 vel
1748 4162 1784 4225 in
1805 4159 2044 4239 iurisdictione,
2073 4161 2126 4225 vel
2148 4162 2185 4225 in
2206 4159 2333 4243 legibus
2354 4160 2402 4224 fe·

392 4267 455 4328 que
482 4247 546 4309 fuit
573 4247 798 4327 observatum,
827 4250 926 4312 utin
955 4247 1090 4313 concilio
1118 4248 1370 4330 carthaginensi,
1424 4247 1583 4328 rendis.⁸)
1616 4248 1725 4312 Locus
1746 4246 1787 4312 de
1809 4245 1956 4312 doctrina
1978 4246 2060 4311 duas
2081 4247 2180 4311 habet
2201 4253 2319 4326 partes,
2343 4266 2402 4308 au-

392 4352 493 4413 quum
511 4331 575 4396 duo
598 4332 750 4398 adessent
771 4334 871 4418 legati
893 4354 1048 4398 romanae
1066 4333 1160 4410 sedis,
1182 4355 1269 4397 unus
1287 4334 1371 4414 epis·
1416 4334 1590 4405 „toritatem
1612 4332 1802 4417 dogmatum
1828 4331 2063 4398 tradendorum
2089 4342 2123 4396 et
2155 4351 2268 4395 eorum
2297 4329 2401 4411 expli-

392 4439 505 4500 copus,
534 4418 696 4498 secundus
723 4419 909 4505 presbyter,
939 4419 994 4484 hio
1019 4421 1056 4483 in
1082 4419 1235 4484 ultimum
1263 4418 1371 4483 locum
1424 4421 1592 4485 ostionem.
1622 4421 1810 4500 Antequam
1826 4418 2002 4502 incipimus
2025 4418 2065 4482 de
2083 4416 2220 4499 singulis
2242 4416 2276 4478 in
2294 4415 2402 4496 specie

392 4504 532 4569 reiectus
559 4506 666 4569 fuerit
711 4506 838 4570 Verum
864 4526 906 4570 ne
934 4506 1033 4570 nimis
1060 4514 1172 4570 vetera
1197 4525 1371 4586 persequa-
1424 4506 1592 4583 disserere,
1615 4505 1686 4587 pios
1707 4505 1844 4570 lectores
1866 4505 2017 4570 volumus
2038 4501 2229 4576 admonitos,
2252 4508 2289 4563 ut
2306 4499 2401 4581 quid·

392 4608 475 4664 mur,
496 4599 604 4655 exstat
626 4591 837 4676 concilium⁸)
865 4589 926 4656 sub
948 4591 1110 4674 Gregorio
1131 4591 1282 4656 habitum
1303 4590 1371 4654 Ro·
1423 4591 1501 4674 quid
1525 4590 1565 4655 de
1586 4589 1740 4655 eeclesiae
1768 4597 1928 4672 potestate
1950 4588 2098 4662 docetur,
2126 4586 2337 4650 meminerint
2358 4584 2401 4651 ad

392 4692 481 4749 mae,
508 4675 545 4737 in
564 4698 628 4757 quo
649 4677 834 4763 presbyteri
856 4678 972 4742 ultimo
1000 4677 1070 4742 loco
1094 4676 1209 4742 sedent
1230 4684 1264 4741 et
1283 4697 1371 4741 seor·
1424 4699 1500 4742 eum
1524 4678 1624 4740 finem
1645 4676 1767 4741 referre
1792 4675 1828 4738 in
1850 4696 1947 4757 quern
1968 4682 2052 4737 teste
2072 4670 2177 4736 Paulo
2199 4671 2233 4754 (2
2254 4669 2328 4735 Cor.
2350 4675 2400 4752 10,

393 4777 466 4821 sum
504 4760 726 4844 subscribunt;
761 4762 888 4830 diaconi
921 4764 1028 4829 locum
1061 4762 1189 4827 nullum
1220 4763 1256 4826 in
1294 4762 1370 4827 sub·
1425 4769 1499 4827 8et
1519 4766 1567 4841 13,
1589 4761 1644 4844 10)
1671 4761 1749 4827 data
1777 4770 1840 4824 est:
1871 4779 1987 4840 nempe
2016 4757 2058 4854 ad
2086 4754 2343 4854 aedificationem
2366 4764 2400 4820 et

393 4844 568 4926 scriptione
596 4846 727 4913 habent.
772 4852 819 4915 Et
846 4871 925 4916 sane
946 4849 1031 4914 nihil
1051 4850 1150 4914 officii
1170 4856 1248 4915 tunc
1270 4848 1371 4914 habe·
1425 4870 1492 4913 non
1520 4849 1557 4912 in
1587 4845 1854 4922 destructionem
1891 4863 1956 4926 qua
1982 4863 2038 4924 qur
2070 4842 2215 4926 leg1t1me
2247 4849 2398 4921 utuntur,

392 4930 486 5007 bant,
516 4930 579 4992 nisi
601 4934 695 4997 utin
717 4934 940 5003 doctrinaeet
967 4943 1247 5002 sacramentorum
1268 4934 1372 4999 admi-
1423 4935 1507 5000 nihil
1527 4934 1602 5017 plus
1623 4956 1658 4999 se
1683 4955 1754 4999 esse
1776 4929 1966 4994 existimant
1985 4948 2084 5008 quam
2111 4928 2279 4993 ministros
2300 4925 2400 4991 chri-
2500 4943 2502 4947 ·

392 5015 587 5080 nistrationc
621 5017 770 5101 episcopo
803 5023 955 5088 adessent
980 5044 1019 5088 ao
1047 5023 1228 5088 subessent.
1272 5021 1371 5086 Nunc
1423 5022 1466 5086 sti
1497 5020 1657 5101 simulque
1689 5018 1857 5081 ministros
1888 5013 1999 5096 populi
2033 5015 2067 5077 in
2101 5013 2243 5079 Christo,
2292 5013 2399 5078 Porro

393 5101 473 5165 adeo
495 5108 622 5166 mutata
643 5124 714 5168 sors
736 5112 795 5183 est,
817 5117 856 5171 ut
876 5109 954 5172 facti
976 5109 1042 5172 sint
1062 5130 1179 5193 regum
1200 5114 1234 5172 et
1251 5106 1371 5172 Caesa·
1423 5103 1644 5173 aedificandae
1672 5101 1825 5167 ecclesiae
1853 5120 1918 5164 uns
1946 5099 2027 5164 haec
2053 5100 2136 5164 ratio
2158 5107 2223 5177 est,
2251 5099 2279 5162 si
2301 5100 2399 5164 mini-

391 5207 466 5251 rum
493 5189 630 5271 cognati.
676 5188 746 5253 Nec
779 5190 916 5256 dubium
942 5198 993 5255 est
1020 5194 1101 5273 quin
1125 5215 1290 5259 unacum
1312 5213 1370 5258 suo
1422 5194 1484 5258 stri
1505 5193 1568 5274 ipsi
1595 5207 1690 5252 suam
1717 5185 1851 5251 Christo
1879 5186 2089 5250 sumentem
2110 5203 2304 5251 conservare
2327 5191 2398 5249 stu·

392 5274 498 5356 capite
520 5273 643 5338 sensim
663 5275 837 5354 creverint,
859 5275 962 5339 donec
984 5275 1108 5341 adhoc
1130 5278 1301 5360 dignitatis
1321 5280 1370 5343 fa·
1423 5279 1512 5356 dent,
1533 5293 1616 5357 quac
1638 5271 1728 5337 salva
1754 5270 1850 5335 aliter
1872 5291 1943 5336 esse
1966 5292 2033 5336 non
2059 5279 2167 5355 potest
2189 5290 2287 5353 quam
2315 5270 2345 5334 si
2364 5267 2398 5335 id

392 5360 528 5444 stigium
555 5361 659 5426 evecti
686 5362 829 5426 fuerumt
873 5361 1001 5425 Verum
1028 5360 1088 5426 boc
1109 5383 1238 5444 quoque
1258 5364 1371 5444 paucis

1422 5464 1626 5478 „st-

1491 5579 1521 5644 1)
1543 5577 1617 5631 nior.
1647 5577 1671 5632 4.
1698 5580 1779 5648 epae
1801 5574 1837 5629 ea
1860 5586 1889 5632 a
1911 5576 1961 5640 aa
1979 5579 2053 5632 ner.
2077 5542 2101 5632 5.
2128 5578 2206 5646 spat.
2232 5576 2247 5628 r
2270 5587 2299 5630 a
2323 5576 2397 5630 aust

419 5653 490 5744 ⁸¹⁴1)
507 5652 595 5775 Epist
622 5650 656 5733 15
675 5658 703 5705 θῖ
721 5649 754 5704 77
773 5656 802 5704 ot
820 5649 866 5733 ⁷93
884 5651 959 5704 Libr.
979 5648 1003 5703 2.
1027 5650 1108 5732 epist
1130 5650 1153 5703 6.
1173 5649 1208 5702 25
1225 5647 1370 5729 et'multis
1421 5647 1452 5714 2)
1472 5646 1629 5716 &qucum
1646 5648 1736 5703 ecdem
1755 5655 1839 5701 mon
1863 5645 2050 5715 §.137-153.
2126 5646 2157 5712 3)
2176 5647 2233 5701 He
2249 5660 2399 5714 suppressa

390 5722 458 5772 abrs.
547 5721 666 5790 >Epist
687 5719 728 5773 19.
747 5720 783 5773 sd
799 5720 960 5790 Hieronym.
1029 5720 1151 5787 3)1nbr.
1169 5717 1195 5774 4.
1213 5724 1307 5786 regist.
1422 5723 1488 5771 sunt
1503 5716 1644 5773 mm
2040 5749 2043 5752 >
2144 5755 2147 5759 ·
