5600 6809
405 765 466 827 327
1050 757 1317 826 mealtune
1338 759 1445 826 RDL.
1466 754 1648 825 oflalsr.
1673 761 1765 824 1559.
2351 759 2420 822 328

402 949 559 1015 materiae
587 948 715 1033 sylvam
742 948 811 1013 fore
833 946 943 1025 video,
977 946 1012 1009 in
1040 966 1105 1027 qua
1134 945 1256 1010 diutius
1277 944 1380 1011 multe
1435 946 1596 1012 cadavera
1615 947 1764 1011 virorum
1785 946 1840 1027 qui
1853 946 2069 1028 praevaricati
2091 951 2169 1010 sunt
2190 946 2227 1010 in
2241 966 2304 1024 me,
2326 943 2421 1028 quod

401 1035 569 1099 immorari
591 1054 723 1099 necesse
745 1035 788 1099 sit
807 1054 905 1115 quam
923 1033 1007 1097 ferat
1023 1030 1168 1095 instituti
1178 1031 1271 1109 ratio,
1294 1038 1382 1096 esset
1432 1033 1556 1096 vermis
1578 1053 1691 1097 eorum
1712 1053 1777 1097 non
1795 1033 1961 1111 morietur,
1984 1039 2017 1096 11
2033 1032 2120 1114 ignis
2138 1052 2205 1094 111
2223 1031 2419 1115 exstinguo-

402 1121 491 1185 enim
512 1141 594 1202 opus
610 1120 702 1203 longi
716 1119 901 1195 voluminis,
924 1117 1085 1198 simulque
1101 1115 1157 1181 vel
1172 1136 1289 1197 parum
1305 1138 1381 1199 per·
1433 1125 1497 1182 tur.
1541 1118 1638 1182 Alter
1662 1139 1741 1182 vero
1769 1117 1920 1181 Danielis
1947 1116 2088 1200 (12,1);
2117 1117 2153 1180 in
2181 1125 2328 1199 tempore
2357 1117 2418 1184 1111

402 1207 521 1289 spicaci
551 1206 666 1271 lectori
699 1207 788 1269 viam
819 1226 873 1269 me
905 1203 1061 1268 stravisse
1088 1223 1131 1266 ex
1160 1203 1380 1284 superioribus
1433 1210 1610 1287 consurget
1630 1202 1776 1269 Michael
1806 1205 1959 1286 princeps
1987 1223 2145 1286 magnus,
2179 1203 2325 1284 quietat
2352 1223 2417 1287 pro

402 1293 552 1370 arbitror,
575 1311 641 1375 qua
662 1291 821 1355 inoffenso
844 1310 942 1354 cursu
962 1307 1100 1371 pergere
1127 1295 1235 1369 queat,
1264 1309 1284 1352 1
1304 1309 1380 1370 pro·
1433 1289 1510 1353 filiis
1531 1289 1644 1371 populi
1666 1290 1732 1367 sui;
1761 1299 1794 1354 et
1815 1290 1926 1354 veniet
1947 1296 2077 1373 tempus
2099 1288 2285 1371 angustiae,
2314 1289 2417 1370 quale

400 1378 528 1443 lixitate
555 1399 623 1442 non
651 1376 731 1442 adeo
752 1377 788 1440 in
809 1396 962 1457 praesens
988 1374 1174 1439 necessaria
1195 1373 1378 1439 abstinebo:
1432 1375 1699 1524 111ῑζ111111
1726 1395 1790 1457 quo
1812 1380 1927 1458 gentes
1956 1395 2026 1439 esse
2054 1382 2243 1456 coepenmt:
2272 1380 2306 1438 et
2331 1382 2418 1441 tunc

401 1464 612 1546 praemonitis
635 1469 746 1526 tamen
767 1460 957 1538 lectoribus,
983 1467 1020 1524 ut
1041 1460 1130 1524 viam
1151 1459 1212 1524 sibi
1235 1480 1274 1524 ea
1295 1460 1380 1526 clavi
1433 1460 1525 1526 salva
1546 1461 1617 1524 itur
1643 1461 1783 1544 populus
1810 1467 1887 1524 tuus
1908 1461 2030 1537 omnis,
2059 1459 2116 1541 qui
2137 1460 2292 1524 inventus
2312 1461 2419 1525 111111

400 1549 554 1632 expedire
583 1547 810 1623 meminerint,
843 1566 942 1628 quam
969 1545 1061 1628 prius
1088 1546 1124 1609 in
1151 1565 1287 1609 manum
1313 1545 1380 1611 illis
1433 1547 1574 1628 scriptus
1595 1547 1631 1610 in
1652 1545 1751 1625 libro;
1778 1552 1875 1609 etex
1896 1547 1952 1623 iis,
1976 1546 2030 1627 qui
2055 1544 2223 1609 dormiunt
2244 1546 2281 1609 in
2303 1554 2417 1612 terrae

401 1634 560 1700 dedimus.
592 1635 729 1715 Nempe,
748 1633 872 1715 quoties
889 1628 995 1696 fidelis
1013 1629 1126 1712 populi
1143 1629 1379 1695 beatitudinem
1431 1631 1581 1715 pulvere,
1604 1631 1808 1715 evigilabunt
1831 1631 1889 1696 alii
1909 1632 1945 1695 in
1966 1632 2068 1695 vitam
2091 1638 2274 1706 aeternam,
2297 1631 2355 1695 alii
2377 1633 2416 1696 in

401 1721 578 1804 prophetae
600 1725 855 1785 commemorant
876 1717 984 1801 (cuius
1005 1716 1220 1781 vixminima
1240 1717 1380 1800 vestigia
1431 1717 1642 1801 opprobrium
1663 1718 1907 1800 sempiternum.

399 1808 435 1870 in
455 1806 620 1889 praesenti
643 1805 713 1869 vita
734 1801 943 1886 cernuntur),
967 1800 1008 1865 ad
1029 1801 1115 1866 hanc
1137 1800 1379 1867 distinctionem
1518 1807 1569 1867 23.
1613 1803 1686 1866 Iam
1712 1805 1748 1867 in
1777 1802 1902 1867 duobus
1923 1801 2057 1884 reliquis
2075 1797 2271 1885 probandis,
2299 1810 2416 1884 patres

399 1891 602 1974 confugiant:
644 1889 710 1953 Dei
741 1890 923 1954 bonitatem
954 1909 1018 1969 quo
1050 1886 1167 1950 mehus
1199 1888 1378 1969 prophetae
1431 1889 1555 1954 scilicet
1575 1888 1747 1953 Christum
1779 1888 1815 1952 in
1845 1886 1985 1952 foederis
2017 1888 2070 1952 sui
2097 1888 2218 1971 pignus
2245 1886 2415 1969 habuisse,

400 1976 684 2053 commendarent,
714 1970 920 2058 temporariis
948 1972 1130 2049 beneficiis,
1165 1972 1256 2038 velut
1276 1974 1378 2037 linea-
1431 1989 1527 2056 atque
1553 1975 1590 2037 in
1618 1976 1689 2057 ipso
1717 1994 1849 2038 omnem
1875 1973 2108 2038 benedictionis
2134 1971 2288 2038 fiduciam
2316 1993 2416 2056 repc-

401 2063 521 2127 mentis
547 2061 756 2145 quibusdam,
790 2060 910 2143 populo
938 2057 1164 2133 adumbrasse;
1198 2057 1256 2123 sed
1278 2059 1378 2124 talem
1432 2061 1550 2138 suisse,
1583 2059 1661 2142 quia
1686 2061 1796 2125 minus
1823 2060 2062 2125 controversiae
2090 2067 2124 2124 et
2148 2058 2223 2142 plus
2250 2058 2420 2126 claritatis-

401 2149 471 2212 eius
503 2149 649 2231 pinxisse
681 2148 823 2229 effigiem
855 2165 939 2228 quae
970 2150 1097 2208 mentes
1125 2149 1220 2208 extra
1246 2153 1378 2223 terram,
1431 2145 1570 2223 habent,
1599 2166 1668 2209 non
1696 2145 1859 2210 laborabo.
1905 2143 2152 2210 Constituamus
2179 2165 2257 2228 ergo
2285 2166 2414 2226 1111111,

401 2233 564 2298 elementa
591 2231 705 2297 mundi
729 2233 840 2309 huius,
870 2237 903 2295 11
930 2231 1115 2314 periturum
1136 2230 1308 2308 saeculum,
1325 2251 1379 2294 ra·
1431 2230 1518 2312 quod
1555 2252 1617 2296 nec
1656 2231 1734 2296 ullis
1780 2230 1901 2295 diaboli
1926 2231 2103 2295 machinis
2142 2230 2257 2296 revelli
2295 2238 2413 2313 queat:

399 2327 507 2401 peret,
540 2327 638 2401 atque
671 2316 713 2382 ad
743 2316 950 2399 cogitandam
974 2316 1106 2379 futurae
1136 2335 1173 2378 ac
1200 2315 1379 2397 spiritualis
1430 2325 1526 2380 vetus
1562 2323 1798 2382 testamentum
1830 2338 1888 2381 seu
1916 2315 2045 2395 foedus,
2083 2316 2280 2398 quodcum
2306 2316 2416 2383 israe·

400 2406 488 2470 vitae
509 2404 698 2470 felicitatem
719 2403 902 2468 necessario
924 2402 1089 2466 excitaret.
1430 2401 1520 2467 litico
1540 2403 1659 2485 populo
1679 2402 1840 2485 percussit
1858 2401 2038 2479 Dominus,
2061 2423 2127 2466 111
2149 2402 2247 2467 rebus
2269 2404 2415 2469 terrenis

488 2494 538 2553 21.
594 2487 758 2571 Exemplo
795 2509 864 2552 uno
899 2486 1045 2552 contenti
1077 2486 1209 2551 erimus.
1266 2484 1378 2566 Quum
1431 2487 1530 2553 fuisse
1560 2489 1753 2567 limitatum,
1787 2487 1844 2552 sed
1871 2487 2050 2569 spiritualis
2077 2496 2293 2570 eetemaeque
2319 2488 2414 2555 vitae

400 2575 571 2640 Israelitae
593 2575 799 2657 Babylonem
824 2573 984 2657 deportati
1012 2591 1105 2636 suam
1134 2571 1379 2653 dissipationem
1430 2574 1679 2655 promissionem
1723 2573 1943 2651 continuisse;
1994 2574 2088 2638 euius
2132 2574 2416 2655 exspectationem

400 2662 500 2724 morti
533 2660 734 2724 simillimam
766 2680 837 2724 esse
864 2666 1045 2733 cernerent,
1079 2655 1237 2722 dimoveri
1265 2656 1307 2721 ab
1340 2678 1378 2721 ea
1430 2661 1576 2722 omnium
1603 2660 1721 2723 animis
1747 2648 1939 2741 impresstm
1966 2659 2123 2741 oportuit,
2151 2661 2209 2741 qui
2236 2659 2272 2723 in
2295 2658 2415 2727 foedus

400 2747 553 2829 opinione
574 2746 633 2810 vix
653 2753 813 2828 poteraut,
835 2744 917 2827 quin
936 2742 1119 2808 fabulosum
1136 2749 1291 2823 putarent
1307 2763 1378 2807 esse
1429 2765 1507 2808 vere
1533 2744 1789 2809 consentiebant.
1834 2744 1931 2808 Hanc
1952 2765 2031 2809 vero
2057 2745 2208 2809 insanam
2236 2765 2273 2810 ac
2296 2746 2413 2827 perni-

400 2831 488 2914 quod
527 2829 567 2896 de
605 2853 666 2896 sua
701 2831 906 2895 restitutione
944 2829 1185 2894 vaticinabatur
1222 2828 1377 2893 Ezechiel
1430 2829 1549 2894 cicsam
1570 2831 1757 2912 opinionem
1779 2829 1892 2912 procul
1914 2850 2192 2907 summoveamus,
2215 2837 2273 2894 aut
2290 2831 2414 2896 Domi-

401 2916 474 3002 (37,
498 2918 549 3001 4),
580 2915 666 2997 quod
688 2914 824 2999 perinde
845 2914 880 2978 id
901 2914 1118 2980 aestimabant
1140 2934 1177 2978 ac
1200 2914 1228 2978 si
1250 2913 1377 2978 denun·
1429 2936 1510 2980 num
1532 2915 1618 2979 nihil
1640 2915 1728 2980 aliud
1750 2916 1959 2999 proposuisse
1980 2915 2128 2993 Iudaeis,
2150 2924 2208 2980 aut
2226 2916 2301 2979 illos
2322 2917 2413 2981 nihil

399 3004 513 3070 tiasset
544 3002 739 3067 suscitatum
768 3002 804 3065 in
836 3001 940 3066 vitam
971 3000 1013 3063 iri
1044 2998 1176 3080 putrida
1206 3000 1375 3073 cadavera.
1429 3002 1627 3082 quaesivisse
1653 3010 1783 3085 praeter
1809 3001 1935 3067 ventris
1962 3001 2184 3078 saturitatem,
2213 3001 2321 3066 carnis
2349 3001 2412 3065 de-

399 3088 576 3166 Dominus,
606 3097 644 3150 ut
671 3087 858 3151 ostenderet
883 3108 944 3152 neo
972 3104 1011 3149 ea
1037 3085 1109 3167 ipsa
1130 3083 1323 3151 difficultate
1341 3107 1376 3150 se
1428 3086 1529 3166 licias,
1552 3088 1706 3152 florentes
1724 3108 1811 3171 opes,
1830 3094 2001 3151 externam
2019 3087 2205 3168 potentiam,
2227 3085 2412 3151 liberorum

398 3172 549 3255 impediri
572 3170 1128 3255 quominusbeneficiosuolocum
1149 3172 1376 3255 1111111111-
1428 3172 1691 3248 foecunditatem,
1715 3181 1749 3237 et
1769 3172 1927 3255 quidquid
1950 3172 2102 3236 animalis
2123 3171 2218 3237 homo
2237 3172 2274 3235 in
2296 3173 2410 3254 pretio

397 3259 515 3341 phetae
538 3279 691 3340 campum
713 3258 814 3322 aridis
836 3256 962 3323 ossibus
984 3256 1119 3339 plenum
1140 3277 1200 3339 per
1216 3257 1376 3323 visionem
1429 3256 1536 3323 habet
1588 3258 1665 3322 Non
1697 3259 1786 3322 enim
1818 3256 1908 3323 aliud
1939 3257 2104 3323 coelorum
2135 3277 2275 3341 regnum
2307 3257 2414 3324 hodie

397 3344 554 3424 ostendit;
588 3345 722 3427 quibus,
757 3344 826 3408 sola
853 3342 944 3409 verbi
972 3343 1023 3407 sui
1051 3341 1189 3421 virtute,
1223 3343 1376 3425 spiritum
1428 3344 1592 3425 promittit
1624 3345 1693 3409 suis
1726 3342 1880 3409 Christus
1912 3342 2076 3408 Dominus
2110 3342 2245 3425 (Matth.
2272 3348 2308 3420 8,
2342 3345 2411 3496 llg,

398 3431 610 3513 vigoremque
638 3450 704 3493 uno
726 3436 893 3494 momento
915 3427 1066 3493 reddidit.
1112 3425 1285 3494 Serviebat
1304 3431 1376 3512 qui·
1428 3449 1529 3510 quam
1545 3431 1602 3495 ubi
1622 3428 1815 3495 recumbant
1837 3450 1912 3493 oum
1929 3429 2109 3508 Abraham,
2131 3430 2226 3494 Isaac
2247 3436 2282 3493 et
2297 3428 2411 3495 Iacc.

398 3515 473 3579 dem
491 3516 532 3581 ad
543 3523 750 3599 praesentem
767 3514 1029 3580 incredulitatem
1042 3513 1268 3597 corrigendam
1277 3516 1360 3581 visio
1366 3538 1376 3594 ;
1428 3515 1478 3579 Ac
1500 3514 1640 3579 Iudaeos
1667 3515 1788 3580 saeculi
1815 3515 1868 3580 sui
1887 3514 2008 3580 Petrus
2033 3515 2191 3579 haeredes
2213 3535 2284 3579 esee
2307 3535 2413 3581 evan·

398 3601 455 3666 sed
475 3603 609 3667 interim
628 3601 768 3666 Iudaeos
786 3599 1096 3666 commonefaciebat
1112 3607 1272 3682 quantum
1289 3601 1376 3664 ultra
1428 3600 1552 3683 gelicae
1569 3602 1694 3684 gratiae
1710 3601 1877 3665 asserebat
1893 3599 1980 3685 (Act
1996 3604 2024 3677 3,
2036 3598 2102 3684 25),
2125 3598 2284 3683 quodfilii
2297 3607 2413 3665 essent

397 3688 509 3769 populi
541 3686 766 3752 reductionem
803 3688 910 3752 virtus
942 3685 1077 3752 Domini
1115 3684 1373 3768 protenderetur,
1427 3686 1673 3768 prophetarum,
1695 3685 1922 3768 comprehensi
1943 3687 1978 3750 in
1994 3686 2124 3751 foedere
2142 3684 2228 3768 quod
2242 3686 2410 3753 Dominus

398 3772 1148 3857 11111111111111111111111,11111111,
1177 3771 1374 3837 1111111111
1427 3771 1505 3835 olim
1527 3793 1602 3837 cum
1624 3792 1684 3835 sua
1705 3778 1803 3854 gente
1824 3770 2011 3854 pepigisset.
2043 3774 2094 3837 Ac
2114 3793 2157 3836 11
2176 3771 2212 3835 11
2233 3772 2310 3837 solis
2331 3792 2410 3837 ver»

398 3865 575 3938 vegetaret.
621 3857 731 3938 Quare
760 3861 958 3924 sententiam
985 3858 1077 3923 illam
1100 3878 1175 3921 cum
1196 3857 1374 3922 11111111-
1426 3856 1477 3921 bis
1498 3862 1656 3921 testatum
1678 3864 1776 3935 esset,
1804 3856 1968 3922 Dominus
1989 3860 2074 3922 facto
2096 3878 2224 3940 quoque
2246 3857 2409 3940 approba-

397 3941 485 4010 saiae
514 3942 577 4005 rite
606 3944 806 4024 comparabis
829 3946 982 4028 (Ι11.26,
1005 3943 1073 4026 19);
1108 3943 1222 4009 vivent
1241 3945 1373 4023 mortui,
1426 3943 1483 4008 vit.
1517 3942 1569 4005 Eo
1591 3944 1680 4006 enim
1701 3963 1766 4024 quo
1783 3944 1965 4007 resurrexit
1985 3950 2151 4008 momento
2167 3942 2289 4008 multos
2311 3964 2410 4010 sano·

398 4025 537 4091 cadaver
558 4047 684 4106 meum,
707 4039 893 4113 resurgent:
923 4029 1187 4121 expergiscimini
1209 4037 1242 4093 et
1264 4030 1374 4095 exsul-
1426 4037 1536 4092 torum
1556 4028 1805 4094 resurrectionis
1827 4048 1906 4093 suae
1928 4030 2090 4094 consortio
2112 4028 2344 4112 dignatusest,
2368 4048 2408 4096 11

395 4119 471 4189 tate,
495 4112 550 4193 qui
571 4111 725 4176 habitatis
747 4115 937 4197 inpulvere,
961 4117 1037 4198 quia
1057 4136 1112 4180 ros
1129 4115 1244 4179 viridis
1256 4116 1372 4199 campi,
1426 4114 1577 4187 visendos
1604 4116 1641 4178 in
1662 4115 1794 4178 civitate
1815 4115 1967 4197 praebuit
1988 4115 2123 4200 (Matth.
2144 4118 2195 4194 27,
2216 4114 2287 4197 12);
2315 4120 2408 4180 certo

394 4218 448 4262 ros
473 4206 569 4276 tuus;
598 4206 631 4261 ct
658 4206 780 4262 terram
802 4201 975 4284 gigantum
995 4200 1148 4266 detrahes
1169 4201 1206 4265 in
1226 4203 1371 4266 ruinam:
1426 4201 1608 4265 arrhabone
1630 4201 1676 4266 sic
1698 4199 1788 4278 dato,
1818 4200 1978 4283 quidquid
2000 4201 2077 4265 fecit
2098 4221 2136 4264 ac
2156 4220 2274 4284 passus
2296 4206 2347 4265 est
2367 4201 2422 4266 in·

394 4283 478 4348 vade
504 4283 623 4366 popule
644 4285 707 4361 mi,
735 4285 823 4350 intra
851 4286 886 4349 in
914 4287 1126 4352 tabernacula
1152 4294 1224 4366 tua;
1258 4286 1373 4353 claude
1425 4294 1578 4352 aeternae
1600 4286 1716 4352 salutis
1734 4286 1990 4368 acquisitionem,
2013 4286 2056 4351 ad
2073 4286 2195 4351 veteris
2212 4287 2408 4350 testamenti

394 4371 476 4434 ostia
495 4378 553 4433 tua
570 4377 725 4450 superte,
750 4369 945 4436 abscondere
962 4372 1154 4454 pauxillum,
1177 4372 1278 4439 donec
1298 4394 1372 4455 per·
1424 4370 1537 4438 fideles
1569 4393 1636 4437 ncn
1664 4393 1758 4437 secus
1785 4393 1886 4454 quam
1914 4372 1954 4436 ad
1976 4392 2038 4437 nos
2058 4371 2230 4454 pertinere.
2274 4370 2406 4453 Nempe

394 4462 541 4521 transeat
561 4454 758 4539 indignatio:
789 4477 862 4520 ecce
890 4458 976 4520 enim
999 4458 1161 4522 Dominus
1184 4458 1372 4541 egredietur
1425 4469 1459 4521 et
1486 4457 1599 4522 eodem
1625 4457 1702 4523 fidei
1725 4458 1856 4539 spiritu,
1885 4479 1949 4540 quo
1976 4458 2012 4521 in
2033 4459 2137 4523 vitam
2158 4474 2404 4541 regeneramur,

394 4540 526 4607 deloco
549 4562 623 4619 suo,
649 4549 688 4605 ut
715 4542 828 4608 visitet
853 4542 1061 4624 iniquitatem
1090 4543 1281 4609 habitatoris
1303 4550 1371 4610 ter·
1424 4549 1508 4609 teste
1532 4544 1633 4609 Petro
1661 4544 1749 4629 (Act.
1777 4548 1831 4622 15,
1858 4542 1907 4626 8),
1935 4543 2075 4625 praediti
2101 4544 2242 4608 fuerunt.
2287 4539 2406 4622 Quum

393 4647 449 4689 rae
471 4635 585 4691 contra
606 4649 697 4707 cum;
718 4637 752 4692 ct
772 4628 933 4693 revelabit
954 4635 1043 4693 terra
1060 4630 1370 4712 sanguinemsuum,
1424 4629 1577 4712 spiritum
1597 4630 1706 4706 illum,
1736 4628 1791 4710 qui
1813 4639 1865 4692 est
1889 4629 1993 4693 veluti
2020 4629 2182 4711 quaedam
2207 4626 2406 4692 immortali-

392 4731 453 4775 nec
475 4714 602 4794 operiet
622 4713 746 4779 diutius
767 4714 954 4779 interfectos
976 4735 1060 4778 suos.
1424 4716 1502 4780 tatis
1523 4715 1559 4779 11
1581 4716 1674 4780 nobis
1696 4714 1847 4790 scintilla,
1870 4714 1958 4779 unde
1980 4723 2014 4778 et
2031 4716 2173 4780 arrhabo
2189 4712 2405 4778 haereditatis

480 4801 529 4861 22.
576 4796 773 4882 Quanquam
806 4802 834 4864 si
862 4801 935 4882 quis
963 4800 1004 4864 ad
1026 4799 1185 4864 eiusmodi
1212 4821 1372 4866 canonem
1423 4809 1554 4865 nostrae
1577 4800 1654 4865 alibi
1677 4798 1778 4884 (Eph.
1800 4804 1833 4876 l,
1855 4799 1909 4884 14)
1931 4808 2082 4879 vocatur,
2104 4801 2141 4864 in
2162 4799 2229 4865 illis
2250 4798 2405 4865 similiter

393 4883 504 4946 omnia
531 4882 681 4967 redigere
709 4892 829 4965 tentet,
853 4883 993 4950 absurde
1020 4885 1147 4964 fecerit;
1181 4894 1261 4952 sunt
1282 4889 1372 4952 enim
1424 4886 1575 4951 audimus
1596 4885 1769 4963 habitasse,
1792 4884 1951 4966 quomodo
1972 4885 2039 4951 illis
2056 4887 2145 4950 vitae
2166 4882 2405 4950 haereditatem

393 4967 517 5049 aliquot
537 4968 608 5044 loci,
629 4971 683 5051 qui
704 4972 795 5036 nullo
813 4973 1038 5055 integumento
1055 4971 1208 5051 futuram,
1232 4993 1315 5054 quae
1336 4974 1372 5037 in
1424 4971 1568 5036 adimere
1591 4969 1791 5035 audeamus?
1836 4968 1910 5050 Quo
1931 4972 2037 5055 magis
2057 4973 2180 5036 mirum
2200 4977 2251 5036 est
2272 4990 2311 5035 eo
2333 4978 2413 5035 stu·'

393 5073 495 5136 regno
527 5053 592 5117 Dei
623 5054 736 5136 fideles
768 5065 894 5135 manet,
927 5056 1208 5122 immortalitatem
1236 5057 1370 5123 demon·
1423 5057 1511 5139 poris
1538 5056 1617 5120 olim
1643 5054 1796 5121 recidisse
1818 5053 2040 5136 Sadducaeos,
2073 5066 2112 5122 ut
2138 5067 2210 5122 tum
2236 5076 2404 5122 resurrec-

394 5145 509 5203 strant.
541 5136 664 5218 Quales
681 5143 855 5207 nonnullos
872 5144 1090 5220 recitavimus,
1113 5149 1147 5207 et
1162 5143 1275 5225 quales
1293 5151 1372 5207 sunt
1424 5144 1562 5221 tionem,
1585 5151 1656 5205 tum
1677 5140 1863 5206 animarum
1884 5144 2101 5208 substantiam
2122 5151 2296 5228 negarent,
2325 5161 2404 5225 qno·

393 5245 469 5290 cum
496 5225 551 5288 alii
577 5223 737 5307 plerique,
771 5236 842 5293 tum
867 5231 1040 5312 praecipue
1068 5227 1134 5293 duo
1166 5229 1230 5293 isti.
1275 5229 1372 5294 Alter
1423 5249 1499 5292 rum
1520 5235 1695 5310 utrumque
1717 5235 1786 5291 tam
1805 5227 1988 5296 illustribus
2005 5230 2186 5312 scripturae
2203 5226 2403 5294 1111111111
2505 5229 2510 5238 ’

393 5310 481 5392 apud
512 5308 655 5376 Iesaiam
688 5311 760 5396 (66,
780 5314 850 5399 22):
885 5316 971 5382 sicut
1001 5315 1082 5380 cccli
1114 5315 1191 5382 ncvi
1223 5322 1258 5380 et
1283 5323 1372 5379 terra
1424 5313 1652 5402 consignatum
1669 5312 1842 5379 habebant
1875 5315 1945 5380 Nec
1965 5315 2075 5380 minus
2094 5314 2283 5399 prodigiosa
2304 5310 2403 5380 hodie

393 5417 493 5476 nova,
523 5416 607 5480 quae
628 5397 712 5495 facio
733 5404 821 5462 stare
843 5421 953 5465 coram
974 5422 1043 5476 me,
1070 5402 1116 5466 sic
1138 5400 1239 5467 stabit
1260 5421 1371 5466 semen
1423 5399 1508 5464 foret
1535 5399 1636 5465 totius
1663 5399 1806 5465 nationis
1833 5401 1995 5466 stoliditas
2020 5401 2057 5464 in
2088 5398 2307 5483 exspectando
2334 5407 2404 5465 ter·

393 5489 556 5562 vestrum;
588 5490 621 5546 et
649 5490 714 5547 1111
739 5485 861 5550 mensis
890 5507 931 5550 ex
958 5508 1084 5566 mense,
1110 5487 1309 5553 sabbathum
1329 5507 1372 5551 ex
1426 5540 1629 5551 ...ψ

392 5566 565 5666 sabbatho:
595 5568 705 5634 veniet
730 5569 838 5634 omnis
860 5588 934 5635 caro
966 5581 1004 5634 ut
1025 5573 1138 5638 adoret
1159 5592 1269 5638 coram
1289 5573 1372 5637 facie
1493 5603 1522 5674 1)
1542 5604 1624 5660 yffi
1638 5606 1946 5674 mmmmm,
1969 5603 2311 5675 sent.1592aqq.,ettam
2335 5603 2403 5660 pp,

393 5672 482 5733 mea,
516 5653 596 5719 dicit
621 5655 799 5734 Dominus;
833 5667 867 5721 et
897 5656 1119 5739 egredientur,
1153 5667 1187 5724 et
1213 5657 1373 5725 videbunt
1423 5674 1508 5729 tacta
1519 5679 1659 5744 posterior
1675 5675 1765 5728 educ.
1909 5668 1911 5672 ’
