5600 6809
389 883 475 943 1027
1030 870 1297 938 INSTITUTIO
1320 871 1425 936 REI..
1449 867 1630 936 CHRIST.
1657 873 1749 935 1559.
1986 873 1992 896 ’
2200 958 2205 971 .
2315 869 2403 931 1028

394 1029 576 1146 simpliciter
602 1061 772 1142 discipulos
796 1061 918 1141 faciant
945 1060 1079 1125 ouddos
1101 1066 1188 1125 testes
1215 1078 1370 1138 ascensus,
1422 1059 1542 1141 ubique
1574 1065 1612 1121 ut
1639 1058 1740 1121 Deus.
1793 1055 1967 1121 Subiicitur
1993 1076 2065 1121 mox
2091 1055 2188 1119 ratio:
2221 1074 2289 1118 una
2316 1055 2403 1119 enum

394 1171 445 1300 iiis
455 1170 525 1299 qui}
540 1149 685 1298 νοῇνοο
697 1146 863 1297 duffio&
884 1147 1020 1226 perinde
1041 1146 1301 1296 ‹Zoelggtedicegeum
1322 1164 1371 1209 vo
1417 1164 1554 1242 persona
1571 1141 1662 1293 Deua}
1678 1141 1886 1292 umuli),
1908 1146 1936 1205 et
1952 1147 2116 1290 atruniqlize
2136 1138 2406 1291 “widem

395 1256 489 1385 riurei
512 1237 1069 1399 abritemmwslupergtmurtecpiqittm
1098 1250 1373 1397 aspidium
1423 1229 1537 1380 mie
1547 1248 1670 1379 partius
1683 1249 1861 1377 qsocordiae
1886 1247 2006 1393 5:⁴8de
2027 1248 2100 1377 edin
2122 1246 2276 1392 ἷζονρονοᾳ
2290 1330 2406 1376 coenae

395 1426 512 1471 rursus
522 1406 668 1471 adveniat
678 1405 790 1468 mundi
806 1403 902 1468 iudex
908 1428 918 1483 ;
936 1405 1013 1484 quio
1029 1423 1111 1468 nuru
1122 1403 1238 1468 melum
1253 1402 1372 1484 inpres-
1423 1401 1623 1483 mysterium,
1644 1419 1712 1464 rem
1732 1399 1808 1463 adeo
1829 1399 1946 1463 seriam
1967 1403 1995 1462 et
2012 1418 2154 1480 qrovm,
2183 1398 2213 1460 si
2233 1399 2309 1477 qnid
2330 1397 2405 1461 doo-

395 1511 452 1557 sus
472 1512 534 1556 non
556 1497 608 1569 est,
631 1496 666 1554 ut
687 1490 768 1554 illud
789 1489 875 1553 solus
896 1493 1030 1571 occupet,
1058 1489 1112 1553 sed
1135 1493 1169 1552 nt
1195 1507 1297 1552 seeum
1317 1506 1372 1551 vos
1424 1488 1526 1550 trinae
1547 1506 1642 1567 quom
1663 1485 1814 1549 tractabat
1834 1484 1902 1549 illic
1921 1485 2035 1566 suisset
2055 1483 2246 1549 adrasum?
2287 1482 2332 1546 Et
2352 1487 2406 1546 ta-

395 1582 545 1642 etomnes
560 1579 634 1659 pios
655 1575 784 1658 eolliqat.
1424 1593 1494 1637 men
1527 1573 1557 1634 si
1584 1571 1657 1651 quis
1683 1575 1793 1635 attente
1818 1570 1900 1650 quod
1920 1569 2021 1651 paulo
2041 1575 2115 1652 post
2141 1569 2283 1649 sequitur
2310 1568 2404 1651 leqat,

449 1700 453 1707 ·
482 1666 533 1726 28.
582 1662 735 1743 Quonim
765 1680 836 1724 vero
851 1664 1004 1739 patronos
1029 1658 1200 1723 adulterini
1220 1657 1373 1741 doqmatis
1424 1659 1557 1739 reperiet
1588 1657 1646 1720 sub
1678 1656 1738 1721 illa
1773 1657 1914 1738 qeneroli
1948 1655 2088 1720 dodmna
2121 1674 2245 1719 menam
2279 1674 2405 1735 quoque

395 1753 531 1814 veterum
557 1747 721 1829 suffroqiis
741 1745 823 1809 nibil
847 1745 944 1827 pudet
970 1745 1053 1810 illud
1075 1765 1202 1823 ornare,
1225 1765 1262 1808 ac
1279 1763 1373 1825 prae
1424 1743 1651 1825 comprehendi,
1683 1740 1843 1806 Cltristm
1870 1742 2067 1824 unipenitum
2087 1740 2152 1806 Dei
2177 1740 2296 1820 filiurn,
2326 1760 2405 1803 eurt-

397 1836 507 1899 sertim
535 1832 724 1916 Auqnstini,
752 1850 846 1912 quom
862 1850 1009 1911 perverse
1030 1831 1065 1895 id
1087 1837 1239 1908 conentur,
1256 1830 1374 1913 paucis
1425 1830 1552 1910 denique
1570 1828 1674 1907 filium
1695 1828 1844 1905 bominis,
1866 1828 1978 1907 ubique
1998 1833 2095 1891 mlum
2109 1831 2306 1906 praesentem
2327 1846 2404 1903 esse,

398 1920 570 1999 expediam.
616 1918 707 1981 Navi
730 1936 827 1995 quum
854 1937 875 1980 a
901 1917 998 1980 doctis
1018 1917 1130 1998 etpiis
1151 1917 1231 1980 viris
1252 1916 1373 1980 codecta
1425 1922 1575 1995 tanquam
1600 1914 1720 1979 Deum:
1747 1915 1782 1977 in
1809 1913 1919 1993 ternplo
1946 1912 2010 1976 Dei
2043 1912 2112 1997 (hoc
2138 1913 2236 1976 estin
2258 1911 2403 1994 ecclesia)
2499 1923 2504 1931 ’

396 2005 515 2086 fuerint
541 2023 646 2068 eorum
673 2002 862 2077 testimonia,
890 2002 958 2066 nolo
985 2021 1052 2066 νοννν
1079 2007 1181 2067 actam
1202 2021 1308 2084 aqere,·
1335 2021 1373 2064 ex
1425 2022 1490 2066 esse
1518 2006 1668 2080 tanquam
1694 1998 1916 2068 inhabitantem
1937 1998 2059 2077 Deum,
2087 2002 2114 2062 et
2140 1999 2176 2062 in
2202 1999 2264 2062 loco
2291 1997 2404 2078 aliquo

396 2109 503 2156 eorum
524 2087 786 2153 lucubrationibus
801 2091 889 2168 petat
915 2088 971 2167 qui
998 2087 1083 2151 volet.
1128 2087 1178 2150 Ne
1204 2106 1243 2150 ex
1264 2086 1375 2168 Anqu-
1425 2087 1513 2164 coeli,
1536 2090 1667 2167 propter
1694 2086 1761 2148 veri
1789 2085 1925 2165 corporis
1946 2084 2079 2148 modum
2132 2084 2281 2149 Videmus
2303 2088 2339 2146 ut
2360 2083 2406 2146 ad

398 2176 480 2240 stino
508 2174 633 2256 quidun
659 2192 820 2255 conperom
842 2192 1039 2254 quaecunque
1068 2173 1110 2238 ad
1137 2191 1202 2235 rem
1222 2171 1374 2252 foverent5
1428 2171 1587 2238 Christum
1615 2192 1685 2235 cum
1714 2171 1838 2234 ecclesia
1859 2170 2044 2250 uniendum,
2067 2189 2178 2251 corpus
2199 2170 2301 2233 eiuse
2323 2168 2404 2234 coelo

397 2261 452 2326 sed
479 2264 634 2326 contentus
661 2278 712 2323 ero
733 2259 850 2339 paucis
876 2259 1046 2336 ostendere,
1074 2259 1142 2322 sive
1169 2258 1379 2322 controversia
1426 2279 1486 2322 non
1504 2258 1615 2334 eliciat,
1636 2257 1719 2338 quod
1739 2262 1817 2320 certe
1835 2255 1981 2337 facturus
2001 2260 2076 2333 erat,
2097 2257 2128 2320 si
2147 2275 2259 2335 corpus
2282 2253 2405 2319 Christi

397 2351 493 2411 totum
515 2366 579 2410 esse
599 2349 749 2409 nostrum.
796 2343 883 2422 Quod
910 2344 1101 2420 adversarii,
1130 2347 1164 2406 ut
1191 2364 1261 2407 eum
1287 2343 1375 2406 uobis
1426 2364 1496 2410 vere
1526 2342 1613 2407 cibus
1646 2341 1734 2406 nobis
1761 2362 1822 2405 riou
1848 2347 1927 2406 esset
1952 2342 2019 2405 nisi
2045 2342 2102 2405 sub
2122 2362 2208 2422 pone
2235 2341 2401 2404 inclusum.

398 2435 611 2512 extorqueant,
628 2432 830 2509 praetexunt,
853 2430 981 2511 passim
1006 2431 1041 2492 in
1069 2430 1136 2492 eius
1164 2428 1257 2493 libris
1273 2449 1376 2494 oecur-
1427 2429 1517 2494 Alibi
1532 2429 1555 2513 ¹)
1584 2429 1734 2509 definiens
1754 2427 1903 2509 quomodo
1919 2427 2025 2507 fideles
2049 2425 2209 2491 Christum
2230 2447 2314 2490 nunc
2328 2447 2403 2508 pos-

398 2538 476 2595 rere,
494 2536 619 2582 curnem
635 2519 662 2578 et
678 2513 864 2596 sanquinem
883 2512 1001 2578 Christi
1018 2515 1198 2595 dispensari
1219 2515 1255 2577 in
1273 2534 1374 2590 coena,
1426 2517 1563 2579 sideant:
1584 2514 1691 2591 labes,
1714 2514 1831 2594 inquit,
1848 2534 1910 2593 per
1926 2515 2053 2596 siqnum
2069 2515 2188 2592 crucis,
2206 2533 2268 2593 per
2289 2512 2406 2593 baptis·

398 2623 505 2684 nunpe
527 2601 685 2665 victimam
706 2599 798 2663 semel
819 2600 854 2662 in
876 2619 964 2664 eruce
981 2598 1127 2676 oblatam,
1149 2599 1299 2679 frivolum
1315 2604 1375 2663 est:
1427 2602 1521 2664 matis
1532 2603 1766 2676 sacramentum,
1779 2619 1841 2679 per
1859 2600 1972 2663 altaris
1988 2598 2090 2662 eibmrr
2106 2604 2134 2663 ot
2144 2605 2265 2679 potum.
2302 2599 2405 2679 Qnram

399 2709 496 2770 quum
517 2687 612 2750 simnd
638 2690 717 2749 vocet
744 2685 793 2749 vet
815 2685 1051 2763 euman'xion,
1078 2685 1127 2750 vel
1146 2690 1375 2749 sacromentum
1427 2692 1504 2751 recte
1535 2686 1785 2766 superstitiosum
1816 2686 1915 2749 ritum
1940 2686 2022 2749 inter
2046 2684 2183 2766 synrbola
2203 2686 2406 2765 praesentiae

366 2815 371 2826 ι
400 2774 547 2854 corporis.
593 2769 752 2835 Caeterum
773 2791 833 2851 quo
854 2791 948 2835 sensu
968 2791 1053 2836 voces
1070 2772 1179 2835 caruis
1199 2775 1227 2834 et
1249 2771 1376 2853 sanqui
1430 2771 1549 2837 Clvristi
1574 2776 1727 2848 numeret,
1764 2791 1825 2834 non
1855 2771 1997 2851 disputo;
2022 2771 2078 2836 sed
2105 2771 2162 2852 qni
2188 2772 2406 2851 praesentiam

400 2859 453 2923 uis
481 2861 617 2936 usurpet,
646 2876 707 2920 riou
728 2860 773 2920 est
799 2857 880 2935 quod
906 2856 992 2939 lorrqo
1015 2857 1149 2920 circuitu
1177 2876 1375 2936 quaeramus,
1428 2860 1535 2922 carnis
1560 2863 1719 2937 comparat
1744 2858 1846 2921 erneis
1873 2857 1975 2938 siquo,
2004 2857 2083 2922 satis
2105 2857 2237 2922 ostendit
2253 2858 2289 2921 ’νο
2313 2855 2405 2920 Cleri·

400 2943 525 3026 quondo
546 2963 579 3006 se
599 2943 705 3022 ipsum
726 2941 865 3022 explicat,
886 2942 999 3021 dicens,
1014 2942 1039 3027 ¹)
1059 2947 1255 3006 sacramenta
1274 2962 1312 3005 ex
1332 2944 1376 3005 si·
1428 2948 1510 3008 stum
1531 2944 1717 3024 bicorporem
1736 2963 1799 3006 nou
1817 2943 1946 3024 finqere,
1968 2947 2003 3006 ut
2024 2942 2157 3007 oundtus
2178 2943 2234 3006 sub
2248 2963 2335 3022 parre
2356 2942 2402 3005 la-

350 3077 355 3086 .
399 3028 577 3094 militudine
598 3047 704 3091 rerum
726 3047 807 3108 quos
827 3028 954 3110 siqnont
972 3029 1100 3092 minino
1118 3028 1269 3108 occepere,
1296 3028 1376 3092 ideo
1427 3035 1489 3094 teat
1508 3031 1565 3110 qui
1587 3031 1621 3092 iri
1642 3028 1720 3092 coelo
1741 3029 1877 3092 visibilis
1896 3029 1987 3092 sedet.
2035 3029 2122 3108 Quod
2143 3029 2173 3092 si
2198 3028 2401 3108 explicatione

400 3135 458 3197 que
478 3113 646 3178 secundum
667 3113 821 3192 quendam
840 3114 965 3177 modum
988 3118 1217 3178 sacramentum
1239 3115 1376 3195 corporis
1428 3117 1553 3198 indiqet,
1575 3116 1717 3180 continuo
1727 3120 1802 3196 post
1823 3113 1889 3177 illic
1906 3114 2102 3196 adiunqitur,
2125 3113 2288 3178 secundum
2303 3133 2401 3192 prae

400 3221 465 3266 esse
488 3218 607 3280 corpus.
645 3195 706 3262 Cui
727 3199 996 3283 concinit‘alter2)
1019 3199 1104 3265 locus
1120 3201 1200 3263 satis
1216 3200 1376 3282 culparis:
1428 3203 1560 3266 sentiam
1586 3201 1761 3265 maiestatis
1790 3220 1845 3264 nos
1872 3219 1992 3280 semper
2017 3199 2128 3263 babere
2156 3198 2326 3278 Christum,-
2355 3218 2402 3262 se·

330 3291 335 3300 ’
399 3285 637 3351 non-dubitavit
658 3283 818 3349 Dominus
838 3284 954 3364 dicere,
983 3285 1037 3348 boe
1066 3290 1110 3349 est
1130 3304 1242 3366 corpus
1264 3305 1374 3363 meum,
1427 3287 1562 3351 cundum
1622 3287 1791 3350 cosentiam
1809 3286 1915 3349 carnis
1935 3290 2014 3349 recte
2035 3286 2152 3349 didmn
2172 3305 2250 3350 esse:
2271 3306 2319 3349 me
2340 3305 2404 3347 non

400 3392 498 3452 quum
524 3372 652 3453 siqunun
677 3370 775 3435 daret.
826 3369 947 3434 Iterum
974 3371 1134 3449 obiectant,
1164 3372 1278 3436 diserte
1299 3371 1376 3434 sori-
1427 3393 1547 3455 semper
1583 3371 1731 3437 abdritis.
1781 3371 1958 3451 Excipiunt
1974 3371 2084 3435 »simul
2117 3374 2211 3436 etiam
2237 3371 2291 3436 lvoc
2317 3370 2404 3448 addi,
2473 3445 2475 3448 .

399 3459 467 3523 bere
488 3456 718 3538 Auqnstinum,
745 3475 857 3536 corpus
880 3454 999 3540 Christi
1025 3457 1132 3521 codem
1155 3459 1326 3521 interram
1347 3460 1376 3521 et
1427 3459 1594 3525 seeundum
1621 3458 1858 3538 ineffabilemet
1884 3457 2074 3522 invisibilem
2098 3460 2238 3540 qratiam
2258 3456 2405 3537 impletur

397 3545 434 3609 in
453 3563 489 3608 os
510 3541 685 3625 inqredizfl)
714 3562 822 3621 nempe
847 3543 949 3607 eodem
970 3562 1063 3607 sensu
1085 3563 1144 3624 quo
1166 3544 1305 3607 consumi
1326 3543 1375 3624 af·
1427 3545 1507 3626 quod
1535 3546 1573 3609 ab
1600 3565 1633 3610 eo
1660 3545 1778 3608 dictum
1807 3549 1866 3607 est.-
1893 3562 1945 3626 eqo
1972 3543 2126 3608 vobiscum
2146 3564 2226 3631 sum
2242 3563 2341 3623 usque
2362 3540 2404 3605 ad

395 3629 518 3712 irrorat,
546 3629 623 3709 quio
649 3631 815 3708 utrumque
840 3628 936 3692 simul
962 3629 1129 3711 coniunqit.
1183 3628 1249 3692 Nec
1278 3628 1375 3692 obstat
1427 3632 1720 3695 coruummationem
1741 3629 1867 3695 soeculi.
1914 3627 1977 3694 Sed
1997 3628 2080 3694 nibil
2099 3630 2134 3692 in
2151 3649 2257 3694 eorum
2279 3648 2405 3693 monuo

398 3717 480 3798 quod
498 3714 581 3792 dicit,
594 3719 721 3795 peracto
738 3714 883 3796 mqsterio
894 3734 1013 3794 panem
1025 3715 1174 3791 consumi,
1193 3714 1270 3793 quia
1274 3712 1375 3794 paulo
1428 3718 1518 3782 dum.-
1551 3717 1627 3798 quio
1658 3715 1712 3780 boc
1742 3716 1865 3780 tarrdem
1895 3716 1938 3780 ad
1970 3717 2161 3780 maiestatem
2192 3715 2403 3796 restriuqitur,

399 3806 470 3866 onte
491 3802 631 3865 dixerat.-
653 3800 729 3879 quio
749 3798 927 3864 horninibus
947 3800 1021 3864 baec
1042 3804 1115 3865 nota
1135 3805 1222 3890 sunt,
1251 3799 1375 3882 quondo
1428 3823 1508 3885 quae
1534 3801 1659 3882 semper¹
1681 3803 1846 3882 opponitur
1867 3802 2002 3882 corpori,
2028 3820 2065 3865 ac
2083 3800 2267 3865 nominatim
2288 3819 2362 3864 caro
2384 3820 2405 3864 a

394 3906 455 3968 ρον
476 3886 613 3950 homiues
632 3886 721 3965 fiunt,
743 3885 887 3951 bonorem
908 3890 1058 3967 tanquam
1075 3886 1225 3968 relipiosa
1240 3891 1376 3967 possunt
1426 3889 1533 3972 qratia
1554 3889 1724 3968 virtuteque
1753 3887 1948 3952 discernito.
1996 3885 2083 3951 Sunt
2110 3886 2188 3951 alibi
2213 3886 2322 3949 eadem
2349 3905 2405 3948 an-

398 3971 525 4049 lrabere,·
552 3977 702 4052 tanquam
730 3973 829 4050 mira,
858 3992 920 4036 non
935 3975 1076 4052 possunt.
1121 3970 1187 4036 Nee
1208 3972 1272 4037 olio
1294 3991 1377 4053 spec-
1428 3974 1546 4039 titltesis
1567 3974 1654 4053 apud
1675 3994 1744 4037 urm
1760 3974 1882 4057 leqitur,
1904 3973 1985 4054 quod
1999 3972 2158 4053 reliquerit
2177 3969 2326 4035 Christus
2341 3971 2406 4035 dis·

398 4063 445 4122 tat
466 4056 548 4138 quod
569 4058 746 4122 adversarii
766 4058 864 4123 nimis
885 4057 1109 4122 inconsiderate
1127 4059 1170 4123 ad
1188 4079 1222 4122 se
1238 4058 1375 4136 trabunt,
1429 4060 1548 4140 viprdos
1571 4060 1753 4141 praesentia
1774 4060 1944 4140 corporali,
1972 4063 2007 4122 ut
2030 4058 2161 4140 futurus
2182 4058 2226 4122 sit
2246 4077 2317 4121 cum
2338 4057 2406 4121 dlis

401 4141 563 4209 Cbristum
578 4162 612 4206 se
628 4136 849 4222 quodommdlo
860 4148 1006 4224 portasse
1021 4143 1168 4208 manibus
1184 4145 1261 4222 suis,
1279 4154 1376 4226 quum
1422 4147 1604 4227 praesentia
1624 4146 1801 4226 spirituali.-
1821 4146 1876 4209 nbi
1897 4146 2019 4210 darum
2039 4149 2092 4223 est,
2114 4145 2223 4209 earnis
2239 4143 2406 4207 essentiam

392 4248 513 4311 panem
538 4228 703 4311 mysticum
730 4229 896 4309 discipulis
918 4230 1101 4311 porriqeret.
1115 4229 1144 4313 ⁴)
1198 4229 1285 4293 Nam
1321 4231 1376 4294 ad-
1429 4232 1583 4315 distinpui
1604 4252 1626 4294 a
1644 4232 1780 4312 spiritus
1800 4232 1925 4309 virtute,
1955 4251 2035 4310 quae
2055 4251 2111 4295 nos
2134 4228 2259 4295 Christo
2280 4230 2406 4293 coniun-

398 4314 502 4380 verln'o
523 4314 746 4379 similitudinis
763 4315 942 4395 interposito
958 4315 1038 4379 sotis
1054 4315 1201 4393 declarat,
1223 4336 1286 4380 nou
1306 4335 1376 4380 vere
1427 4320 1482 4400 pit,
1503 4318 1637 4383 lomrnrm
1658 4318 1781 4399 alioqui
1802 4318 1955 4382 distortio
1971 4317 2086 4396 procul
2108 4317 2241 4381 dissitos.
2283 4313 2404 4377 Εοᾱονο

398 4421 453 4466 nec
476 4401 602 4466 realiter
623 4401 723 4482 fuisse
749 4400 806 4463 sub
821 4421 907 4482 pane
934 4400 1099 4465 inclusum.
1145 4400 1212 4466 Neo
1239 4402 1375 4479 mirnm5
1427 4404 1571 4486 loquendi
1590 4424 1700 4487 qenere
1716 4405 1844 4484 saepius
1864 4404 1977 4481 utdur,
2005 4407 2041 4466 ut
2066 4422 2163 4484 quum
2182 4401 2271 4465 dicit:
2295 4402 2404 4462 vadu-

399 4488 525 4568 quoudo
551 4486 667 4568 olibi5)
696 4491 800 4566 aperte
820 4487 986 4563 contendit,
1008 4506 1154 4567 corporo,
1183 4487 1214 4551 si
1235 4487 1301 4552 illis
1322 4488 1376 4552 tol-
1427 4511 1484 4555 rus
1510 4495 1555 4554 est
1579 4490 1622 4554 ad
1649 4491 1737 4555 vivos
1758 4495 1785 4553 et
1805 4486 1977 4571 mortuos²)
2000 4488 2183 4568 praesentia
2209 4485 2313 4550 itidem
2333 4503 2403 4548 cor·

398 4573 508 4639 lantur
524 4573 629 4653 spatia
646 4571 789 4650 locorum,
811 4591 968 4652 nusquam
984 4570 1059 4651 fore,
1083 4577 1110 4635 et
1127 4574 1205 4653 quia
1220 4593 1376 4653 nusquam
1422 4576 1543 4658 parali,
1569 4576 1738 4641 secundum
1762 4575 1838 4656 fidei
1859 4574 1999 4658 reqidam
2024 4594 2196 4654 sanamque
2215 4571 2404 4648 doctrinam·

399 4663 503 4736 erunt,
532 4660 660 4738 penitus
685 4679 747 4722 non
773 4658 847 4739 fore.
899 4656 1013 4721 Ieiuua
1040 4662 1084 4722 est
1110 4659 1281 4737 cavillatio,
1311 4660 1376 4724 illie
1427 4683 1503 4726 narn
1518 4663 1701 4744 praesentia
1721 4659 1884 4742 spiritrmli
1906 4661 1948 4724 ad
1969 4680 2019 4724 eos
2039 4661 2146 4739 utique
2163 4661 2230 4723 erat
2245 4661 2403 4733 venturus,

396 4766 457 4810 non
479 4745 534 4828 aqi
554 4746 592 4810 de
613 4764 712 4822 coena,
733 4744 768 4806 in
790 4764 854 4824 qua
873 4743 964 4809 Deus
980 4743 1146 4824 specialem
1162 4745 1306 4808 virtutem
1323 4766 1375 4811 ex·
1429 4753 1457 4814 et
1483 4768 1552 4812 cum
1579 4752 1641 4812 tota
1662 4747 1787 4812 ecclesia
1812 4747 1940 4828 futurus
1960 4747 1996 4809 in
2016 4744 2132 4808 mundo
2152 4764 2250 4824 nsque
2273 4743 2315 4807 ad
2336 4761 2405 4807 con-

397 4832 488 4896 serit:
505 4832 582 4912 quia
599 4830 636 4894 de
655 4828 773 4893 Cleristi
790 4849 882 4893 eamve
898 4833 980 4893 moto
998 4835 1066 4893 erat
1083 4831 1231 4910 quaestio,
1250 4836 1377 4897 etsouc·
1428 4835 1664 4901 summationem
1684 4833 1815 4896 saeculi:
1843 4852 1914 4915 erqo
1942 4831 1985 4896 ad
2011 4830 2162 4895 credentes
2181 4830 2333 4911 diripitur
2353 4827 2406 4891 liic

397 4921 448 4983 tus
469 4917 522 4980 vir
543 4936 580 4978 ex
597 4914 740 4996 professo
761 4917 955 4997 respondens,
973 4915 1265 4994 immortalitatem,
1275 4918 1303 5002 ⁶)
1326 4920 1376 4982 in·
1429 4941 1536 4999 sermo,
1554 4939 1630 5000 quos
1650 4937 1777 4981 servare
1798 4918 1864 4980 iam
1885 4921 2023 4996 coeperat
2037 4917 2222 4995 praesentia
2239 4913 2404 4994 corporali,

399 5003 475 5083 quit,
499 5000 591 5082 sarni
612 5021 689 5064 suae
711 5000 801 5065 dedit
823 5000 985 5079 Christus,
1008 5007 1162 5065 naturam
1179 5022 1246 5065 non
1268 5005 1377 5069 abstu-
1430 5011 1457 5071 et
1478 5026 1556 5087 quos
1576 5004 1743 5067 relicturus
1764 5007 1831 5065 erat
1853 5003 1994 5066 absentio
2015 5003 2184 5082 corporali,
2208 5006 2242 5064 ut
2262 5021 2313 5065 eos
2333 5019 2405 5064 cum

397 5087 451 5162 lit3
481 5084 661 5150 seeundum
689 5086 774 5151 hano
800 5088 938 5151 formum
959 5107 1027 5150 non
1045 5086 1210 5170 putandus
1233 5097 1283 5152 est
1303 5091 1377 5156 ubi·
1424 5097 1519 5174 patre
1544 5093 1682 5155 servaret
1701 5088 1886 5169 praesentia
1913 5088 2087 5168 spirituali.
2134 5086 2300 5168 Corporale
2326 5085 2407 5149 acci-

399 5192 462 5254 que
500 5170 655 5236 diffusus:
690 5173 871 5239 cavendum
903 5173 993 5237 enim
1027 5195 1069 5237 nv
1096 5173 1144 5237 ita
1169 5172 1377 5240 divinitatem
1424 5196 1502 5259 pere
1524 5195 1583 5257 pro
1610 5172 1744 5252 visibili,
1771 5175 1972 5257 nuqatorium
1999 5181 2058 5240 est:
2084 5173 2209 5256 quando
2237 5177 2266 5236 et
2291 5191 2407 5252 corpus

399 5263 587 5323 astruamus
605 5256 757 5336 hominis,
775 5266 813 5323 ut
829 5259 1003 5326 veritatem
1012 5259 1158 5342 corporis
1175 5258 1377 5342 auferamus3
1429 5263 1554 5344 opponit
1565 5261 1866 5344 divinaepotentiae,·
1883 5266 1912 5326 et
1932 5262 2059 5340 adderes,
2077 5280 2147 5325 orem
2157 5263 2253 5341 patre
2269 5277 2405 5334 servare,

399 5365 467 5408 non
490 5351 541 5409 ost
564 5350 673 5409 autem
694 5366 896 5428 consequens
917 5352 969 5426 ut,
993 5346 1080 5430 quod
1103 5345 1140 5410 in
1159 5345 1232 5410 Deo
1252 5355 1311 5426 est,
1334 5348 1378 5412 sit
1428 5349 1511 5415 clare
1529 5347 1679 5428 exprimit
1695 5349 1837 5432 qratiam
1862 5368 1955 5414 suam
1976 5347 2087 5413 ecoelo
2109 5367 2171 5427 per
2191 5344 2341 5425 spiritum
2363 5342 2407 5408 ad

816 5455 820 5463 ’
1198 5499 1206 5511 ,
1428 5456 1485 5503 uos
1506 5434 1688 5516 diffundere.

1516 5525 1565 5585 29.
1613 5519 1642 5602 ⁸)
1653 5520 1697 5584 Et
1733 5521 1882 5601 quoniam
1913 5524 2033 5584 tardum
2057 5516 2194 5622 fiduciae
2215 5519 2340 5598 ponunt
2370 5517 2408 5580 in

399 5718 460 5772 libr.
470 5651 544 5774 lii}
545 5653 564 5704 d
586 5648 822 5781 ginffibdp⁸3.2bde
841 5649 1238 5789 Tnzitpbligalbdmzffi
1257 5659 1374 5782 {dliii}
1496 5728 1526 5786 l)
1543 5727 1632 5778 Tract.
1650 5723 1693 5776 50.
1711 5726 1741 5777 in
1758 5725 1899 5778 Ioannem.
1982 5694 2025 5791 Ι2)
2047 5725 2204 5777 iudicandos
2227 5738 2279 5776 om.
2303 5738 2407 5777 onmes

397 5784 430 5856 b)
447 5789 534 5856 Epist.
552 5790 586 5840 ad
604 5790 767 5840 Dardanum.
838 5784 868 5853 6)
885 5785 963 5842 Haeo
978 5789 1033 5842 iam
1051 5789 1114 5842 olim
1132 5790 1156 5855 §-
1173 5789 1209 5845 24
1226 5794 1351 5850 admont.
1427 5795 1457 5864 3)
1480 5796 1557 5848 Idem
1576 5800 1765 5860 orannenrum
1786 5794 1886 5862 paucis
1908 5799 2076 5848 tenuaverat
2094 5793 2116 5859 §.
2135 5791 2177 5846 ΞΘ.
2193 5791 2316 5860 praeced.
2341 5791 2408 5847 edit.
