5600 6809
404 777 444 834 n
816 769 905 836 nm.
928 773 955 837 1.
999 772 1063 837 na}
1086 722 1374 840 coemamus
1396 773 1481 837 nm
1503 771 1776 840 onnnuoms.
1822 773 1922 841 cnr.
1946 776 2015 847 v..
2360 787 2412 855 ao

492 963 540 1022 ll.
586 958 688 1041 Atqui
709 966 961 1043 quantacunque
985 962 1133 1026 claritate
1154 970 1187 1024 et
1208 983 1242 1026 se
1265 963 1381 1026 etim·
1433 966 1510 1025 esset
1529 960 1620 1040 finis·
1642 966 1670 1024 et
1690 967 1726 1025 al
1746 961 1871 1027 cubam
1892 963 2013 1027 nullum
2032 964 2104 1045 fiat,
2126 966 2205 1030 sotis
2227 986 2265 1029 en
2285 970 2327 1030 tat
2347 987 2413 1033 cor·

403 1045 542 1110 mortale
569 1066 664 1110 suum
687 1065 824 1128 regnum
846 1048 1008 1112 Dominus
1032 1050 1067 1112 in
1089 1068 1224 1129 operum
1246 1069 1381 1112 suorum
1433 1047 1564 1127 ruptelis
1590 1052 1720 1127 apparet
1745 1069 1842 1128 quarn
1867 1047 2027 1114 laeditis
2051 1051 2092 1114 sit
2119 1049 2274 1116 liumanoe
2300 1056 2412 1119 nantis

403 1131 535 1215 speculo
563 1139 799 1213 repraesentet,
828 1133 884 1213 qui
909 1143 1021 1198 tamen
1049 1141 1100 1198 est
1126 1143 1236 1197 noster
1258 1141 1379 1217 stupor,
1433 1134 1572 1197 multos.
1620 1131 1710 1197 Rode
1731 1139 1760 1197 et
1779 1134 1937 1198 indoctum
1957 1135 2070 1216 culpus
2093 1138 2204 1201 onim.
2249 1136 2311 1203 Sed
2331 1140 2412 1204 inter

404 1217 446 1283 ad
467 1224 536 1280 tam
553 1217 743 1299 perspicuas
760 1219 1001 1283 testificationes
1020 1241 1148 1301 semper
1166 1219 1379 1298 hebescimus,
1427 1216 1628 1300 philosophos
1648 1219 1703 1298 qui
1714 1219 1836 1283 ratione
1856 1225 1885 1283 et
1904 1220 2045 1285 dodrina
2056 1227 2221 1301 periurare
2242 1223 2276 1287 in
2294 1226 2408 1292 coelum

403 1309 439 1367 at
462 1305 530 1368 sim
551 1302 693 1383 masada
718 1302 857 1384 effluant.
901 1304 988 1369 Nam
1011 1311 1172 1387 quantum
1200 1305 1242 1368 ad
1265 1305 1380 1369 mundi
1432 1304 1534 1368 conati
1554 1309 1641 1383 suad,
1674 1325 1770 1385 quom
1786 1304 1938 1386 pudazdo
1963 1311 2008 1370 est
2031 1308 2192 1371 uarietas?
2225 1314 2259 1371 ut
2280 1312 2410 1393 quisque

401 1388 556 1472 folmucm
576 1392 604 1452 ct
618 1388 866 1467 palatuar-rimam
883 1391 1077 1473 positionem
1096 1392 1222 1468 attinet,
1246 1400 1380 1473 quotus·
1433 1390 1542 1454 altiore
1563 1389 1688 1472 inperio
1703 1392 1871 1472 praeditus
1882 1392 1955 1472 fuit,
1975 1396 2100 1473 arteque
2120 1397 2148 1456 et
2168 1394 2298 1458 suedia
2319 1397 2410 1460 lima

402 1475 536 1557 quisque
558 1481 608 1537 est
629 1482 789 1552 nostrum,
813 1477 868 1556 qui
891 1476 969 1539 dum
992 1478 1101 1541 oculos
1123 1477 1175 1541 vel
1197 1478 1232 1541 in
1253 1477 1379 1541 coelum
1433 1481 1491 1554 tas,
1513 1476 1559 1539 ita
1580 1475 1731 1555 speciosa
1751 1477 1862 1541 coines
1882 1498 1959 1542 aroc
1975 1478 2141 1542 sententiae
2156 1479 2301 1543 inducere
2322 1483 2411 1548 uisas
2488 1526 2502 1541 ..

403 1559 536 1637 attollit,
571 1558 625 1624 vel
650 1580 709 1641 per
737 1561 887 1643 regiones
914 1568 1021 1625 terrae
1049 1563 1158 1626 varias
1183 1562 1379 1641 circumfert,
1432 1567 1492 1640 cst,·
1518 1580 1595 1641 qum
1615 1565 1717 1625 tomen
1737 1582 1841 1626 omnes
1861 1564 1892 1626 si
1907 1564 2044 1643 propius
2064 1564 2235 1644 inspicias,
2262 1568 2410 1633 marridos

402 1653 546 1711 mentem
567 1645 608 1708 ad
631 1647 784 1710 creatoris
806 1649 997 1711 memoriam
1019 1648 1147 1725 referat,
1172 1667 1209 1712 ac
1226 1669 1291 1711 non
1309 1669 1379 1712 ma-
1431 1667 1496 1711 esse
1514 1645 1602 1727 sucos
1620 1647 1762 1728 reperies.
1795 1648 1917 1731 Arpate
1936 1648 1997 1712 sibi
2014 1650 2077 1713 uisi
2094 1654 2167 1714 scat
2184 1650 2285 1714 dnae
2304 1649 2410 1731 Stoici,

426 1733 469 1809 ‘s,
491 1732 666 1814 praeterito
689 1738 816 1810 autore,
840 1733 875 1796 in
898 1753 1034 1816 opernm
1056 1746 1189 1816 aspectu
1211 1732 1377 1798 desideat?
1427 1732 1611 1815 possediat
1639 1752 1676 1795 cc
1697 1734 1814 1798 curedis
1840 1739 1973 1798 araturae
1987 1735 2136 1816 pomibm
2157 1736 2251 1798 uana
2273 1736 2337 1800 Dei
2359 1758 2411 1802 na·

402 1754 574 1899 {sanaim
596 1838 673 1880 vero
695 1817 815 1881 attinet
841 1818 882 1882 ud
909 1840 1052 1901 eaquae
1072 1820 1380 1901 praeternaturalia
1431 1820 1533 1896 mino,
1561 1838 1656 1898 neque
1685 1824 1789 1882 tanuen
1809 1825 1975 1900 propterea
2003 1821 2139 1885 locum
2167 1841 2267 1884 unum
2295 1821 2410 1887 Deum.

404 1904 558 1969 decursus
580 1901 728 1966 ordinem
754 1903 897 1984 quotidie
920 1905 1094 1981 eveniunt,
1123 1906 1379 1987 quotusquisque
1435 1905 1535 1984 Quasi
1556 1924 1626 1968 uero
1647 1923 1708 1967 nort
1728 1905 1796 1968 iam
1811 1905 1890 1986 plus
1910 1906 1991 1970 satis
2011 1907 2055 1971 ad
2071 1907 2239 1970 vanitatem
2254 1909 2411 1988 proclims

402 2010 469 2054 non
490 1988 595 2070 magis
617 1996 756 2070 reputat,
779 2010 875 2054 caeca
896 1990 1004 2072 potius
1025 1991 1174 2054 fortunae
1195 1991 1379 2054 temeritate
1430 1990 1547 2066 amus,
1575 1989 1640 2053 nisi
1661 1989 1823 2070 mrdtiplen
1843 1992 1971 2055 aaran
1993 1992 2083 2070 copia
2103 1993 2190 2056 ruba
2211 1992 2325 2056 obiecta
2346 1992 2410 2058 lan·

401 2074 503 2139 rotari
534 2081 568 2136 et
600 2073 740 2138 volutari
769 2074 918 2139 homines
950 2097 1048 2158 quam
1075 2076 1138 2140 Dei
1171 2075 1378 2160 providentia
1428 2076 1502 2158 qius
1523 2081 1551 2138 et
1572 2075 1734 2139 uiolentius
1754 2096 1811 2141 aas
1831 2076 1868 2139 in
1889 2097 2023 2142 emnem
2043 2076 2238 2141 marana.
2273 2076 2410 2160 Mystico

401 2158 597 2244 gubernari?
622 2158 755 2240 'Quod
768 2160 796 2223 si
824 2160 953 2242 quaudo
982 2162 1121 2226 istamm
1142 2183 1254 2226 rerum
1278 2162 1378 2227 ductu
1430 2164 1524 2226 ctiam
1552 2160 1778 2242 Aeppptiaram
1803 2161 1954 2245 tlreolopia
1981 2163 2123 2240 mardi,
2158 2163 2264 2228 sedada
2291 2164 2326 2227 in
2354 2164 2409 2230 hoc

401 2266 438 2310 ac
477 2245 668 2323 directione,
708 2245 750 2310 ad
781 2246 845 2310 Dei
884 2247 1175 2312 considerationem
1214 2246 1378 2329 adigimur
1429 2266 1533 2311 unum
1552 2245 1743 2324 incubuisse,
1771 2267 1809 2311 ne
1835 2248 1950 2328 absque
1971 2249 2089 2311 ratione
2110 2249 2249 2330 despuere
2271 2249 2410 2314 omani·

401 2331 502 2415 (quod
530 2329 681 2395 omnibus
707 2333 838 2396 evenire
859 2334 1079 2398 necessarium
1101 2332 1165 2417 ost)
1192 2337 1294 2397 tanna
1322 2332 1378 2397 ubi
1429 2338 1490 2397 tur.
1532 2332 1582 2397 Ac
1610 2332 1715 2413 primo
1746 2333 1827 2414 sorte
1857 2333 1977 2397 intuitu
2008 2333 2131 2413 aliquid
2158 2340 2307 2415 tanquam
2336 2356 2410 2416 pra·

398 2424 521 2481 temere
549 2415 728 2480 divinitatis
756 2417 891 2483 alicuius
913 2440 1045 2484 sensum
1067 2419 1289 2501 concepimus,
1319 2439 1377 2482 ex·
1428 2417 1527 2483 boddo
1547 2417 1704 2498 simplices
1726 2419 2083 2500 etincautasdeciperet5
2104 2419 2158 2484 scd
2177 2418 2409 2501 nititunqnom

398 2502 520 2584 templo
542 2501 584 2565 ad
606 2503 714 2567 carnis
735 2512 866 2567 nostrae
883 2503 998 2569 deliria
1018 2504 1066 2568 uel
1081 2525 1188 2587 prom
1209 2509 1377 2569 commento
1428 2503 1610 2586 compilavit
1631 2503 1716 2567 ullas
1737 2505 1925 2583 muium,
1950 2525 2010 2585 quo
2031 2525 2091 2569 non
2111 2506 2243 2585 turpiter
2264 2510 2409 2586 mrruptc

397 2586 594 2664 delabimur,
618 2608 655 2652 ac
675 2608 794 2668 puram
814 2588 880 2653 Dei
902 2590 1074 2654 ventamm
1095 2598 1208 2654 nostra
1229 2611 1376 2655 corrum-
1427 2589 1525 2671 faerit
1545 2589 1664 2673 relipio.
1710 2588 1812 2670 Atque
1840 2589 1914 2654 laec
1935 2595 1999 2654 tam
2022 2591 2152 2671 confusa
2171 2590 2309 2654 candos
2330 2590 2410 2671 Epi-

395 2675 507 2757 pimus
539 2673 692 2737 vanitate.
748 2674 790 2737 In
828 2696 865 2739 eo
897 2674 1037 2757 quidem
1062 2674 1249 2755 dissnniles,
1289 2673 1376 2756 quod
1427 2677 1531 2741 aureis
1552 2675 1715 2739 anmals
1734 2675 1812 2740 aliis
1829 2676 1958 2756 pietatis
1978 2675 2411 2757 wntcmptonbasandociom

396 2760 534 2843 quisque
563 2758 624 2823 sibi
652 2759 810 2840 privatim
837 2760 961 2842 aliquid
983 2760 1156 2843 peculiaris
1178 2761 1299 2826 erroris
1322 2782 1375 2826 ac-
1428 2761 1561 2839 oddidit,
1582 2766 1618 2824 ut
1638 2780 1756 2824 amiran
1775 2759 1838 2825 Dei
1859 2781 1984 2826 sernum
2001 2761 2176 2826 adiicerent.
2208 2760 2295 2825 Nam
2312 2782 2410 2843 qnam

397 2846 510 2921 cersit;
539 2843 575 2906 in
598 2843 659 2909 hoc
680 2854 790 2909 tamen
813 2846 986 2925 simillimi,
1010 2847 1096 2929 quod
1119 2846 1161 2912 ad
1180 2868 1284 2911 unum
1305 2867 1375 2911 om·
1422 2846 1686 2929 prudentissimos
1706 2866 1840 2927 quosque
1861 2853 1978 2911 certare
1998 2847 2136 2912 viduet
2157 2847 2327 2911 cadroriis
2344 2848 2411 2929 opi-

396 2930 517 2995 nesab
537 2949 602 2993 uno
623 2951 702 2995 vero
723 2930 796 2995 Deo
825 2930 867 2994 ad
888 2931 1073 3016 prodigiosa
1095 2940 1296 3016 nugamenta
1317 2931 1373 2997 de-
1427 2933 1587 3010 nionibua
1615 2952 1654 2995 ea
1680 2951 1785 2997 eorum
1811 2932 1958 2997 dissidiis
1984 2938 2011 2996 ct
2035 2932 2154 3013 friuola
2175 2933 2269 2997 elion
2290 2933 2337 2996 uel
2356 2932 2409 2996 ab·

396 3016 533 3080 ficimus.
579 3012 653 3095 Quo
686 3014 799 3079 morbo
826 3036 893 3080 non
921 3016 1048 3100 plebeia
1076 3017 1171 3081 modo
1198 3026 1231 3082 et
1258 3016 1374 3082 obtusa
1427 3019 1527 3083 sardo
1547 3018 1696 3098 cuiusque
1716 3017 1864 3095 άοοίήηα,
1887 3017 2025 3100 collipere
2047 3039 2107 3082 naa
2125 3018 2316 3095 (latitarunt,
2338 3017 2407 3098 snc-

396 3100 537 3185 ingenia,
561 3099 618 3165 sed
640 3102 900 3184 praeclarissima
921 3111 955 3168 et
972 3103 1132 3186 singulari
1153 3103 1274 3185 alioqui
1297 3124 1373 3169 acu·
1427 3108 1495 3168 stra
1516 3103 1649 3168 etstalte
1665 3108 1816 3167 tarmertto
1832 3103 1894 3167 sibi
1915 3122 2068 3167 accersere
2085 3103 2223 3167 turnines
2244 3103 2298 3166 nbi
2316 3103 2407 3166 marm

396 3188 484 3252 mine
505 3185 662 3269 praedita,
684 3187 904 3270 implicantur.
944 3187 1054 3269 Quam
1073 3189 1201 3271 prolixe
1222 3209 1317 3253 suam
1338 3190 1374 3252 in
1427 3191 1483 3271 qui
1516 3189 1624 3254 nullas
1656 3193 1701 3253 est
1732 3189 1931 3271 inoestiqont;
1963 3189 2056 3269 idque
2090 3208 2123 3252 se
2149 3190 2278 3268 impunc
2303 3187 2407 3268 socae

396 3273 460 3338 liae
486 3280 580 3355 parte
602 3272 812 3337 stoliditatem
840 3293 878 3337 ae
900 3274 1119 3339 insulsitatem
1140 3274 1283 3357 prodidit
1304 3281 1374 3338 tota
1427 3277 1600 3352 dunuunt,
1634 3275 1710 3354 quio
1736 3279 1914 3357 praecluet
1950 3273 2033 3337 beai
2065 3274 2241 3353 compendio
2269 3293 2407 3353 prorsus

396 3358 667 3443 philosophorum
687 3357 799 3423 natio?
843 3358 944 3439 Nam,
971 3366 1009 3423 ut
1030 3359 1103 3425 aliis
1125 3381 1296 3443 parcamus
1319 3361 1374 3442 qui
1427 3361 1532 3425 Deam
1558 3381 1682 3443 nepore,
1712 3381 1808 3442 quom
1833 3359 1948 3444 finqere
1968 3361 2100 3425 incertos
2127 3359 2211 3435 deos,
2239 3363 2268 3421 et
2295 3357 2407 3422 deinde

396 3444 500 3509 multa
527 3442 698 3508 absurdius
726 3445 906 3527 ineptiunt,
940 3446 1036 3511 Plato
1062 3447 1150 3510 inter
1182 3464 1294 3511 omnes
1322 3467 1374 3510 re-
1426 3447 1496 3511 lites
1518 3467 1636 3512 mouere
1657 3466 1737 3526 prone
1758 3446 1881 3511 rendum
1907 3445 2049 3510 unaue
2070 3445 2194 3508 ceilam
2238 3443 2288 3508 Ac
2310 3444 2407 3506 nimis

396 3528 621 3614 ligiosissimus
643 3536 677 3593 et
698 3531 841 3595 maxime
863 3531 1004 3611 sobrius,
1032 3532 1102 3614 ipse
1124 3553 1251 3614 quoque
1272 3534 1308 3595 in
1326 3553 1375 3595 ra-
1426 3532 1552 3612 qnidem
1572 3532 1681 3596 inscite
1702 3533 1932 3597 ratiocinantur
1957 3531 2023 3609 illi,
2057 3531 2103 3595 uel
2125 3529 2236 3608 potius
2264 3529 2407 3610 tependoe

396 3614 491 3680 tundo
517 3636 572 3680 stre
597 3615 683 3698 plato
711 3617 883 3681 evanescit.
928 3617 975 3681 Et
1000 3616 1080 3700 quid
1109 3617 1182 3682 aliis
1210 3638 1275 3682 non
1299 3639 1374 3683 eve·
1427 3639 1503 3683 snae
1524 3617 1677 3701 impietati
1696 3617 1840 3682 nedmam
1861 3618 2011 3682 inducant
2032 3637 2070 3681 ea
2086 3615 2247 3679 luminum
2268 3615 2405 3694 inscitia,

395 3703 490 3779 niret,
513 3722 615 3782 quum
632 3702 863 3784 imprimeres,
882 3723 1021 3785 quorum
1039 3711 1110 3768 erat
1127 3703 1261 3784 reliquis
1279 3724 1374 3786 prae-
1427 3724 1465 3768 en
1494 3725 1558 3784 quo
1579 3703 1647 3768 Deo
1673 3703 1845 3784 quidquam
1872 3703 2012 3768 demere
2037 3701 2167 3765 minime
2194 3721 2328 3780 aequum
2354 3705 2406 3764 est.

396 3786 519 3864 lucere,
543 3787 787 3851 hallucinentur
809 3796 841 3852 et
862 3788 1069 3873 impingant?
1115 3787 1292 3866 Similiter,
1316 3789 1373 3854 ubi
1430 3789 1491 3855 Sed
1512 3810 1609 3871 quum
1629 3790 1789 3871 [aarum
1810 3808 1926 3865 amnes,
1953 3787 2078 3852 nullom
2099 3807 2163 3851 mse
2189 3807 2256 3850 rem
2282 3787 2320 3850 de
2342 3807 2408 3867 quo

385 3894 507 3937 rerum
531 3872 750 3936 humanarum
778 3873 971 3956 gubernatio
998 3874 1240 3957 providentiam
1267 3876 1373 3939 mani·
1426 3881 1583 3957 &inopere
1604 3876 1684 3940 docti
1705 3874 1802 3939 simul
1823 3879 1851 3937 ct
1872 3875 1988 3939 indocti
2010 3873 2204 3948 dissertiunt,
2229 3871 2302 3935 binc
2323 3872 2408 3936 colli·

395 3958 508 4023 festius
530 3959 639 4041 arguit
658 3980 756 4040 quam
777 3966 815 4022 ut
835 3959 991 4044 abnegari
1012 3969 1118 4043 queat,
1142 3961 1245 4024 nihilo
1263 3968 1374 4024 tamen
1424 3961 1519 4045 pitur,
1538 3961 1615 4043 plns
1628 3960 1848 4041 quemlebetes
1869 3980 1906 4023 oc
1923 3980 2030 4024 comas
2051 3960 2086 4021 in
2102 3957 2278 4023 coelestidus
2299 3963 2408 4039 mpste-

395 4042 473 4108 inde
494 4044 567 4126 plus
589 4045 765 4125 proficitur,
788 4066 888 4127 quam
907 4047 934 4110 si
952 4049 1126 4111 temeraria
1143 4047 1292 4110 fortunae
1315 4066 1373 4111 vo·
1427 4049 1488 4110 riis
1509 4068 1574 4111 esse
1594 4046 1755 4111 dominum
1781 4051 1896 4110 memes
1923 4067 2002 4127 qnae
2031 4047 2066 4108 in
2090 4044 2151 4108 Dei
2171 4044 2408 4126 ¹inoestipatiane

395 4129 522 4194 luntate
543 4129 754 4193 crederentur
774 4133 885 4195 omnia
907 4153 1039 4197 sursum
1061 4130 1213 4196 deorsum
1231 4133 1372 4196 versari:
1426 4134 1473 4198 sic
1494 4137 1606 4197 ararat.
1652 4132 1818 4195 manau
1844 4132 1882 4195 ab
1913 4132 1989 4196 aliis
2013 4130 2187 4194 Simonidis
2214 4148 2406 4208 responsum,

396 4222 488 4280 tauta
510 4224 561 4280 est
582 4223 695 4280 nostra
714 4216 749 4279 in
771 4217 950 4280 vanitatem
972 4225 1006 4282 et
1026 4238 1170 4282 errorem
1192 4219 1373 4299 propensio.
1427 4221 1483 4300 qni
1503 4224 1630 4300 rapot-ns
1651 4217 1837 4281 abHierone
1858 4223 1991 4299 lprarcno
2012 4217 2090 4296 quid
2107 4221 2184 4279 esset
2203 4213 2301 4291 Dens,
2326 4215 2408 4276 diem

395 4302 448 4365 De
474 4300 754 4366 excelleutissimis
782 4323 910 4383 semper
937 4303 1066 4384 loquor,
1097 4323 1164 4366 non
1184 4303 1375 4389 vulgaribus
1427 4304 1489 4368 sibi
1511 4305 1553 4366 ad
1574 4304 1772 4387 capitanatum
1792 4304 1868 4367 dori
1883 4305 1983 4384 petiit.
2021 4303 2124 4383 Quum
2145 4300 2228 4363 idem
2249 4303 2408 4378 quoueret

395 4387 475 4465 illis,
509 4408 647 4468 quorum
678 4388 713 4449 in
740 4387 944 4469 profananda
965 4389 1029 4452 Dei
1054 4389 1191 4452 veritate
1218 4389 1377 4468 processit
1423 4390 1578 4471 postridie
1599 4395 1767 4470 tyrannus,
1790 4390 1920 4453 balaum
1936 4388 2122 4469 postulauit:
2147 4404 2183 4447 ac
2202 4384 2331 4462 soeprim
2352 4383 2409 4446 da

396 4474 431 4536 in
453 4473 652 4536 immensum
669 4473 806 4537 insania.
1422 4476 1540 4558 pliuato
1563 4496 1689 4540 nrcmero
1710 4476 1841 4553 dieram,
1864 4476 1989 4540 tandem
2009 4472 2182 4554 respondit.-
2203 4472 2316 4547 qrconto
2339 4467 2408 4530 din-

487 4562 534 4622 12.
581 4558 667 4622 Hirta
695 4560 845 4622 immensa
871 4558 930 4622 illa
957 4579 1098 4623 samiam
1125 4559 1284 4638 adonim,
1313 4581 1376 4640 qua
1428 4563 1493 4626 tius
1527 4563 1700 4639 considero,
1748 4567 1832 4626 tanto
1865 4582 1916 4625 res
1957 4559 2036 4623 milri
2083 4557 2215 4649 uidetur·
2241 4551 2408 4648 pbscrumr.

397 4649 476 4709 toties
495 4645 578 4709 orbis
597 4644 730 4725 refertus
752 4664 788 4708 ac
809 4650 965 4726 coopertus
979 4644 1049 4726 fad.
1086 4643 1187 4708 Qum
1208 4647 1292 4711 enim
1313 4647 1377 4709 cni
1431 4647 1603 4712 Prudenter
1641 4664 1716 4711 sarie
1750 4648 1800 4711 ille
1831 4648 2012 4710 cernentium
2050 4643 2087 4705 de
2119 4659 2152 4701 re
2186 4637 2247 4735 subc
2279 4637 2408 4702 obscura

398 4750 455 4810 qne
477 4731 637 4812 inpertiam
659 4732 760 4793 instar
781 4730 950 4813 labyrinthi
971 4737 1030 4809 est,·
1058 4736 1093 4794 ut
1114 4732 1232 4795 mirum
1253 4753 1314 4796 roan
1335 4733 1378 4795 sit
1428 4735 1639 4813 susperulerit,·
1661 4734 1731 4797 birro
1752 4739 1855 4796 tomen
1872 4736 2008 4814 apparet,
2032 4729 2061 4790 si
2081 4723 2268 4787 ractcrrolrter
2288 4729 2408 4789 tanatum

398 4817 540 4895 sinpulas
560 4821 662 4897 perdes
684 4817 716 4878 in
737 4816 829 4880 'uario
850 4822 1021 4881 eornnnnto
1043 4815 1187 4882 diductas
1209 4838 1280 4883 csse.
1315 4817 1377 4882 Ne
1400 4862 1403 4887 .
1429 4820 1523 4883 edocti
1549 4824 1624 4882 sunt
1650 4819 1804 4896 domities,
1838 4818 1919 4882 uitat
1946 4820 2076 4887 certum,
2105 4810 2150 4874 uel
2178 4810 2327 4909 celidrum,
2361 4813 2409 4876 orl

398 4923 456 4984 quc
482 4902 516 4965 id
543 4903 645 4979 rnodrn
674 4901 727 4965 sed
753 4902 890 4984 sinpulis
912 4924 1010 4984 prope
1037 4902 1213 4968 bominibus
1230 4904 1376 4986 proprim
1428 4905 1610 4969 distinctum
1630 4909 1747 4981 termre;
1775 4906 1829 4970 sed
1852 4902 1988 4982 corificsis
2010 4902 2130 4960 tantum
2146 4899 2322 4977 principiis
2343 4919 2408 4962 esse

396 4989 497 5070 fuisse
518 4988 598 5051 dms.
644 4987 730 5051 Nam
751 4993 786 5050 at
808 4989 851 5053 ad
872 4989 1031 5054 irncitiom
1052 4995 1079 5053 et
1101 4991 1240 5054 andros
1261 4990 1377 5054 accedit
1429 4989 1553 5071 affixos,
1578 4995 1611 5053 nt
1632 4990 1737 5053 Deum
1758 4990 1947 5072 irrcopnitam
1968 4984 2103 5048 arlorent.
2148 5070 2153 5081 1

398 5074 554 5138 teneritas
581 5078 608 5136 et
634 5075 781 5151 lasciuia,
808 5075 864 5138 niu
892 5096 976 5139 unrcs
1002 5096 1141 5155 unquam
1168 5082 1307 5156 repertas
1334 5080 1377 5140 est
1520 5080 1566 5139 13.
1614 5076 1687 5139 Iam
1713 5077 1873 5139 terrendam
1896 5089 2012 5150 ilicoque
2033 5074 2077 5132 est
2097 5089 2273 5150 qnannque
2289 5089 2408 5148 puram

399 5161 455 5240 qai
482 5180 543 5223 non
564 5159 626 5222 acl
647 5159 765 5224 molum
791 5160 837 5223 aet
858 5167 1009 5240 spectrum
1032 5160 1096 5226 Dei
1118 5163 1179 5226 loco
1200 5161 1375 5243 fabricaret.
1429 5163 1608 5245 reliqionem
1629 5164 1818 5237 adulterant,
1843 5163 1876 5221 ut
1897 5157 2038 5219 antidius
2062 5156 2199 5219 madere
2224 5173 2342 5217 necesse
2365 5158 2410 5217 cst

402 5244 489 5309 Certe
517 5266 579 5308 non
606 5265 693 5308 ¹secns
720 5250 811 5324 atque
832 5265 869 5307 ea
890 5253 980 5310 uasta
1002 5248 1166 5328 amploque
1188 5249 1377 5330 suatacripine
1430 5250 1569 5328 opinioni
1591 5268 1667 5311 saue
1688 5247 1814 5323 deditis,
1838 5242 2054 5308 discessionem
2074 5243 2176 5321 facere
2197 5239 2236 5301 ab
2253 5259 2315 5301 naa
2333 5238 2408 5335 Deo.

399 5351 502 5412 opacae
529 5331 690 5407 aballiard,
716 5331 869 5392 imotenso
896 5332 1024 5395 deornm
1045 5333 1136 5396 turba
1158 5332 1377 5398 abdominum
1432 5335 1535 5398 Aliud
1556 5334 1680 5413 quidem
1700 5331 1761 5394 sihi
1785 5332 1818 5393 in
1841 5329 1947 5392 antimo
1967 5348 2030 5391 asse
2051 5327 2228 5401 indutam
2255 5323 2309 5385 sed
2330 5323 2408 5402 quad

398 5423 498 5480 uuerde
515 5418 677 5497 prostasii,
699 5415 775 5479 dcem
797 5415 926 5496 quisque
947 5418 1043 5479 nimis
1064 5418 1217 5483 licentiose
1238 5420 1378 5501 uopando
1431 5420 1604 5493 intendant,
1637 5417 1680 5479 oet
1702 5417 1779 5495 quid
1800 5415 1860 5479 sibi
1879 5414 2101 5494 persuadeant,
2130 5431 2191 5473 raon
2213 5408 2344 5505 maltam
2366 5406 2409 5471 od

393 5523 565 5584 perperam
596 5502 650 5566 doc
682 5501 728 5565 *ael
759 5499 840 5563 illud
871 5503 909 5566 de
935 5501 1002 5581 ipso
1029 5500 1096 5565 Deo
1128 5505 1378 5568 comminiscitur.
1432 5526 1495 5568 rem
1522 5504 1614 5583 facin
1640 5501 1763 5581 quondo
1790 5500 1923 5583 spiritus
1950 5504 2075 5565 sanctus
2095 5497 2280 5575 pranuntrat
2305 5512 2430 5557 omnes·

403 5588 512 5668 Neque
532 5593 634 5652 tomen
651 5587 701 5651 laic
717 5588 979 5667 superstitionum,
997 5587 1110 5666 quibus
1126 5589 1297 5667 implicitus
1317 5591 1380 5672 tait
1432 5610 1496 5654 esse
1518 5591 1685 5667 apostatas,
1707 5589 1762 5668 qui
1780 5609 1841 5668 pro
1863 5588 1974 5650 randis
1995 5579 2224 5678 suoefleolipine
2244 5577 2410 5643 dmmarcio

400 5674 548 5751 mundns,
572 5674 742 5757 cotalopnrn
764 5677 861 5736 tenere
882 5691 999 5736 raeoesse
1026 5675 1083 5736 est:
1111 5673 1187 5751 qnia
1214 5694 1267 5738 nec
1294 5675 1380 5738 allas
1431 5676 1609 5754 supparem
1631 5672 1665 5735 in
1689 5673 1750 5737 Dei
1772 5676 1880 5740 tecam.
1923 5671 1993 5735 Hoc
2019 5672 2138 5731 ruane
2162 5662 2409 5749 Paulus(pr

515 5776 624 5830 Caluini
638 5792 729 5843 opera.
772 5775 828 5829 Vol.
846 5773 889 5829 11.
2190 5762 2208 5817 4
2340 5774 2344 5781 ’
