5600 6809
410 766 471 830 ue
752 767 842 831 nm.
866 766 911 830 Π.
957 766 1021 831 nu
1043 764 1331 832 coamrronu
1354 766 1439 832 nur
1460 766 1809 836 nuunnffroms.
1854 768 1953 834 cnr.
1976 770 2076 835 xm.
2356 777 2420 841 rso
2494 750 2502 767 '

409 954 481 1018 iure
499 954 694 1020 divinitatem
716 975 810 1019 suam
833 975 984 1019 exserere
1005 961 1123 1036 posset,
1146 953 1229 1018 nihil
1252 976 1331 1038 prae
1353 976 1388 1019 se
1444 955 1531 1018 Nam
1562 955 1599 1018 id
1629 954 1743 1035 referri
1774 956 1817 1019 ad
1847 961 1981 1020 naturae
2011 959 2183 1024 societatum
2209 981 2248 1024 666
2279 966 2419 1028 comeatu

409 1041 525 1105 tulisse
551 1042 615 1106 nisi
643 1041 729 1123 quod
757 1048 828 1105 erat
856 1041 966 1105 abacti
989 1041 1208 1120 contemptique
1236 1041 1387 1106 hominis.
1440 1041 1607 1120 erirrcitur5
1635 1041 1712 1120 quio
1738 1061 1811 1105 nrou
1838 1040 1981 1107 subiicit:
2008 1044 2076 1108 ideo
2104 1067 2167 1109 666
2194 1048 2343 1112 eruhueit
2368 1071 2419 1115 eos

407 1125 505 1204 Nam,
527 1134 564 1191 ut
586 1128 655 1192 eius
673 1126 821 1208 exemplo
839 1147 898 1190 nos
918 1126 1053 1191 hortetur
1077 1125 1118 1190 ad
1141 1125 1388 1191 submissionem
1440 1147 1547 1192 rocore
1572 1126 1691 1208 fratres
1713 1124 1804 1210 (ibid
1826 1130 1860 1205 2,
1884 1128 1946 1212 11).
1994 1128 2032 1192 Si
2058 1132 2142 1193 enim
2162 1134 2261 1212 prius
2287 1134 2421 1199 didisset

411 1211 562 1290 ostendit,
585 1234 686 1294 quum
708 1211 802 1276 Deus
824 1218 924 1291 esset,
947 1212 1091 1295 potuisse
1112 1212 1228 1277 neurrdo
1250 1212 1388 1296 gloriam
1438 1213 1545 1292 fideles
1566 1232 1605 1274 erc
1628 1211 1696 1275 Deo
1717 1232 1797 1289 esse,
1822 1214 1858 1277 iu
1886 1219 1974 1278 tauto
1995 1216 2323 1297 diqnitatequneuom
2344 1225 2421 1285 esset

411 1319 504 1362 suam
533 1299 743 1380 conspicuam
771 1299 877 1362 statim
899 1317 1087 1379 proponere,·
1115 1299 1249 1363 cessisse
1277 1305 1388 1362 tamen
1440 1298 1665 1362 erubescentiae
1696 1298 1802 1362 rotro?
1849 1297 1912 1363 Sed
1938 1302 2016 1380 quio
2036 1322 2098 1380 pro
2126 1303 2279 1367 immensa
2314 1308 2421 1388 qratia

408 1383 481 1447 iure
508 1404 581 1461 suo,
615 1389 642 1448 et
668 1391 782 1465 sponte
810 1405 845 1448 se
869 1384 977 1465 ipsum
1000 1384 1198 1462 exinanisse3
1227 1385 1305 1465 quia
1330 1385 1389 1448 sci-
1441 1385 1483 1449 ad
1515 1384 1658 1448 sordidos
1689 1389 1718 1447 et
1745 1383 1894 1465 iqnobiles
1922 1406 1955 1449 se
1981 1393 2128 1469 oqqreqat
2159 1386 2317 1469 Christus,
2351 1393 2421 1456 ideo

409 1468 479 1533 licet
504 1469 683 1553 imaginem
710 1470 798 1533 servi
818 1469 941 1547 induit,
970 1475 1003 1532 et
1032 1490 1070 1532 ea
1099 1469 1284 1534 humilitate
1311 1491 1387 1535 con·
1439 1470 1558 1535 dieitur
1580 1489 1641 1531 uon
1662 1470 1842 1532 erubescere.
1888 1470 2028 1535 Frustra
2050 1479 2152 1537 (ardun
2174 1474 2333 1554 obiectant,
2363 1479 2421 1540 im-

408 1560 535 1631 tentus,
563 1556 671 1653 carnis
696 1555 857 1619 velamine
885 1576 978 1619 suam
1001 1554 1206 1654 divinitatem
1235 1554 1388 1621 abscondi
1434 1556 1510 1652 pios
1531 1555 1585 1618 hoc
1606 1554 1695 1618 niodo
1714 1555 1783 1634 tere
1807 1554 1928 1620 Christi
1946 1558 2064 1637 fratres
2071 1583 2081 1636 ;
2102 1561 2179 1638 quio
2200 1561 2316 1624 scirtius
2335 1562 2421 1641 filios

403 1639 1388 1810 6613516ᾞο,666065516ῑὲ56ἒέ1656
1435 1640 1504 1806 {ll
1515 1646 2421 1814 th.⁹⁶tlhtdtttt’.dlttdthtt

408 1811 509 1893 faule¹
528 1812 697 1895 colluitur,
728 1813 764 1876 in
790 1833 864 1876 rrro
892 1812 1027 1875 hominis
1048 1817 1165 1876 natura
1193 1814 1388 1877 erinonitum
1440 1813 1482 1876 cit
1502 1811 1570 1875 solo
1591 1830 1673 1874 coro.
1710 1811 1849 1875 Tametsi
1871 1818 1973 1876 oedem
1994 1816 2152 1894 apostolus
2173 1816 2255 1880 hum
2276 1817 2420 1882 lrrrzorem

408 1895 511 1977 fuisse
535 1896 702 1962 Christum.
749 1897 1388 1981 96616666666655666615966666-
1439 1897 1582 1979 assiqnat
1601 1896 1677 1959 solis
1696 1896 1850 1975 fidelihres,
1872 1901 1954 1978 quod
1974 1921 2012 1962 err
2032 1922 2095 1965 uuo
2114 1903 2177 1965 siut
2198 1922 2268 1965 cum
2287 1901 2418 1983 Christo,

404 1987 532 2064 putum
551 1984 653 2064 fuisse
673 1988 823 2064 tanquam
841 1983 1001 2061 horniuem,
1024 1985 1088 2047 nisi
1110 1985 1187 2064 quio
1208 1985 1251 2048 od
1268 1989 1388 2064 tenpus
1440 2003 1502 2046 uon
1523 1988 1625 2046 taurea
1646 1983 1788 2062 sequitur
1809 1985 1975 2061 quominus
2001 2006 2040 2048 er
2061 1987 2164 2051 eodem
2183 1989 2265 2067 fonte
2287 2008 2418 2055 rroseau
2476 1994 2483 2002 ‘

408 2087 470 2131 666
497 2069 690 2151 resplenduit
709 2070 820 2133 diuino
843 2070 960 2152 pluria,
989 2070 1044 2134 sed
1065 2074 1186 2133 tontum
1215 2071 1250 2133 in
1276 2070 1334 2133 rili
1361 2074 1388 2133 et
1439 2074 1492 2131 tur
1518 2067 1673 2131 inereduli
1700 2067 1868 2130 secundum
1895 2089 2027 2133 carnem.
2074 2072 2337 2151 Quenradmodum
2363 2076 2418 2139 ubi

410 2152 527 2219 obieeta
543 2156 714 2220 conditione
737 2157 889 2237 apparuit
905 2155 1045 2218 humana
1061 2156 1202 2236 merres?
1235 2154 1300 2219 Nec
1316 2176 1387 2219 rere
1440 2154 1575 2218 dicimus
1599 2150 1759 2217 Christum
1780 2153 1900 2233 factum
1921 2175 1986 2219 esse
2012 2156 2166 2221 lronrinem
2193 2164 2229 2221 ut
2255 2180 2311 2224 nos
2336 2161 2418 2241 [666-

410 2239 503 2304 aliter
531 2246 682 2305 roristuret
702 2241 784 2305 illud
807 2240 1201 2326 Postuminam),
1229 2248 1388 2306 urortuum
1440 2245 1485 2304 ret
1506 2239 1569 2304 Dei
1595 2237 1694 2316 filios,
1721 2258 1782 2301 uon
1810 2239 1983 2304 erterulitur
2009 2242 2082 2306 haec
2107 2243 2243 2323 loquutio
2265 2247 2308 2311 od
2329 2267 2418 2326 quos·

409 2324 512 2406 fuisse
533 2346 634 2405 66666,
662 2325 854 2406 rririficatum
875 2327 1000 2408 spirita,
1021 2328 1087 2391 uisi
1108 2327 1256 2400 infirmus
1275 2328 1389 2408 suisset
1440 2325 1525 2402 taen·
1547 2324 1623 2404 quio
1641 2322 1721 2403 fides
1739 2324 1844 2389 mulia
1866 2327 2084 2408 ‘iiderpouitnn
2106 2350 2184 2409 quae
2206 2331 2417 2396 666660165-

408 2410 499 2491 filius
520 2413 585 2477 Dei
611 2414 648 2477 in
674 2412 810 2477 leontinis
835 2418 959 2476 notura.
1007 2412 1096 2494 Quod
1119 2413 1244 2477 Paulus
1269 2413 1389 2478 clarius
1439 2411 1481 2477 sti
1502 2430 1613 2489 eorpus
1634 2410 1844 2488 spiritualiter
1871 2413 1990 2477 iuuerit.
2033 2413 2085 2478 De
2100 2416 2302 2498 primoqeniti
2322 2419 2417 2481 etiam

410 2497 559 2577 mptum,
581 2519 718 2580 passum
743 2499 844 2580 fuisse
870 2517 1014 2563 asserens
1035 2519 1097 2579 pro
1125 2500 1234 2564 carreis
1256 2499 1389 2579 infermi
1440 2496 1563 2560 666666
1589 2496 1698 2558 rixam
1726 2497 1835 2560 inscite
1866 2503 1991 2562 merent.
2042 2498 2223 2565 Causontur
2257 2500 2417 2567 Christum

410 2586 473 2647 tate
491 2583 525 2667 (2
545 2583 619 2649 Cor.
642 2588 689 2662 13,
709 2584 753 2668 4).
788 2584 891 2664 Atque
907 2584 966 2647 huc
981 2585 1118 2664 pertinet
1135 2585 1289 2664 exaltatio,
1312 2585 1388 2664 quia
1439 2581 1582 2646 debuisse
1609 2600 1648 2644 66
1669 2581 1778 2645 Adam
1804 2585 1894 2646 irasci
1922 2586 2028 2648 statim
2049 2585 2088 2650 oh
2109 2587 2216 2665 inr'tio,
2244 2591 2279 2650 ut
2294 2589 2416 2669 primo

408 2668 526 2734 diserte
545 2690 658 2735 norom
679 2671 813 2753 qtrriam
830 2669 962 2752 adeptus
977 2671 1080 2750 fuisse
1096 2671 1214 2735 dicitur
1234 2669 1387 2748 Christus,
1437 2668 1561 2750 penitus
1587 2671 1664 2731 esset
1690 2668 1770 2730 inter
1797 2668 1922 2759 fratres.
1968 2668 2222 2754 Primaqenitura
2251 2674 2333 2737 enrim
2354 2694 2417 2739 non

404 2759 577 2836 postquam
603 2777 637 2822 se
664 2758 769 2837 ipsum
790 2757 972 2820 eeirrauirit.
1019 2756 1108 2836 Quod
1136 2761 1205 2838 apte
1229 2777 1291 2821 uon
1312 2777 1388 2838 quo·
1439 2753 1482 2818 od
1508 2757 1651 2830 6616166,
1679 2753 1735 2816 sed
1760 2755 1803 2818 od
1827 2755 1964 2836 qrodmn
1992 2755 2119 2821 horroris
2146 2759 2320 2822 etrirtutis
2341 2761 2416 2824 emi·
2459 2776 2462 2782 ·

413 2839 523 2905 draret
551 2841 617 2906 uisi
646 2842 683 2906 in
713 2841 866 2906 hominem
890 2861 983 2905 corne
1010 2845 1038 2905 et
1063 2842 1173 2905 anima
1195 2843 1386 2922 praeditum.
1438 2839 1576 2903 nardium
1607 2838 1740 2919 refertur
1761 2838 1871 2922 (Rom.
1897 2844 1933 2917 8,
1960 2840 2025 2921 29).
2076 2842 2187 2907 Nihilo
2218 2846 2313 2908 etiam
2338 2846 2416 2928 ptus

417 2926 631 2992 Manichacus
653 2941 785 2992 aereum
806 2927 984 2991 fabricatur
1005 2948 1130 3009 corpus,
1154 2925 1231 3009 quia
1251 2936 1386 2994 vocetur
1437 2924 1549 2989 coloris
1580 2923 1668 2988 habet
1699 2922 1782 3003 quod
1811 2927 1959 3008 parrioni
1987 2925 2149 2992 Christum
2180 2928 2333 2994 homiuem
2365 2952 2416 2995 os·

412 3010 567 3078 Christus
593 3012 754 3079 secundus
775 3011 884 3077 Adam
912 3009 952 3076 de
975 3012 1063 3078 coelo
1084 3012 1232 3078 eoelestis
1255 3013 1286 3093 (1
1309 3013 1384 3078 Cor.
1437 3011 1623 3090 serpsisse,
1655 3030 1718 3074 666
1750 3009 1889 3092 ampelos,
1921 3014 1999 3093 quio
2030 3016 2067 3077 in
2096 3016 2235 3095 qratiam
2266 3018 2415 3097 receperit
2484 3047 2491 3063 ·

413 3102 462 3175 15,
481 3098 547 3181 47).
578 3100 626 3163 At
647 3120 752 3183 neque
772 3098 838 3163 illic
860 3098 1034 3162 essentiam
1052 3100 1195 3181 corporis
1214 3098 1386 3165 eoeledtem
1438 3095 1726 3177 humanumqenus.
1763 3095 2067 3177 Namutopostolus
2080 3099 2244 3180 amplificet
2260 3100 2413 3180 horrorem,

408 3180 537 3248 inducit
557 3185 729 3266 apostolus,
753 3183 810 3248 sed
829 3184 897 3247 vim
915 3183 1126 3266 spiritualem,
1150 3205 1232 3268 quae
1250 3206 1270 3248 a
1287 3184 1385 3249 Chri-
1438 3201 1497 3262 quo
1518 3202 1575 3245 nos·
1594 3179 1748 3245 Christus
1774 3182 1922 3264 diquatus
1948 3188 2006 3263 est,
2031 3185 2157 3266 orrqelos
2183 3184 2413 3266 6616666666-

409 3274 459 3334 sto
489 3269 608 3347 diffusa
633 3291 693 3334 nos
722 3270 875 3335 viviticat.
933 3268 1034 3334 Porro
1061 3290 1143 3349 eom,
1176 3276 1212 3333 ut
1236 3271 1383 3349 vidimus,
1436 3272 1495 3346 rm,
1517 3269 1573 3347 qui
1587 3266 1760 3347 posthabiti
1778 3267 1908 3349 sumunt
1929 3268 1986 3333 hoc
2006 3270 2043 3333 iu
2057 3275 2152 3351 porte
2174 3269 2290 3352 (Hebr.
2304 3274 2333 3350 2,
2349 3270 2412 3356 15).

409 3352 525 3420 Petrus
548 3361 576 3420 et
599 3355 723 3420 Paulus
749 3355 788 3420 oh
811 3357 879 3419 eius
900 3374 993 3420 corne
1014 3361 1171 3437 separant.
1216 3355 1305 3436 Quin
1327 3377 1384 3439 po-
1436 3352 1500 3433 Ac,
1528 3355 1559 3416 si
1577 3353 1673 3432 probe
1695 3354 1880 3431 expromitur
1903 3354 2006 3419 Masis
2032 3356 2240 3420 testimonium
2262 3356 2361 3441 (Gen.
2381 3362 2410 3434 3,

407 3441 473 3506 tius
493 3462 536 3505 ex
558 3463 595 3506 eo
616 3442 687 3506 loco
707 3442 836 3525 egregie
859 3439 1037 3519 stabilitur,
1061 3462 1144 3524 quae
1165 3443 1252 3506 inter
1273 3442 1383 3505 ortho-
1439 3438 1508 3523 15),
1537 3438 1593 3503 uhi
1619 3458 1723 3502 sunan
1741 3438 1887 3503 acutioris
1907 3441 1986 3505 dicit
2008 3443 2212 3505 eorrtritrrum
2234 3448 2327 3523 caput
2347 3463 2412 3507 ser·

407 3526 509 3592 doxos
539 3527 580 3591 de
609 3526 733 3592 Christi
766 3548 863 3591 earne
895 3528 975 3610 uiqet
1002 3527 1151 3592 doctrina.
1193 3527 1266 3592 Nisi
1296 3529 1384 3592 enim
1429 3526 1550 3606 perdis,
1583 3524 1666 3589 litem
1692 3544 1829 3603 prorsus
1855 3526 1979 3591 decidet.
2032 3527 2141 3608 illeque
2171 3527 2254 3591 enum
2280 3528 2318 3593 de
2349 3549 2412 3593 uno

406 3634 509 3679 unam
531 3613 668 3677 haberet
689 3613 858 3678 nobiscum
880 3614 1023 3696 eorporis
1043 3622 1197 3678 naturam
1220 3612 1380 3691 Christus,
1434 3613 1590 3676 domarat
1612 3608 1737 3674 Christo
1765 3611 1832 3676 illic
1853 3631 1951 3677 sernia
1973 3612 2114 3692 habetur,
2142 3612 2197 3677 sed
2217 3614 2255 3678 de
2275 3618 2335 3678 toto
2353 3614 2411 3678 hu-

404 3697 514 3763 inanis
547 3707 633 3765 esset
663 3699 867 3764 ratiocinatio
907 3720 1005 3781 quam
1043 3708 1136 3764 tanta
1173 3699 1383 3764 vehementia
1433 3718 1527 3762 urano
1562 3716 1679 3778 penne.
1741 3696 1896 3776 Quoniam
1933 3700 2125 3780 acquirenda
2161 3699 2249 3763 nors
2286 3704 2353 3765 nat
2390 3722 2412 3764 o

403 3784 530 3851 Paulus
558 3786 764 3868 prosequitur
792 3784 882 3869 (ibid.
909 3789 963 3862 15,
992 3784 1059 3868 13);
1094 3785 1121 3848 si
1149 3784 1301 3851 Christus
1330 3806 1381 3850 re-
1436 3782 1559 3848 Christo
1581 3783 1724 3860 euterio,
1752 3783 1937 3864 pecualiter
1952 3786 2143 3863 marrantiot
2163 3783 2254 3850 Deus
2269 3791 2411 3866 posteros

405 3871 563 3950 surrexit,
596 3891 657 3936 nos
684 3891 811 3953 quoque
838 3877 1090 3950 resurrecturos;
1124 3871 1151 3934 si
1179 3892 1245 3935 non
1272 3892 1382 3935 resur·
1433 3869 1575 3933 mulieris
1595 3868 1773 3947 superiores
1792 3869 1858 3949 fore
1879 3870 2007 3935 diaholo.
2047 3870 2127 3936 Inde
2147 3871 2297 3952 sequitur,
2322 3870 2411 3937 Chri·

406 3956 529 4040 gimus,
552 3977 658 4038 neque
680 3955 849 4021 Christum
871 3957 1096 4021 resurrexisse.
1144 3957 1383 4038 Quibuscunque
1433 3960 1517 4018 dum
1548 3974 1587 4019 ea
1612 3953 1749 4018 humour
1775 3975 1883 4036 qerrere
1910 3976 1974 4020 esse
1993 3959 2208 4040 propendunt:
2239 3959 2318 4038 quia
2343 3978 2411 4024 eon-

406 4041 530 4107 eoodlis
548 4044 628 4107 elabi
649 4048 795 4107 caueatur
815 4043 880 4106 sire
900 4042 1081 4106 Manichaei
1102 4048 1229 4122 retnes,
1250 4045 1316 4109 sire
1336 4065 1382 4108 re-
1431 4041 1542 4106 silium
1564 4037 1629 4105 Dei
1648 4044 1706 4117 est,
1729 4038 1834 4103 Eram
1854 4061 1949 4119 quam
1970 4043 2154 4124 alloquitur,
2176 4043 2255 4108 hona
2275 4065 2331 4125 spe
2351 4045 2410 4109 eri-

402 4132 501 4193 eeutes
532 4149 637 4193 eorum
665 4128 829 4208 discipuli,
861 4149 921 4193 non
953 4148 986 4192 se
1012 4130 1181 4207 repertun
1227 4128 1381 4195 Putidum
1430 4149 1509 4208 pere,
1531 4148 1570 4192 66
1589 4126 1722 4189 moerori
1743 4126 1927 4191 sueurnrbat.

402 4215 739 4296 61θῇ6666666οά
758 4219 917 4296 nuqontur
940 4212 1102 4278 Christum
1124 4215 1188 4278 dici
1207 4214 1312 4294 fllium
1330 4214 1381 4278 ho-
1519 4216 1547 4276 3.
1595 4211 1785 4276 Testimonia
1816 4210 1870 4276 ubi
1898 4211 2042 4279 Christus
2072 4234 2176 4279 66666
2203 4213 2353 4278 Abrahae
2380 4219 2409 4277 et

402 4299 502 4363 minis
534 4304 687 4380 quatenus
719 4299 893 4363 hominihus
920 4300 1100 4380 promissus
1132 4305 1192 4378 est;
1224 4301 1380 4381 siquidem
1429 4298 1680 4379 fruetusreutris
1691 4296 1833 4362 Doridis
1848 4303 1982 4377 amatur,
2002 4321 2065 4363 666
2081 4302 2187 4364 miurus
2205 4298 2295 4362 stulte
2313 4319 2408 4377 quom

396 4384 512 4465 polam
530 4391 582 4463 est,
604 4385 745 4450 hebraico
765 4405 850 4449 more
870 4386 975 4449 rocori
994 4385 1100 4465 filium
1115 4384 1253 4450 lrorninis
1273 4406 1380 4450 rmum
1432 4384 1567 4465 improbe
1586 4383 1747 4465 olleqoriis
1766 4384 1932 4448 iurolrunt.
1978 4385 2066 4448 Nam
2093 4386 2123 4448 si
2144 4384 2305 4464 otleqoricc
2320 4383 2408 4461 posi-

402 4467 563 4534 lrominem.
610 4469 754 4535 Cluistus
781 4491 851 4536 roro
877 4470 964 4534 houd
984 4469 1077 4535 dubie
1092 4470 1232 4552 phrasin
1253 4471 1379 4553 linquae
1431 4475 1498 4534 tum
1529 4475 1605 4535 esset
1636 4488 1746 4532 66666
1772 4471 1915 4549 suminis,
1947 4469 2073 4534 Paulrrs
2100 4473 2176 4533 certe
2202 4467 2257 4529 hor
2277 4487 2340 4530 666
2361 4472 2407 4530 to-

402 4575 481 4620 suae
509 4556 648 4620 retinuit.
695 4557 779 4637 Quid
803 4557 897 4621 etiam
918 4576 979 4636 per
1004 4556 1089 4636 illios
1109 4556 1219 4621 Adam
1243 4557 1378 4641 intelliqi
1429 4557 1556 4634 ruisset,
1583 4554 1637 4619 uhi
1658 4550 2327 4639 dareetsinetiquraoffirmat(Gald,
2350 4553 2405 4638 16)
2460 4606 2463 4611 ,

402 4642 570 4718 eouremiat,
594 4646 682 4706 erno
701 4643 936 4707 mauruncium
957 4662 1022 4707 esse
1042 4642 1135 4708 debet.
1168 4642 1218 4707 Ae
1240 4646 1292 4725 (66
1312 4644 1379 4708 lon-
1429 4662 1492 4706 666
1513 4661 1578 4705 esse
1592 4641 1704 4722 plures
1725 4640 1874 4705 Abrahae
1889 4642 1978 4722 filios
1999 4641 2211 4721 redemptores,
2233 4638 2288 4702 sed
2307 4660 2407 4703 ursum

398 4727 475 4809 qius
495 4726 656 4810 oheomm)
679 4728 761 4793 loeas
775 4727 898 4792 Psalmi
919 4728 1026 4808 oderi,
1048 4749 1140 4809 quem
1160 4730 1204 4794 ad
1217 4727 1378 4794 Christum
1432 4725 1598 4792 Christum.
1642 4725 1795 4791 Eiusdem
1821 4732 1864 4792 est
1889 4728 2034 4808 farirme,
2062 4724 2144 4806 quod
2164 4723 2325 4788 obtendunt
2343 4746 2406 4790 666

401 4812 533 4893 apastoli
555 4815 790 4893 commendant,
812 4813 932 4879 abunde
948 4814 1097 4895 sufficiet:
1118 4816 1195 4895 quid
1215 4821 1261 4880 est
1281 4815 1376 4894 lirino,
1429 4813 1523 4878 aliter
1544 4813 1650 4877 vocari
1660 4811 1801 4878 Doridis
1816 4812 1919 4893 hlium
1931 4813 1996 4875 666·
2008 4812 2084 4891 quia
2099 4810 2403 4892 prunissusfuerat

399 4898 482 4979 qrsod
503 4918 618 4963 memor
639 4920 672 4964 es
693 4902 775 4979 eius,
798 4899 963 4980 aethlius
984 4899 1133 4978 hominis,
1162 4901 1245 4983 quod
1265 4901 1378 4966 risitas
1429 4904 1458 4963 et
1478 4919 1535 4963 suo
1556 4901 1680 4964 denum
1700 4903 1832 4980 tempore
1847 4898 1910 4979 suit
1931 4896 2092 4961 exhibitus.
2134 4894 2307 4977 Postquam
2322 4898 2405 4963 euim

398 4984 497 5047 eum?
541 4984 613 5048 Hae
638 4983 745 5067 fiqura
771 4986 958 5065 exprioritur
984 5007 1058 5051 uero
1087 4984 1207 5052 Christi
1232 4984 1383 5051 humani-⁶
1426 4984 1532 5064 tilium
1557 4984 1698 5051 Doridis
1709 4983 1734 5069 ¹)
1747 4985 1918 5049 nominarit
1933 4981 2057 5046 Paulus
2067 4982 2177 5066 (Rom.
2193 4986 2220 5060 1,
2234 4983 2286 5067 3),
2310 4984 2406 5049 emeti-

398 5072 469 5135 tas:
497 5071 575 5150 quio
602 5071 660 5134 etsi
685 5091 746 5134 non
772 5071 869 5152 fuerit
885 5092 925 5136 err
940 5076 1033 5153 patre
1053 5073 1179 5137 mortali
1199 5073 1377 5138 immediate
1428 5091 1491 5136 666
1505 5077 1579 5152 post
1599 5070 1780 5148 mutuus,
1801 5069 1968 5133 secrrrrdum
1989 5086 2127 5147 eanum,
2156 5074 2307 5134 6616666
2327 5073 2404 5133 corte

395 5155 537 5239 penitus,
572 5157 658 5237 oripo
694 5161 797 5219 tomen
834 5156 903 5220 eius
940 5176 979 5220 ea
1010 5157 1119 5223 Adam
1148 5159 1253 5237 fluuit.
1310 5159 1376 5223 Nec
1427 5157 1575 5240 61666661.
1622 5154 1943 5232 summosano
1966 5152 2066 5237 (6.5)
2089 5153 2193 5220 Deum
2214 5154 2403 5219 benedictum
2516 5184 2518 5191 v

397 5261 472 5305 uero
498 5241 592 5305 aliter
619 5245 714 5304 staret
740 5240 910 5321 quodiam
931 5241 1096 5307 66666666
1116 5242 1288 5328 (Hebr.2,
1311 5243 1374 5328 14),
1424 5244 1631 5324 praedicans,
1660 5259 1798 5304 seorsum
1813 5240 1916 5318 ponit,
1943 5239 2112 5305 secundum
2138 5260 2261 5306 carnum
2285 5258 2324 5302 err
2347 5236 2402 5301 lu-

399 5323 561 5391 Christum
582 5326 771 5407 participem
796 5327 915 5408 fadum
941 5328 1047 5390 omnis
1073 5333 1100 5391 et
1127 5331 1308 5411 sanquiuis,
1342 5335 1376 5394 ut
1427 5330 1517 5394 dacis
1543 5325 1731 5393 (1666661666.
1777 5322 1850 5388 166
1876 5325 1941 5390 nisi
1966 5336 2038 5391 rere
2056 5327 2180 5409 penitus
2200 5328 2402 5388 666616666-

386 5431 515 5494 pueros
546 5411 608 5477 sihi
641 5416 820 5495 oqqreqoret
850 5410 894 5474 od
924 5410 1104 5491 obsequium
1130 5412 1203 5478 Dei.
1256 5415 1376 5496 Quibus
1426 5415 1510 5478 mine
1522 5410 1678 5485 Doridis,
1700 5408 1778 5488 quid
1798 5408 1909 5475 vauro
1929 5413 1991 5478 ista
2012 5412 2164 5494 loquutio,
2182 5410 2320 5492 fricatum
2336 5428 2402 5473 esse
2461 5454 2466 5463 .

394 5497 500 5563 endis
522 5503 624 5579 operte
636 5497 779 5562 Christus
790 5496 928 5562 audem
940 5496 1100 5561 mbiscum
1119 5501 1253 5565 naturae
1271 5501 1375 5565 socius

398 5586 433 5649 et
458 5602 581 5648 consors
602 5584 761 5648 statuitur.
808 5583 874 5664 Quo
902 5583 994 5648 etiam
1014 5601 1109 5647 serrsu
1130 5582 1223 5661 dicit,
1249 5604 1287 5647 err
1313 5603 1375 5648 uuo
2078 5662 2080 5668 Ι

395 5688 467 5735 esse
499 5673 639 5733 autorem
669 5670 860 5749 sanctitatis,
899 5672 926 5733 et
958 5688 1008 5734 eos
1039 5655 1097 5749 dui
1128 5667 1374 5748 sanctificantur.
1495 5682 1525 5747 1)
1545 5680 1592 5735 Str
1608 5681 1674 5735 rene
1692 5678 1769 5736 1561.
1806 5681 1904 5737 Editio
1920 5679 2134 5753 6666661559
2151 5672 2279 5735 what.-
2295 5682 2355 5734 Dei.
