5600 6809
380 771 442 832 857

381 955 502 1022 61666
518 956 743 1022 6161666161116
763 957 884 1020 mirum
907 964 964 1036 est,
988 965 1056 1021 tam
1079 956 1162 1020 nihil
1181 977 1252 1020 esse
1273 958 1361 1021 fron·

381 1044 425 1106 tis
454 1043 526 1107 istis
555 1041 772 1108 nebulonibus
799 1050 836 1107 ut
857 1043 992 1107 ferocire
1014 1041 1092 1106 inde
1112 1063 1178 1105 uon
1200 1040 1360 1106 dubitent.

382 1127 471 1209 Quid
490 1129 577 1192 enim
595 1127 729 1192 tandem
747 1127 950 1205 obtinebunt,
973 1129 1121 1193 6161666
1140 1128 1361 1210 spernendum

276 1215 279 1223 '
381 1213 536 1279 ecclesiae
566 1233 774 1292 consensum,
803 1234 886 1297 quae
908 1235 1076 1297 nunquam
1098 1214 1219 1277 616116
1241 1215 1361 1278 verita·

384 1306 451 1364 tem
484 1299 575 1364 verbi
602 1300 667 1363 Dei
694 1300 878 1366 consentit?
927 1300 1075 1366 Ecclesia
1105 1298 1267 1364 audienda
1302 1308 1361 1379 est,

381 1386 544 1468 inquiunt
590 1383 675 1465 Quis
693 1385 814 1470 negat?
838 1386 1097 1469 quandoquidem
1116 1385 1201 1449 nihil
1217 1405 1362 1467 pronun·

380 1471 443 1535 6161
470 1471 534 1534 6161
562 1493 604 1536 61
634 1472 733 1536 16166
761 1472 905 1536 Domini.
950 1472 990 1537 Si
1010 1471 1084 1553 6166
1106 1470 1228 1553 aliquid
1250 1479 1361 1552 postu-

382 1557 462 1634 lant,
486 1557 593 1622 sciant
613 1556 698 1620 nihil
720 1557 781 1622 sibi
805 1558 841 1620 16
863 1578 900 1622 66
929 1557 1102 1640 6611166611
1131 1556 1211 1621 haec
1235 1556 1361 1622 Christi

380 1644 490 1708 16166.
540 1643 609 1707 Nec
637 1642 741 1706 videri
771 1643 871 1708 debeo
897 1644 997 1707 nimis
1025 1643 1247 1707 contentiosus
1275 1643 1361 1725 quod

381 1728 462 1793 adeo
479 1729 692 1794 vehementer
713 1729 749 1791 in
771 1727 833 1794 hoo
855 1728 979 1807 insisto,
1002 1750 1068 1793 non
1086 1728 1183 1793 licere
1206 1729 1361 1794 ecclesiae

381 1813 521 1879 condere
539 1813 642 1878 ullam
654 1835 774 1878 novam
786 1813 977 1893 doctrinam,
990 1814 1051 1879 hoo
1068 1823 1126 1891 est,
1148 1814 1223 1898 plus
1235 1813 1359 1894 docere,

381 1907 414 1964 66
435 1921 495 1983 616
517 1899 649 1964 61661116
677 1899 820 1978 tradere,
849 1920 947 1982 quam
969 1900 1057 1983 quod
1076 1899 1239 1987 Dominus
1260 1901 1360 1965 verbo

379 2006 439 2050 666
461 1985 628 2050 rovelavit.
673 1984 799 2049 Vident
820 1986 909 2050 enim
930 1987 1002 2051 sani
1024 1984 1174 2050 homines
1201 1994 1360 2068 quantum

379 2074 422 2136 sit
448 2070 629 2153 periculum
658 2072 686 2134 si
713 2071 902 2135 hominibus
931 2070 1031 2137 semel
1053 2091 1240 2136 concessum
1261 2072 1360 2135 166111

378 2163 509 2222 6666616
530 2155 620 2220 iuris.
656 2155 783 2220 Vident
804 2157 903 2221 661616
925 2164 1048 2240 quanta
1069 2158 1211 2222 fenestra
1233 2157 1359 2239 aperia-

378 2251 435 2307 tur
462 2243 639 2324 impiorum
666 2243 777 2307 sannis
800 2253 834 2306 66
856 2243 995 2320 66111116,
1018 2243 1047 2307 61
1069 2242 1222 2321 dicamus,
1244 2242 1278 2306 id
1322 2264 1358 2306 ro

379 2327 511 2393 oraculo
540 2326 729 2392 habendum
760 2350 831 2393 esse
860 2330 946 2394 inter
966 2328 1171 2393 Christianos
1194 2328 1275 2410 quod
1299 2264 1358 2393 lo-

379 2414 486 2478 mines
508 2413 704 2478 censuerint.
749 2414 856 2492 Adde,
884 2417 966 2496 66611
987 2414 1285 2495 6161611166116616Ι
1306 2434 1358 2478 ro·

380 2501 462 2563 tiore
495 2500 621 2580 16666116
650 2497 808 2578 cheae,
844 2501 989 2582 6611611116
1016 2498 1127 2564 tribuit
1154 2499 1207 2563 hoc
1241 2519 1357 2578 11611166,

380 2591 416 2649 at
438 2591 550 2666 posteo
578 2584 729 2665 discipali
750 2588 803 2649 cut
830 2606 936 2650 666166
958 2586 1100 2650 ecclesiae
1126 2590 1288 2649 6666611166
1309 2605 1357 2649 re·

378 2671 479 2735 vereri
502 2670 632 2734 11166661.
676 2670 731 2734 ltu
750 2672 837 2750 fieret
857 2677 892 2733 111
908 2672 1043 2754 stupetis
1063 2671 1192 2735 urbibus
1219 2675 1247 2735 et
1262 2672 1359 2754 66616

374 2778 443 2839 por
464 2759 539 2820 esset
560 2758 596 2820 ic
617 2756 811 2838 dopmotibuc
827 2757 974 2821 cudendis
995 2756 1129 2821 libertae.

469 2845 516 2905 16.
561 2840 724 2922 Exempla
746 2841 863 2923 quibus
883 2848 1031 2919 utuntur,
1054 2841 1137 2905 nihil
1156 2863 1210 2906 eos
1232 2842 1357 2907 iuvant.

378 2928 486 2992 Aiunt
516 2925 819 3010 paedobaptismum
846 2947 913 2991 non
943 2935 1084 2991 666161
1116 2937 1229 3010 aperto
1256 2928 1357 3011 scrip-

379 3022 473 3078 turae
489 3012 653 3090 mandato,
675 3033 833 3095 6666161
855 3011 1007 3077 ecclesiae
1029 3012 1157 3077 decreto
1179 3034 1356 3079 emanasse.

379 3101 427 3163 At
444 3100 665 3163 miserrimum
689 3098 817 3183 asylum
839 3099 971 3163 1616661
993 3119 1052 3180 616
1074 3098 1357 3182 11616661666666-

381 3185 577 3267 dobaptismi
604 3183 645 3246 ad
673 3180 798 3247 nudam
827 3184 979 3249 ecclesiae
1008 3185 1219 3250 autoritatem
1253 3187 1356 3249 suffu-

380 3291 458 3353 gere
492 3289 696 3352 cogeremur:
732 3290 847 3334 161616
876 3270 955 3334 66616
983 3270 1226 3353 611616616616,
1260 3270 1356 3354 longe

379 3376 471 3421 secus
499 3375 578 3418 esse.
624 3352 800 3432 Similiter,
826 3355 1275 3439 6661166116166666666616
1297 3357 1357 3420 ha-

378 3442 448 3507 beri
477 3441 513 3503 in
540 3441 708 3523 scripturis
736 3440 821 3522 quod
847 3441 881 3504 in
911 3440 1033 3525 synodo
1055 3443 1190 3507 nicaena
1211 3463 1357 3525 pronun·

376 3528 497 3591 tiatum
517 3526 589 3604 1616,
610 3526 715 3590 1111661
733 3548 803 3591 esse
821 3528 1129 3593 consubstantialem
1146 3528 1246 3610 patri:
1265 3530 1301 3593 in
1319 3550 1357 3593 eo

378 3633 514 3698 gravem
530 3612 654 3676 1661666
670 3613 818 3695 66611666
832 3613 995 3691 iniuriam,
1013 3614 1107 3696 66661
1124 3622 1247 3679 1661616
1265 3615 1356 3679 dam·

378 3699 493 3763 norint
520 3699 640 3762 Arium
674 3697 761 3780 quod
792 3699 828 3762 in
855 3721 916 3763 sua
942 3698 1042 3764 verba
1068 3700 1177 3764 iurare
1206 3700 1355 3779 noluerit,

379 3806 481 3868 quum
497 3791 600 3848 totam
610 3805 683 3849 6616
697 3782 878 3848 doctrinam
896 3786 1104 3866 profiteretur
1116 3806 1199 3868 quae
1216 3786 1356 3870 prophe-

377 3871 450 3937 ticis
477 3877 511 3935 et
539 3870 724 3952 apostolicis
751 3870 880 3953 scriptis
908 3878 957 3935 est
991 3871 1233 3955 comprehensa.
1279 3873 1356 3938 Non

376 3964 493 4034 exstat,
511 3956 622 4033 fateor,
642 3956 703 4019 hoc
720 3956 917 4021 1666661616
934 3957 968 4020 16
987 3958 1161 4040 scriptura:
1181 3958 1238 4022 sed
1254 3980 1356 4041 quum

377 4043 445 4107 illio
462 4042 559 4106 toties
578 4050 744 4107 asseratur
759 4062 864 4105 66661
883 4063 954 4106 esse
973 4043 1092 4121 Deum,
1111 4064 1241 4107 rursum
1260 4045 1356 4110 toties

377 4135 512 4193 vocetur
533 4126 685 4192 Christus
705 4149 802 4193 16166
825 4135 858 4191 66
880 4135 1032 4193 aeternus
1050 4129 1150 4205 Deua,
1173 4150 1258 4193 6666
1279 4152 1355 4194 oum

376 4221 480 4297 patre,
508 4212 586 4295 quid
613 4212 703 4277 aliud
729 4213 854 4277 1661666
880 4221 990 4294 666166
1012 4213 1148 4290 6166661,
1177 4234 1277 4295 66616
1299 4214 1355 4280 de-

380 4300 508 4365 clarant
524 4318 594 4363 esse
611 4299 709 4362 unius
727 4297 895 4377 essentiae,
918 4299 982 4363 6161
995 4298 1082 4381 quod
1093 4300 1243 4363 nativum
1253 4302 1354 4384 scrip-

376 4392 470 4450 turae
488 4405 622 4450 sensum
639 4383 829 4465 simpliciter
850 4383 1025 4449 enarrant?
1055 4385 1088 4448 A
1124 4405 1165 4448 66
1181 4385 1244 4450 hae
1260 4406 1355 4467 prae-

378 4470 498 4536 fatione
526 4471 560 4533 in
588 4491 701 4534 eorum
726 4477 820 4535 coetu
847 4491 942 4534 usum
969 4470 1069 4535 161666
1128 4472 1355 4536 cnstantinum

379 4557 479 4619 refert
513 4556 738 4620 Theodoritus.
754 4554 787 4638 ¹).
839 4555 881 4618 In
916 4555 1204 4638 disputationibus,
1239 4557 1354 4638 inquit,

376 4661 488 4704 rerum
506 4638 703 4721 divinarum,
721 4641 861 4705 habetur
878 4642 1080 4725 praescripta
1099 4643 1233 4725 spiritus
1251 4644 1356 4709 666661

378 4725 538 4803 dootrina;
560 4726 741 4810 evangelici
760 4735 793 4792 et
815 4727 981 4809 apostolici
1001 4728 1091 4807 libri,
1119 4749 1192 4792 oum
1215 4730 1355 4811 phophe-

377 4819 487 4875 tarum
513 4811 666 4890 61666116,
693 4812 789 4895 61666
811 4812 905 4878 66616
933 4814 1111 4879 ostendunt
1135 4834 1270 4880 sensum
1291 4837 1354 4879 nu-

376 4897 485 4961 minis.
528 4895 681 4974 Proinde,
703 4897 863 4965 discordia
884 4899 999 4982 posita,
1027 4920 1196 4965 sumamus
1217 4921 1259 4965 ex
1281 4922 1355 4965 161-

376 4981 426 5047 616
449 4981 582 5063 66111666
604 4984 829 5062 quaestionum
858 4985 1099 5067 explicationes.
1144 4986 1208 5051 His
1232 4988 1355 5052 6666616

376 5066 610 5132 monitionibus
631 5087 727 5131 nemo
748 5076 826 5134 tunc
848 5071 911 5133 fuit
936 5073 992 5153 qui
1013 5074 1242 5156 refragaretur.
1287 5073 1354 5137 Ne-

376 5175 431 5219 mo
453 5152 589 5235 excepit,
612 5150 781 5216 ecclesiam
806 5153 928 5235 aliquid
945 5154 1084 5220 adiicere
1101 5177 1196 5240 posse
1218 5158 1258 5223 dc
1280 5179 1354 5238 su03

378 5241 530 5325 spiritum
558 5260 624 5303 non
651 5237 761 5301 omnia
782 5237 944 5302 revelasse
966 5241 1134 5322 apostolis,
1162 5242 1216 5307 161
1237 5244 1354 5310 saltem

378 5327 419 5392 ad
446 5332 593 5409 posteros
619 5344 686 5388 non
714 5322 949 5408 prodidisse,²)
972 5331 1031 5387 aut
1051 5324 1117 5388 tale
1139 5325 1270 5409 aliquid.
1315 5328 1353 5395 Si

377 5433 493 5478 161616
520 5408 683 5495 estquod
709 5409 827 5475 volunt
854 5409 958 5473 nostri
986 5406 1181 5489 adversarii,
1209 5413 1353 5494 primum

374 5588 560 5595 -.-.-——-..-.-.
571 5588 576 5594 .

370 5677 374 5687 ’
444 5686 474 5753 1)
491 5681 887 5754 stereometriam
935 5679 1352 5752 6111616111611161116

666 767 756 834 616.
779 763 840 832 11.
884 770 949 835 66
970 767 1207 834 sarsurus
1229 766 1396 834 1166116
1418 769 1483 835 16
1506 766 1736 836 saturata
1780 768 1880 834 611.
1902 768 2000 834 161.
2021 723 2102 835 rx.

2326 772 2390 835 858

1413 978 1587 1041 perperam
1624 960 1692 1041 egit
1730 958 1982 1037 Constantinus,
2022 960 2077 1040 661
2112 958 2264 1024 ecclesiae
2296 980 2392 1024 suam

1413 1050 1607 1125 potestatem
1634 1045 1768 1126 eripuit;
1795 1042 1912 1108 deinde
1940 1043 2026 1126 quod
2048 1064 2145 1109 nemo
2166 1046 2392 1128 episcoporum

1414 1138 1485 1193 tum
1517 1131 1673 1209 surrexit,
1701 1139 1738 1192 66
1766 1151 1839 1194 eam
1861 1137 1975 1194 contra
1997 1130 2186 1208 vindicaret,
2209 1130 2271 1195 hoc
2292 1130 2391 1194 silen-

1414 1217 1498 1280 tium
1518 1214 1655 1297 perfidia
1676 1236 1743 1279 non
1764 1216 1908 1281 carebat:
1931 1216 1977 1279 sic
1999 1224 2093 1280 erant
2108 1215 2288 1297 proditores
2309 1215 2392 1282 iuris

1415 1301 1632 1367 ecclesiastici.
1664 1299 1732 1366 Sed
1749 1322 1848 1383 66661
1867 1301 2084 1365 Theodoritus
2104 1302 2233 1378 1616166,
2251 1301 2392 1367 libenter

1416 1387 1583 1470 amplexos
1610 1407 1680 1451 esse
1709 1386 1792 1469 quod
1820 1386 1947 1453 dicebat
1971 1389 2162 1470 imperator,
2185 1395 2311 1452 constat
2331 1407 2392 1453 no·

1415 1473 1577 1538 1661666
1599 1472 1718 1556 dogma
1739 1480 1818 1538 tunc
1839 1473 1938 1536 1111666
1960 1474 2092 1538 6166166
2114 1473 2325 1556 incognitum.

1755 1815 1906 1881 eaeor
1929 1815 1990 1879 61.
2010 1818 2035 1898 ¹)

1493 1975 1560 2056 De
1592 1974 1776 2057 conciliis
1808 2002 2037 2082 eorumque
2070 1972 2308 2055 autoritate.

1502 2162 1527 2220 1.
1573 2157 1670 2222 Nunc
1697 2165 1734 2221 ut
1763 2158 1873 2221 omnia
1897 2156 1963 2220 illis
1989 2156 2029 2221 de
2051 2150 2185 2221 ecclesia
2206 2155 2388 2235 concedam,

1411 2265 1470 2327 pro
1507 2265 1567 2308 sua
1600 2253 1710 2307 tamen
1737 2244 1919 2307 intentione
1947 2263 1988 2305 66
2019 2243 2065 2306 616
2092 2241 2222 2323 quidem
2249 2240 2390 2306 multum

1412 2329 1518 2394 adhuc
1537 2329 1743 2412 61616661166.
1787 2329 1873 2393 Nam
1902 2326 2058 2410 quidquid
2087 2326 2126 2390 116
2154 2326 2289 2391 66616616
2310 2325 2390 2392 dici·

1411 2425 1480 2493 tur,
1508 2415 1543 2479 id
1569 2437 1645 2478 mox
1674 2414 1715 2478 ad
1742 2413 1877 2479 concilia
1904 2414 2118 2491 transferunt,
2148 2434 2247 2495 66616
2275 2433 2390 2476 661616

1410 2502 1561 2583 66161666
1595 2500 1764 2565 ecclesiam
1796 2508 2050 2582 repraesentent.
2102 2495 2175 2562 1616
2208 2497 2293 2580 66611
2321 2507 2390 2562 1661

1410 2587 1622 2670 pertinaciter
1648 2585 1852 2651 contendunt
1880 2585 1920 2650 de
1949 2585 2101 2650 ecclesiae
2130 2591 2299 2666 potestate,
2321 2605 2390 2648 non

1411 2672 1475 2736 alio
1498 2671 1631 2736 oonsilio
1654 2672 1787 2749 faciunt,
1810 2672 1872 2734 nisi
1893 2680 1931 2734 ut
1949 2692 2083 2735 romano
2100 2670 2247 2754 pontifici
2265 2676 2298 2733 et
2319 2669 2390 2734 6166

1411 2757 1563 2822 6666111616
1580 2764 1686 2821 totum
1704 2757 1852 2821 deferant
1868 2755 1954 2839 quod
1975 2757 2179 2821 extorserint.
2203 2757 2391 2838 Antequam

1410 2864 1489 2907 1616
1516 2843 1602 2909 hanc
1629 2843 1853 2925 quaestionem
1874 2841 2027 2923 expedire
2049 2841 2218 2922 incipiam,
2249 2841 2313 2905 duo
2335 2840 2389 2907 hio

1410 2929 1492 2993 mihi
1514 2929 1657 2994 breviter
1676 2927 1818 3011 praefari
1843 2948 1973 2992 necesse
1995 2935 2053 2990 est.
2100 2924 2197 3006 Quod
2228 2927 2282 2991 616
2310 2927 2389 3008 1161-

1411 3014 1482 3080 11161
1503 3036 1576 3080 6616
1598 3015 1744 3092 1666166,
1773 3034 1838 3077 666
1865 3012 1938 3076 ideo
1961 3009 2139 3094 essequod
2162 3018 2291 3075 1666616
2312 3032 2389 3077 con·

1411 3101 1486 3165 cilia
1513 3101 1649 3166 minoris
1676 3101 1793 3165 faciam
1814 3119 1913 3181 quam
1931 3097 2030 3162 decet.
2068 3097 2219 3160 Veneror
2241 3098 2328 3160 enim
2350 3119 2390 3163 66

1411 3209 1453 3251 61
1473 3188 1590 3264 animo,
1613 3206 1735 3268 suoque
1752 3185 1788 3248 in
1809 3184 1932 3248 honore
1955 3180 2042 3267 apud
2060 3203 2172 3246 omnes
2190 3202 2261 3246 esse
2283 3183 2387 3265 cupio.

1411 3270 1479 3337 Sed
1501 3272 1553 3358 hic
1576 3280 1626 3336 est
1650 3271 1767 3353 aliquis
1788 3269 1916 3356 modus:
1940 3277 1979 3332 ut
2000 3268 2084 3332 61611
2113 3267 2236 3332 66111666
2256 3266 2388 3333 Christo

1411 3356 1592 3441 derogetur.
1628 3358 1733 3422 Porro
1749 3356 1811 3421 hoc
1822 3361 1872 3420 est
1883 3356 2007 3420 Christi
2024 3355 2085 3432 ius,
2109 3363 2146 3417 ut
2157 3353 2302 3418 conciliis
2318 3375 2387 3418 om-

1409 3444 1506 3508 nibus
1523 3442 1715 3527 praesideat,
1734 3464 1794 3508 neo
1811 3442 1934 3507 6661661
1952 3442 2070 3506 666666
2087 3439 2253 3504 hominem
2271 3439 2308 3502 16
2324 3440 2390 3506 ista

1410 3529 1580 3613 dignitate.
1620 3530 1714 3594 'Punc
1736 3534 1846 3593 autem
1868 3527 2000 3592 demum
2021 3524 2206 3609 praesidere
2228 3524 2308 3604 dico,
2330 3525 2388 3590 ubi

1409 3622 1515 3679 totum
1532 3636 1719 3682 consessum
1736 3613 1837 3680 verbo
1850 3621 1883 3677 et
1894 3613 2080 3695 6611166666
2091 3611 2288 3675 moderatur.
2318 3611 2387 3675 De-

1409 3701 1502 3780 inde,
1530 3702 1616 3785 quod
1641 3703 1750 3767 minus
1772 3699 1917 3766 conciliis
1945 3699 2053 3763 tribuo
2082 3718 2180 3780 quam
2207 3696 2387 3762 adversarii

1408 3795 1535 3870 petunt,
1565 3809 1633 3851 non
1661 3809 1701 3852 66
1725 3807 1823 3850 causa
1851 3785 1957 3849 166616
1983 3784 2070 3867 66611
2099 3805 2119 3847 6
2145 3782 2291 3848 conciliis
2317 3802 2387 3847 me-

1408 3881 1514 3951 tuam,
1549 3875 1641 3955 quasi
1672 3873 1804 3937 illorum
1839 3892 1955 3936 causae
1987 3871 2227 3953 61611-6666661,
2255 3876 2387 3933 6666166

1408 3980 1487 4023 1616
1515 3958 1580 4024 6166
1606 3957 1778 4024 contraria.
1822 3956 1910 4020 Nam
1931 3957 2027 4022 sicuti
2049 3954 2091 4019 ad
2112 3953 2244 4037 plenam
2266 3953 2387 4019 doctri·

1407 4065 1470 4109 666
1497 4054 1629 4109 6661166
1655 4042 1923 4126 approbationem
1949 4049 1982 4106 et
2008 4041 2108 4105 totius
2129 4038 2272 4123 66616611
2293 4060 2387 4106 6161-

1408 4130 1534 4195 sionem
1563 4129 1691 4194 abunde
1718 4128 1817 4194 verbo
1844 4127 1981 4193 Domini
2008 4126 2160 4192 instructi
2187 4144 2318 4202 sumus,
2348 4130 2387 4189 ut

1407 4215 1491 4279 nihil
1508 4221 1677 4299 praeterea
1693 4214 1857 4297 requirere
1880 4234 2080 4298 magnopere
2100 4232 2182 4293 opus
2203 4210 2256 4289 sit,
2277 4211 2334 4287 ita,
2356 4207 2386 4274 61

1407 4323 1460 4366 res
1477 4303 1612 4386 flagitet,
1629 4322 1751 4384 magna
1768 4322 1810 4365 61
1826 4307 1919 4382 parte
1936 4299 2024 4382 quod
2043 4298 2122 4363 satis
2140 4296 2184 4360 sit
2201 4293 2243 4359 ad
2254 4302 2384 4361 utrum·

1408 4408 1470 4469 que
1492 4395 1605 4453 166616
1623 4387 1759 4452 concilia
1778 4384 1872 4450 nobis
1894 4385 2150 4450 subministrant.

1494 4477 1522 4537 2.
1567 4473 1640 4538 Iam
1662 4473 1702 4537 de
1722 4493 1759 4536 re
1780 4472 1852 4555 ipsa
1872 4470 2054 4553 loquamur.
2091 4466 2129 4533 Si
2151 4487 2192 4531 61
2213 4463 2384 4546 scripturis

1408 4580 1490 4640 quae
1524 4558 1568 4623 sit
1594 4554 1803 4624 conciliorum
1832 4557 1989 4622 autoritas
2011 4553 2187 4637 quaeritur,
2210 4549 2304 4614 nulla
2325 4571 2383 4615 ex·

1408 4651 1475 4708 stat
1502 4643 1661 4709 illustrior
1687 4643 1858 4727 promissio
1884 4662 1983 4723 quam
2010 4641 2045 4702 in
2062 4639 2134 4736 666
2161 4635 2286 4734 Christi
2308 4656 2383 4701 sen·
2418 4703 2429 4712 ,

1408 4731 1527 4796 tentia:
1550 4730 1693 4795 6611166
1717 4738 1774 4794 aut
1795 4736 1863 4792 tres
1883 4731 2072 4808 6666166661
2100 4745 2135 4787 16
2157 4743 2287 4787 6616166
2309 4741 2382 4786 1666

1407 4817 1538 4895 1661166,
1565 4816 1631 4880 11116
1658 4816 1695 4880 16
1721 4813 1828 4878 medio
1856 4831 1968 4876 eorum
1989 4830 2062 4872 sum
2088 4807 2381 4893 (herculeae).

1407 4903 1533 4967 Verum
1550 4901 1584 4966 id
1595 4902 1698 4968 nihilo
1714 4902 1824 4964 minus
1841 4898 1875 4960 in
1891 4894 2122 4978 66161611161661
2143 4894 2292 4976 66661116
2309 4913 2381 4959 666·

1406 4995 1478 5052 tum
1498 4990 1652 5070 competit
1670 5005 1768 5070 quam
1789 4985 1823 5047 in
1845 4981 2015 5046 concilium
2038 4979 2231 5045 universale.
2264 4980 2381 5063 Neque

1406 5080 1517 5139 tamen
1539 5075 1575 5137 in
1596 5095 1633 5138 eo
1655 5072 1769 5137 haeret
1789 5066 1985 5151 quaestionis
2002 5064 2118 5145 nodus,
2139 5064 2197 5131 sed
2215 5063 2302 5150 quod
2323 5064 2381 5131 ad-
2510 5135 2513 5139 ,

1407 5159 1475 5224 dita
1492 5169 1542 5225 est
1558 5157 1709 5235 conditio,
1727 5157 1775 5220 ita
1792 5153 2003 5218 demumfore
2024 5151 2196 5218 Christum
2215 5152 2252 5216 in
2274 5148 2381 5216 medio

1406 5246 1549 5324 concilii,
1577 5245 1605 5308 si
1634 5245 1670 5306 in
1696 5262 1753 5305 666
1781 5238 1913 5304 6661166
1940 5244 2164 5338 congregetur.
2208 5234 2321 5317 Quare
2342 5241 2381 5300 ut

1405 5331 1524 5396 millies
1560 5329 1782 5410 episocponrm
1815 5322 1952 5390 66661116
1985 5330 2157 5389 nommant
2190 5320 2379 5399 adversarii,

1404 5436 1522 5499 parurn
1542 5410 1790 5496 promovebunt
1812 5431 1873 5477 666
1895 5416 1971 5477 6616
1991 5408 2133 5475 efficient
2153 5413 2192 5473 ut
2207 5406 2402 5473 credamus·
2502 5467 2505 5479 ,

1473 5684 1649 5765 1111611611
1664 5686 1730 5743 boec
1746 5691 1830 5742 antea
1847 5685 1913 5757 Cap.
1935 5683 2023 5755 rna
2042 5684 2066 5752 ς.
2084 5679 2232 5736 lta-168.
