5600 6809
432 756 496 817 ere
555 806 566 817 .
1081 716 1349 815 memorre
1369 747 1475 814 aun.
1496 745 1678 816 onulsr.
1705 753 1796 815 1559.
2264 707 2271 722 ⁸
2382 751 2450 815 seo

432 943 556 1010 scilicet
577 963 614 1007 eo
633 939 818 1024 dementiae
839 959 878 1005 ac
901 938 1066 1004 caecitatis
1092 937 1230 1021 provebi
1256 937 1336 1001 istos
1354 957 1413 1001 an-
1466 938 1515 1001 ita
1543 937 1615 1002 sine
1642 938 1709 1002 fine
1735 937 1902 1015 extendit,
1935 937 1971 1001 in
2003 957 2042 1000 eo
2075 957 2212 1020 gravem
2241 946 2274 1002 at
2302 946 2451 1002 atrocem

432 1030 608 1105 tichristos,
632 1033 672 1090 ut
693 1026 846 1091 omnibus
868 1045 968 1090 sanae
988 1024 1110 1089 mentis
1131 1020 1334 1099 hominibus,
1358 1022 1415 1104 qui
1466 1023 1546 1088 facit
1578 1023 1750 1100 iniuriam,
1773 1045 1839 1087 non
1866 1029 1997 1086 tantum
2027 1024 2160 1106 reliquis
2183 1024 2357 1107 episcopis,
2387 1023 2451 1087 sed

434 1112 531 1179 modo
550 1113 662 1178 oculos
684 1108 1415 1194 aperirevolunt,conspicuaessetipscn1m
1467 1110 1567 1173 etiam
1593 1108 1734 1192 singulis
1759 1109 1917 1173 ecclesiia:
1946 1129 2028 1191 quas
2056 1130 2094 1174 ec
2115 1108 2210 1173 modo
2233 1109 2388 1191 discerpit
2410 1130 2452 1173 ac

433 1200 587 1282 nequitia.
637 1198 829 1263 Decreteles
865 1204 975 1261 autem
1010 1195 1167 1277 epistolae
1200 1215 1221 1256 a
1252 1192 1415 1276 Gregorio
1467 1195 1605 1272 lacerat,
1635 1202 1673 1258 ut
1699 1215 1741 1258 ex
1768 1214 1880 1258 earum
1911 1195 2018 1259 ruinis
2040 1193 2150 1259 sedem
2173 1216 2266 1259 suam
2289 1194 2451 1259 aedificet

434 1305 522 1350 nono
544 1292 727 1369 congestae,
751 1279 830 1347 item
852 1280 1093 1358 Clementinae,
1123 1286 1157 1345 et
1182 1280 1415 1362 Extravagau·
1469 1279 1567 1361 Quod
1595 1287 1705 1344 autem
1732 1280 1883 1345 omnibus
1910 1302 1945 1345 se
1971 1279 2100 1344 iudiciis
2122 1281 2252 1358 eximit,
2274 1301 2311 1344 ac
2333 1290 2452 1430 Ἑω-

435 1379 486 1436 tes
512 1370 666 1447 Martini,
700 1369 844 1451 apertius
876 1367 984 1433 adhuc
1018 1375 1052 1430 et
1079 1365 1280 1449 plenioribus
1306 1364 1416 1430 buccis
1468 1368 1542 1432 nico
1559 1385 1650 1429 more
1671 1366 1717 1429 sic
1738 1366 1811 1430 vult
1828 1386 1976 1448 regnare,
1999 1374 2037 1430 ut
2054 1387 2148 1430 suam
2163 1367 2262 1431 unius
2279 1366 2336 1432 libi
2361 1366 2367 1379 '
2394 1387 2454 1430 em

435 1459 613 1521 immanem
646 1456 814 1531 ferociam,
854 1460 888 1516 et
914 1452 1016 1517 veluti
1048 1451 1262 1517 barbarorum
1301 1471 1418 1534 regum
1469 1451 1623 1536 prolege
1649 1450 1785 1530 habeat,
1812 1451 1846 1515 id
1873 1459 1961 1516 certe
1987 1453 2094 1535 magis
2119 1451 2292 1534 indiguum
2320 1461 2386 1528 eet,
2418 1461 2454 1515 et

436 1541 647 1627 tyrannidem
676 1539 796 1621 ubique
825 1539 960 1621 spirant.
1006 1539 1108 1620 Atqui
1136 1537 1218 1601 haec
1245 1543 1323 1601 sunt
1344 1555 1417 1600 ora·
1470 1539 1613 1602 alienum
1639 1537 1680 1602 ab
1706 1537 1922 1602 ecclesiastica
1949 1537 2076 1601 ratione
2104 1558 2202 1620 qnam
2230 1551 2268 1601 ut
2293 1537 2455 1603 sustineri
2483 1542 2489 1566 ¹

436 1629 511 1695 cula
539 1649 580 1692 ex
607 1627 724 1711 quibus
753 1624 870 1689 volunt
889 1624 1116 1689 Romanenses
1143 1632 1299 1705 papatum
1321 1642 1419 1686 suum
1470 1624 1538 1688 ullo
1560 1619 1657 1686 modo
1679 1631 1785 1705 queat.
1821 1623 1964 1688 Proreus
1982 1624 2071 1687 enim
2093 1622 2248 1687 abhorret
2268 1644 2336 1687 non
2354 1623 2454 1687 modo

438 1714 612 1783 aestimari.
663 1710 753 1775 Hinc
779 1719 853 1774 orta
879 1718 956 1774 sunt
982 1709 1153 1792 praeclara
1173 1709 1230 1772 illa
1252 1709 1419 1772 axiomata
1471 1732 1492 1774 a
1513 1730 1612 1774 sensu
1633 1709 1773 1791 pietatis,
1796 1707 1854 1773 sed
1874 1709 1973 1773 etiam
1991 1709 2215 1773 humanitatis.

439 1821 523 1882 quae
551 1799 618 1864 vim
645 1794 851 1862 oraculorum
872 1796 994 1879 passim
1016 1794 1113 1860 hodie
1133 1796 1169 1857 in
1188 1801 1313 1877 papatu
1336 1793 1419 1857 obti-
1559 1798 1609 1856 22.
1651 1794 1780 1859 Verum
1812 1816 1855 1859 ne
1890 1793 2021 1878 singula
2053 1795 2203 1876 persequi
2237 1809 2271 1858 et
2296 1807 2454 1859 excutere

440 1891 532 1951 nent:
556 1904 675 1965 papam
696 1903 807 1946 errare
827 1902 897 1944 non
917 1902 1021 1964 posse,
1043 1901 1163 1963 papam
1180 1900 1251 1945 esse
1273 1879 1420 1961 superio-
1471 1900 1579 1965 cogar,
1601 1881 1722 1944 iterum
1743 1881 1822 1945 istos
1844 1879 1972 1962 appello
1989 1880 2046 1962 qui
2070 1879 2166 1944 hodie
2187 1901 2342 1945 romanae
2364 1881 2455 1945 sedis

440 1991 510 2035 rem
536 1967 695 2044 conciliis,
723 1986 844 2049 papam
864 1987 935 2031 esse
957 1966 1177 2031 universalem
1199 1966 1346 2029 omnium
1368 1985 1421 2028 ec·
1471 1967 1602 2049 patroni
1630 1973 1664 2030 et
1688 1966 1804 2046 optimi
1831 1975 1865 2029 et
1889 1965 2072 2030 fidelissimi
2097 1965 2210 2030 haberi
2238 1966 2369 2044 volunt,
2399 1988 2455 2032 ee·

440 2055 613 2120 clesiarum
635 2054 822 2136 episcopum
844 2058 877 2117 et
899 2073 1063 2116 summum
1091 2053 1126 2116 in
1147 2052 1245 2116 terris
1267 2049 1423 2116 ecclesiae
1473 2051 1550 2135 quid
1579 2050 1702 2134 pudeat
1727 2052 1816 2132 ipsos
1844 2059 2051 2132 praesentem
2081 2061 2203 2116 statum
2231 2062 2373 2134 papatus
2395 2051 2455 2116 de-

440 2148 546 2224 caput
581 2141 686 2204 Taceo
707 2139 847 2220 ineptias
868 2138 973 2202 multo
992 2136 1206 2215 absurdiores,
1230 2157 1310 2218 ques
1328 2134 1422 2200 stulti
1472 2136 1627 2202 feudare?
1657 2157 1752 2218 quem
1781 2144 1909 2202 constat
1935 2136 2088 2218 centuplo
2116 2137 2350 2219 corruptiorem
2381 2158 2456 2202 esse

441 2226 628 2290 canonistae
649 2225 685 2287 in
707 2223 828 2288 sobolis
846 2224 914 2288 suis
931 2221 1151 2288 deblaterant:
1175 2223 1294 2305 quibus
1310 2228 1422 2284 tamen
1474 2244 1572 2306 quam
1602 2222 1755 2306 Gregorii
1783 2231 1817 2286 et
1837 2219 2001 2287 Bemardi
2029 2223 2166 2288 saeculis
2193 2223 2300 2301 brerit,
2326 2225 2382 2305 qui
2402 2233 2455 2286 ta-

441 2331 651 2377 romanenses
685 2308 829 2392 theologi
861 2330 929 2373 non
960 2306 1056 2373 modo
1089 2308 1329 2384 assentiuntur,
1364 2304 1422 2370 sed
1473 2330 1551 2373 men
1584 2317 1662 2374 tunc
1697 2309 1819 2373 sancus
1854 2308 1919 2372 illis
1946 2308 2027 2372 viris
2056 2316 2224 2391 tantopere
2252 2308 2454 2392 displicebat

442 2398 542 2462 etiarn
564 2394 771 2478 applaudunt
791 2403 830 2458 ut
850 2393 936 2458 idolo
957 2415 1016 2459 suo
1038 2394 1222 2459 adulentur.
1475 2394 1694 2476 Conqueritur
1714 2395 1837 2475 passim
1859 2394 2049 2476 Gregorius,
2080 2416 2114 2458 se
2136 2395 2252 2459 alienis
2269 2395 2456 2477 occupatio·

529 2486 579 2545 21.
623 2480 700 2544 Ncn
732 2500 829 2562 agam
862 2501 938 2544 cum
970 2479 1036 2544 illis
1068 2499 1196 2544 summo
1224 2481 1303 2543 iure.
1356 2476 1422 2541 Hic
1474 2481 1572 2544 nibus
1593 2500 1694 2563 supra
1715 2478 1848 2543 modum
1870 2478 2023 2559 distrahi;
2046 2501 2082 2544 se
2108 2480 2169 2545 sub
2197 2480 2302 2545 colore
2330 2481 2456 2562 episco-

442 2576 553 2632 tentae
575 2566 769 2630 insolentiae
787 2572 966 2648 opponeret
981 2566 1143 2648 quispiam
1161 2562 1424 2650 aliuaprriani
1473 2573 1571 2648 patus
1592 2564 1634 2628 ad
1655 2564 1822 2630 eaeculum
1844 2585 1914 2629 esse
1936 2564 2119 2642 reductum,
2141 2566 2198 2631 ubi
2225 2567 2326 2631 tantis
2348 2575 2457 2631 terrae

443 2652 656 2727 sententiam,
689 2669 753 2732 qua
788 2672 869 2716 usus
897 2656 947 2715 est
974 2649 1062 2734 apud
1091 2651 1257 2733 episcopos
1284 2670 1424 2731 quorum
1476 2652 1563 2716 curis
1591 2650 1767 2716 inserviret
1794 2651 1926 2732 quantis
1958 2672 1994 2716 ee
2016 2672 2184 2734 nunquam
2212 2653 2247 2716 ιιι
2277 2653 2346 2716 vita
2371 2651 2457 2717 laica

443 2737 579 2803 concilio
611 2735 830 2818 praesidebat:
866 2757 963 2800 nemo
995 2744 1144 2802 nostrum
1170 2736 1359 2819 episcopum
1388 2754 1424 2798 se
1475 2735 1668 2802 deserviisse
1689 2737 1969 2815 reminisceretnr3
1991 2759 2027 2801 se
2051 2738 2156 2819 premi
2179 2738 2323 2801 tumultu
2342 2759 2456 2803 saecu·

444 2824 669 2906 episcoporum
691 2821 778 2899 dicit,
801 2829 859 2886 aut
878 2821 1049 2906 tyrannico
1068 2830 1194 2886 terrore
1217 2821 1358 2903 collegas
1382 2817 1425 2883 ad
1475 2822 1595 2886 larium
1620 2822 1840 2905 negotiorum,
1873 2831 1912 2886 ut
1933 2821 1975 2885 ad
1997 2843 2141 2904 superna
2162 2823 2291 2889 animus
2313 2823 2457 2888 nullate·

445 2907 643 2990 obsequendi
664 2907 894 2971 necessitatem
911 2907 1022 2991 adigit.
1068 2905 1236 2972 Obiiceret
1254 2905 1342 2988 quod
1364 2904 1424 2967 ali-
1475 2930 1538 2972 nus
1569 2909 1615 2972 eri
1660 2916 1731 2987 tur3
1765 2928 1800 2971 se
1835 2906 1949 2973 multis
1983 2929 2156 2973 causarum
2188 2909 2339 2974 fluetibus
2362 2909 2460 2989 quati

444 3001 567 3076 quante
588 2997 662 3077 post
683 2991 884 3075 Carthagine
911 2991 1079 3057 decretum
1100 2992 1176 3058 fuit:
1204 3014 1247 3057 ne
1272 2992 1346 3074 quis
1366 3012 1424 3055 vc-
1476 3000 1509 3058 et
1530 3003 1603 3057 tum
1640 3000 1752 3059 tuosae
1770 2994 1859 3058 vitae
1881 2995 2127 3077 tempestatibus
2150 2995 2259 3077 affligi,
2281 3005 2318 3058 ιιι
2334 2993 2458 3057 merito

445 3088 574 3145 caretur
594 3077 745 3161 princeps
768 3077 989 3157 sacerdotum,
1017 3086 1074 3143 aut
1093 3079 1221 3161 primus
1242 3078 1424 3161 episcopus.
1476 3078 1578 3145 dicat:
1601 3079 1679 3143 veni
1698 3079 1734 3142 in
1757 3078 1963 3143 altitudinem
1985 3081 2095 3144 maris.
2109 3079 2135 3163 ¹)
2179 3079 2277 3145 (ferte
2304 3080 2393 3143 inter
2416 3078 2458 3141 il-

349 3204 352 3208 ·
381 3226 385 3240 ,
444 3164 621 3248 Oolligeret
643 3185 685 3227 ex
707 3162 854 3228 historiis
875 3164 979 3229 multa
1000 3164 1198 3243 testimonia,
1227 3185 1269 3229 ex
1291 3161 1425 3247 synodis
1476 3164 1526 3230 las
1545 3171 1694 3230 terrenae
1716 3165 1944 3248 occupationes
1966 3171 2094 3247 poterat
2112 3175 2224 3230 tamen
2244 3165 2373 3248 plebem
2394 3185 2457 3246 pro

442 3270 593 3328 canones,
623 3271 665 3314 ex
692 3256 842 3314 veterum
869 3249 963 3315 libris
990 3250 1113 3316 multae
1133 3251 1322 3327 sententias,
1374 3247 1425 3312 ui·
1477 3250 1686 3316 concionibus
1707 3249 1831 3328 docere,
1853 3251 2010 3332 privatim
2031 3250 2206 3316 admonere
2233 3260 2267 3314 et
2293 3251 2457 3334 corrigere

443 3337 505 3402 bus
534 3356 689 3400 romanus
716 3335 862 3417 pontifex
889 3336 924 3400 in
951 3333 1101 3400 ordinem
1129 3341 1307 3419 cogeretur.
1352 3270 1427 3399 bed
1477 3357 1559 3419 quos
1590 3336 1772 3417 oportebat,
1807 3335 1978 3401 ecclesiam
2011 3334 2177 3415 ordinare,
2211 3336 2344 3421 collegis
2378 3336 2457 3401 dare

443 3442 504 3506 ego
531 3421 604 3486 istis
633 3419 842 3503 supersedeo,
870 3443 913 3486 ne
935 3421 1050 3486 videar
1076 3423 1175 3487 nimis
1202 3421 1348 3505 praecise
1370 3440 1426 3484 eos
1478 3421 1650 3487 consilium
1683 3441 1802 3502 eosque
1831 3421 1873 3485 ad
1900 3421 2044 3487 efficium
2071 3423 2211 3503 bcrtari;
2239 3443 2338 3504 super
2366 3423 2457 3498 haec,

443 3528 571 3591 urgere.
627 3505 863 3588 Respondeant
894 3517 1007 3573 tamen
1037 3508 1122 3572 mihi
1154 3507 1269 3589 optimi
1294 3504 1427 3590 patroni
1477 3508 1622 3573 restabat
1650 3506 1773 3590 aliquid
1800 3508 1955 3589 temporie
1983 3508 2026 3572 ad
2046 3508 2255 3574 scribendum
2261 3532 2270 3585 ;
2292 3520 2326 3573 et
2345 3516 2457 3573 tamen

444 3613 600 3658 romanae
622 3591 723 3669 sedis,
753 3613 818 3675 qua
838 3592 944 3657 fronte
966 3593 1100 3657 titulum
1122 3592 1318 3659 universalis
1340 3591 1425 3673 epis-
1478 3593 1698 3659 ealamitatem
1724 3611 1819 3657 suam
1847 3591 2009 3675 deplorat,
2037 3594 2125 3676 quod
2146 3595 2189 3659 sit
2212 3595 2248 3658 in
2268 3593 2459 3678 profundis·

444 3679 516 3762 copi
537 3676 711 3744 defendere
733 3675 884 3756 audeaut,
908 3699 1007 3760 quem
1027 3678 1142 3744 vident
1169 3680 1266 3743 toties
1289 3677 1426 3742 anathe-
1478 3681 1561 3744 simo
1582 3678 1667 3742 mari
1688 3677 1866 3743 demersus.
1907 3675 1946 3743 Si
1967 3677 2203 3745 administratio
2223 3680 2312 3745 illius
2333 3687 2459 3762 tempo-

444 3772 532 3829 mate
554 3761 742 3828 damnaria
763 3763 833 3829 Gre
876 3763 945 3828 rio?
990 3761 1030 3830 Si
1052 3765 1162 3830 valere
1185 3763 1281 3829 debet
1298 3763 1426 3847 Grego-
1478 3766 1524 3830 ris
1551 3784 1643 3829 mare
1670 3763 1746 3829 lirit:
1776 3763 1855 3846 quid
1884 3763 1925 3828 de
1952 3766 2118 3848 praesenti
2138 3774 2263 3848 papatu
2285 3764 2462 3830 dicendum

445 3850 488 3912 rii
510 3848 743 3928 testimonium,
766 3868 804 3914 eo
850 3849 997 3916 eclarant
1024 3850 1255 3916 antichristum
1278 3870 1349 3915 ease
1371 3870 1426 3914 su·
1479 3849 1564 3914 erit‘l
1600 3847 1692 3930 Quid
1713 3851 1800 3915 enim
1822 3849 1928 3914 simile
1949 3850 2036 3915 inter
2058 3872 2093 3916 se
2116 3850 2259 3916 habent?
2300 3851 2366 3917 Hic
2386 3850 2461 3915 nul-

446 3955 503 3999 um
524 3934 720 4017 pontilicem,
742 3934 829 4018 quod
850 3957 926 4000 eum
947 3937 1169 4001 universalem
1189 3936 1323 4002 faciunt
1359 3935 1427 3998 No·
1479 3937 1531 4001 lae
1553 3942 1633 3999 sunt
1654 3937 1842 4013 conciones,
1869 3934 1963 4000 nulla
1991 3936 2182 4020 disciplinae
2209 3959 2302 4016 cura,
2329 3937 2462 4001 nullum

447 4040 526 4084 men
544 4020 643 4084 etiam
661 4021 779 4103 capitis
795 4021 900 4085 nihilo
922 4021 1028 4105 magis
1040 4022 1066 4106 ¹)
1083 4023 1147 4087 fuit
1164 4023 1343 4088 actatum:
1370 4018 1427 4086 Sic
1479 4021 1690 4088 eeclesiarum
1711 4021 1867 4100 studium,
1890 4021 1983 4086 nulla
2003 4023 2184 4105 spiritualis
2206 4024 2346 4089 functio:
2376 4021 2463 4087 nihil

447 4106 536 4170 euim
557 4105 678 4171 alicubi
699 4106 895 4191 loquitur22)
916 4109 1037 4173 Petrus
1059 4109 1272 4191 praecipuum
1299 4107 1335 4171 in
1356 4127 1427 4172 cor-
1480 4106 1621 4189 denique
1642 4108 1707 4172 nisi
1727 4106 1880 4173 mundus.
1924 4106 2068 4174 Perinde
2090 4117 2200 4174 tamen
2230 4109 2386 4173 laudatur
2406 4107 2463 4172 hic

331 4222 339 4237 κ
446 4207 525 4274 pora
546 4191 740 4269 membrum,
763 4191 916 4270 Ioannes,
939 4192 1099 4272 Andreae,
1122 4194 1261 4259 Iacobus
1283 4192 1427 4276 particu-
1480 4192 1704 4277 labyrinthus,
1727 4193 1822 4276 quasi
1848 4193 1935 4258 nihil
1962 4194 2105 4260 inveniri
2126 4207 2225 4278 queat
2246 4195 2351 4276 magis
2373 4193 2464 4257 ordi·

447 4277 566 4343 larium
585 4276 730 4360 plebium
752 4278 871 4359 capita;
893 4299 1006 4344 omnes
1022 4288 1134 4345 tamen
1157 4280 1217 4344 sub
1236 4300 1304 4344 uno
1322 4278 1429 4361 capite
1481 4286 1597 4343 natum
1618 4301 1656 4345 ao
1677 4280 1880 4362 dispositum.
1925 4279 2118 4345 Bernardus
2144 4302 2222 4346 vero
2251 4301 2330 4361 quas
2352 4279 2466 4343 fundit

431 4362 596 4427 mambra
613 4362 768 4427 ecclesiae
786 4370 879 4442 eunt;
897 4364 963 4428 imo
981 4366 1085 4431 sancti
1101 4365 1305 4448 autelegem,
1324 4363 1429 4428 sancti
1481 4364 1716 4447 querimonias,
1751 4387 1832 4448 quos
1863 4364 1931 4429 adit
1962 4367 2104 4449 gemitus
2130 4365 2209 4430 dum
2237 4385 2315 4428 suae
2343 4366 2465 4430 aetatis

448 4449 509 4514 sub
531 4448 613 4531 lege,
637 4449 740 4513 sancti
763 4449 799 4512 in
817 4450 931 4532 gratia,
950 4471 1064 4516 omnes
1083 4451 1288 4534 perficientes
1310 4469 1429 4531 corpus
1481 4451 1563 4516 vitia
1579 4451 1750 4515 intuetur?
1786 4449 1877 4531 Quid
1894 4451 2006 4535 igitur,
2025 4453 2053 4516 si
2070 4452 2132 4516 hoc
2149 4459 2299 4514 nostrum
2316 4448 2465 4513 ferreum

448 4533 592 4612 Domini,
615 4534 651 4598 iu
668 4534 824 4599 membris
842 4543 921 4600 sunt
938 4537 1114 4615 constituti,
1138 4546 1171 4601 et
1191 4556 1287 4600 namo
1308 4555 1343 4599 se
1365 4554 1429 4597 un·
1482 4536 1648 4601 saeculum
1676 4543 1709 4601 et
1732 4538 1760 4602 si
1788 4534 1868 4618 quid
1893 4546 1943 4602 est
1968 4538 2056 4601 ferro
2084 4535 2234 4607 deterius,
2263 4535 2462 4617 inspiceret?

448 4641 547 4702 quam
564 4619 785 4685 universalem
807 4620 871 4686 dici
892 4622 1003 4686 voluit
1049 4621 1147 4702 Quod
1169 4629 1278 4687 autam
1295 4618 1430 4686 iubendi
1482 4621 1576 4701 Quae
1608 4623 1673 4688 ista
1703 4629 1755 4686 est
1785 4621 1991 4704 improbitas,
2023 4642 2092 4685 non
2122 4619 2218 4684 modo
2250 4621 2464 4702 pertinaciter

448 4712 641 4788 potestatem
671 4705 745 4770 sibi
760 4715 893 4790 arrogat
919 4709 1083 4790 pontifex,
1112 4728 1230 4790 parum
1257 4712 1430 4772 consenta-
1482 4708 1577 4785 tueri,
1595 4706 1687 4772 velut
1708 4713 1949 4772 sacrosanctum
1970 4727 2008 4771 ac
2029 4705 2187 4785 divinum,
2209 4706 2296 4789 quod
2318 4727 2384 4770 uno
2406 4726 2464 4770 ore

449 4811 549 4855 neum
567 4798 618 4854 est
634 4812 710 4856 cum
728 4812 766 4855 eo
783 4792 872 4874 quod
890 4793 966 4859 alibi
990 4793 1067 4858 dicit
1079 4793 1271 4877 Gregorius.
1281 4791 1310 4876 ⁸)
1342 4792 1431 4856 Nam
1483 4794 1589 4858 sancti
1610 4814 1722 4857 omnes
1744 4812 1874 4875 semper
1894 4791 2136 4874 improbarunt;
2164 4792 2222 4857 sed
2245 4813 2361 4857 eorum
2382 4812 2463 4873 quo-

450 4896 553 4958 quum
581 4876 769 4961 Eulolius⁴)
797 4878 1033 4944 alexandrinus
1060 4880 1231 4962 episcopus
1260 4900 1296 4943 ae
1325 4877 1365 4942 ab
1391 4897 1430 4942 ec
1483 4900 1545 4961 que
1567 4879 1750 4943 testimonio
1772 4876 1864 4941 abuti
1887 4877 1929 4941 ud
1951 4876 2173 4942 defensionem
2192 4891 2341 4963 papatus,
2364 4898 2464 4959 quem

450 4961 578 5024 iussum
613 4960 762 5041 dixisset,
797 4963 974 5047 respondet
1006 4967 1041 5028 in
1071 4966 1158 5030 hune
1186 4965 1333 5029 modum:
1368 4963 1431 5029 hoc
1483 4970 1612 5030 constat
1630 4963 1730 5027 fuisse
1751 4962 1816 5027 illis
1837 4983 1974 5046 prorsus
1994 4963 2219 5047 incognitum?
2264 4962 2463 5045 Quanquam

452 5043 591 5111 verbum
624 5047 791 5131 iussionis,
828 5057 918 5132 pete,
955 5073 974 5114 a
1003 5071 1077 5114 meo
1106 5051 1221 5115 auditu
1248 5056 1415 5116 removete
1422 5072 1430 5129 3
1483 5049 1524 5114 de
1541 5056 1687 5130 tempore
1708 5047 1872 5113 Bemardi
1889 5048 2003 5126 fateor,
2021 5056 2152 5114 tantem
2172 5051 2272 5116 fuisse
2289 5061 2368 5114 tunc
2390 5069 2463 5114 cor-

432 5129 520 5196 ·scio
540 5132 700 5216 enimqni
718 5135 780 5198 sim
799 5137 907 5217 etqui
927 5136 1012 5202 silis:
1031 5135 1102 5202 loco
1119 5137 1203 5201 mibi
1213 5135 1430 5214 ιἰοιιοιοιιιι,
1483 5133 1669 5216 ruptionem
1701 5155 1814 5200 rerum
1840 5135 2002 5214 omnium,
2037 5142 2166 5201 utnon
2194 5137 2294 5201 fuerit
2319 5134 2464 5199 multum

452 5217 597 5283 moribus
618 5227 743 5302 patree3
764 5241 832 5283 non
854 5241 930 5304 erge
952 5223 1041 5300 iussi,
1064 5222 1122 5288 aad
1161 5244 1224 5288 uae
1245 5222 1340 5288 utilia
1360 5221 1433 5284 visa
1483 5224 1594 5284 nostro
1626 5219 1793 5286 dissimile.
1838 5221 1966 5286 Verum
2000 5222 2090 5286 omni
2115 5222 2239 5303 pudore
2265 5229 2378 5286 carent
2403 5220 2464 5301 qui

453 5308 547 5382 eunt,
581 5305 726 5370 indicare
754 5305 876 5371 curavi.
927 5305 1024 5387 Quod
1052 5309 1134 5374 iuris
1159 5309 1311 5374 'ctionem
1337 5325 1432 5371 suam
1484 5327 1527 5371 ex
1551 5304 1659 5370 medic
1685 5305 1742 5372 illc
1769 5307 1915 5388 saeculo,
1942 5307 2067 5374 Leonis
2095 5307 2218 5372 scilicet
2249 5316 2282 5371 et
2309 5305 2465 5388 Gregorii

380 5406 390 5421 ’
1483 5396 1518 5460 οι
1545 5390 1717 5471 similium,
1746 5401 1959 5475 praetextum
1985 5393 2128 5476 aliquem
2151 5401 2276 5475 petunt.
2319 5390 2465 5457 Perinde

1485 5565 1688 5576 ——ffl

525 5594 554 5662 1)
576 5603 641 5646 tnnc
658 5593 741 5646 omitt.
760 5593 825 5645 libri
839 5595 936 5648 ιιοιιιιι.
1006 5595 1037 5661 2)
1056 5597 1143 5666 Epist.
1168 5597 1210 5650 92.
1228 5593 1332 5650 libna
1402 5593 1433 5662 3)

453 5657 533 5715 Ιιιιιι.
554 5661 578 5714 7.
597 5661 676 5724 epist
694 5659 737 5714 28.
823 5661 855 5729 4)
878 5662 945 5716 Vide
961 5679 1048 5732 upra
1061 5682 1126 5735 paq.
1145 5664 1204 5719 826.
1222 5672 1276 5720 recl.
1294 5663 1319 5717 3.
1554 5665 1584 5732 1)
1611 5665 1879 5733 Videeupra5.13.
