5600 6809
393 771 433 831 27
1037 759 1303 829 INSTITUTIO
1326 761 1431 825 REL.
1455 760 1635 826 CHRIST.
1661 766 1752 828 1559.
2352 762 2393 824 28

393 955 473 1021 satis
495 962 552 1033 est,
575 955 622 1018 ita
644 974 776 1017 rursum
799 952 938 1017 alierum
960 949 1175 1016 imbecillitati
1197 970 1367 1014 occurren·
1419 946 1518 1029 Quod
1549 951 1658 1032 ipsum
1691 970 1751 1014 nos
1776 966 1902 1033 quoque
1934 956 2022 1015 certe
2055 950 2294 1032 experiremur,
2329 948 2395 1011 nisi

393 1066 486 1144 dum,
515 1086 595 1148 quos
622 1064 744 1129 talibus
769 1063 972 1128 offendiculis
999 1061 1196 1126 commoveri
1228 1082 1266 1124 ae
1292 1081 1366 1142 per·
1418 1068 1531 1125 nostra
1550 1061 1787 1144 ingratitudine
1808 1081 2089 1143 corrumperemus
2110 1060 2171 1152 hee
2191 1067 2261 1123 tam
2281 1060 2395 1141 singu·
2435 1048 2439 1063 ¹

392 1178 540 1243 turbatos
562 1176 715 1241 vacillare
744 1197 810 1239 non
838 1195 912 1238 raro
934 1173 1102 1256 contingit.
1147 1172 1203 1236 Illi
1223 1193 1302 1236 vero
1324 1192 1366 1235 ne
1418 1171 1487 1236 lare
1509 1173 1573 1236 Dei
1595 1172 1804 1252 beneficium,
1832 1194 1870 1238 ac
1897 1174 1933 1236 in
1954 1173 2091 1236 exitium
2116 1180 2264 1235 nostrum
2286 1177 2393 1234 verte-

364 1290 455 1376 Jhao
481 1289 724 1371 perturbatione
745 1287 926 1363 labescant,
956 1306 994 1349 ao
1023 1284 1063 1348 de
1087 1283 1192 1366 gradu
1214 1283 1366 1348 deiician·
1419 1304 1530 1348 remus
1555 1283 1641 1365 quod
1674 1285 1767 1349 nobis
1789 1286 1923 1350 unicum
1955 1282 2070 1347 salutis
2096 1281 2296 1363 praesidium
2323 1301 2394 1346 esse

393 1408 456 1478 tur,
480 1400 584 1465 sciant
606 1398 718 1462 eadem
742 1405 892 1479 expertos
914 1417 985 1461 esse
1007 1416 1065 1460 sue
1088 1394 1216 1460 saeculo
1239 1403 1366 1477 aposto·
1420 1395 1583 1460 debuerat.
1625 1394 1693 1460 Sed
1714 1395 1756 1459 ad
1777 1402 1810 1460 te
1830 1401 1986 1472 revertor,
2010 1394 2128 1458 eRex.
2162 1392 2306 1477 Nihilte
2323 1414 2393 1456 mo-

393 1513 441 1577 les
464 1532 546 1592 quae
568 1532 655 1575 nuno
677 1531 739 1574 usu
759 1509 854 1573 nobis
875 1507 1019 1571 veniunt.
1064 1507 1172 1571 Erant
1191 1506 1314 1572 indocti
1334 1516 1368 1571 et
1419 1514 1519 1572 veant
1545 1528 1651 1572 vanae
1678 1507 1754 1572 illae
1781 1507 1973 1583 delationes,
2001 1505 2117 1586 quibus
2146 1510 2306 1568 terrorem
2333 1504 2393 1568 tibi

394 1622 575 1700 instabiles,
603 1623 659 1703 qui
688 1621 729 1685 ad
751 1641 845 1684 suam
873 1619 1019 1700 ipsorum
1048 1619 1226 1701 perniciem
1252 1616 1368 1700 depra-
1419 1618 1553 1684 iniioere
1581 1619 1736 1683 nituntur
1768 1619 1872 1685 nostri
1899 1616 2093 1682 adversarii:
2122 1636 2188 1679 non
2214 1614 2304 1679 aliud
2332 1616 2395 1682 hoo

392 1740 510 1800 varent
531 1754 615 1814 quae
638 1755 657 1796 a
683 1731 787 1797 Paule
810 1730 968 1796 divinitus
991 1731 1111 1811 scripta
1133 1736 1241 1808 erant,
1264 1736 1302 1792 ut
1322 1728 1369 1792 ait
1420 1750 1506 1794 novo
1543 1730 1713 1814 evangelio
1755 1730 1816 1814 (sic
1850 1731 1938 1795 enim
1971 1726 2151 1810 appellant)
2189 1727 2313 1809 captari
2356 1748 2403 1793 ac·

393 1847 512 1910 Petrus
546 1843 580 1928 (⁸2
605 1845 693 1908 Petr.
720 1847 748 1921 3,
778 1841 841 1924 16).
890 1841 997 1904 Erant
1023 1842 1087 1904 Dei
1119 1847 1367 1922 contemptores,
1421 1842 1548 1922 quaeri,
1572 1842 1637 1905 nisi
1663 1841 1860 1906 seditionum
1880 1840 2157 1923 opportunitatem
2178 1859 2216 1903 ao
2237 1839 2396 1903 vitiorum

394 1958 459 2040 qui,
480 1977 582 2038 quum
604 1951 779 2017 audiebant
800 1951 983 2016 abundasse
1009 1958 1178 2034 peccatum
1201 1959 1237 2015 ut
1264 1953 1370 2035 gratia
1421 1954 1568 2017 omnium
1588 1954 1825 2036 impunitatem.
1869 1952 1983 2035 Neque
2006 1951 2095 2016 eninr
2117 1951 2285 2017 divisionis
2303 1952 2395 2016 Deus

393 2068 582 2144 exundaret,
602 2066 712 2129 statim
730 2064 938 2146 ingerebant:
958 2063 1162 2127 manebimus
1179 2065 1215 2126 in
1228 2070 1368 2144 peccato,
1421 2071 1533 2128 noster
1554 2071 1650 2129 autor
1671 2072 1736 2143 est,
1765 2064 1822 2128 sed
1848 2065 1951 2146 pacis3
1979 2070 2013 2128 et
2038 2064 2126 2128 filius
2147 2063 2212 2127 Dei
2234 2084 2299 2127 non
2320 2082 2395 2144 peo-

393 2187 431 2245 ut
463 2179 570 2262 gratia
601 2174 758 2254 abundet;
802 2195 902 2256 quum
942 2173 1117 2238 audiebant
1159 2173 1271 2238 fideles
1303 2195 1369 2238 non
1422 2177 1486 2241 cati
1517 2177 1669 2241 minister
1698 2186 1762 2253 est,
1796 2175 1853 2258 qui
1878 2179 1971 2241 venit
1996 2174 2037 2239 ad
2064 2174 2271 2239 dissolvenda
2297 2195 2398 2256 opera

394 2312 464 2380 esse
486 2288 548 2355 sub
569 2288 650 2371 lege,
674 2285 823 2367 protinus
841 2285 1041 2349 accinebant:
1061 2286 1275 2367 peccabimus,
1294 2285 1371 2366 quia
1423 2287 1550 2352 diaboli.
1594 2289 1640 2351 Et
1661 2309 1720 2352 nos
1741 2287 1858 2352 talium
1879 2287 2095 2369 cupiditatum
2116 2286 2280 2350 immerito
2301 2306 2397 2350 aecu-

397 2423 465 2466 non
486 2422 599 2464 sumus
621 2399 682 2462 sub
703 2397 784 2480 lege,
808 2394 866 2460 sed
886 2396 946 2460 sub
968 2397 1075 2478 gratia
1096 2397 1205 2480 (Rom.
1220 2400 1248 2474 6,
1264 2401 1289 2459 l.
1306 2395 1368 2479 15).
1423 2419 1549 2477 samur,
1583 2420 1721 2482 quarum
1747 2421 1790 2463 ne
1815 2398 1985 2462 minimam
2014 2397 2146 2480 quidem
2178 2397 2397 2479 suspicionem

397 2515 506 2578 Erant
525 2512 581 2592 qui
603 2510 697 2573 illum
716 2508 796 2572 mali
823 2528 989 2572 suasorem
1012 2506 1202 2590 arguebant.
1248 2506 1370 2572 Subin'-
1423 2511 1566 2592 unquam
1594 2510 1750 2575 dedimus.
1795 2508 1927 2575 Scilicet
1947 2530 2007 2573 nos
2034 2529 2211 2593 regnorum
2237 2509 2398 2573 inversio-

395 2623 528 2688 trabant
549 2622 645 2685 multi
667 2618 937 2701 pseudoapostoli,
960 2620 1014 2701 qui
1033 2619 1201 2682 diruerent
1218 2620 1370 2685 ecclesias
1422 2644 1499 2686 nem
1530 2621 1742 2700 meditamur,
1781 2632 1919 2702 quorum
1956 2621 2049 2685 nulla
2086 2642 2231 2703 unquam
2261 2620 2399 2685 factiosa

395 2757 476 2818 quas
502 2735 572 2815 ipse
603 2731 838 2796 aedificaverat.
889 2728 1033 2810 Quidam
1060 2751 1120 2812 per
1148 2730 1306 2795 invidiam
1337 2737 1371 2795 et
1423 2754 1487 2799 vox
1517 2733 1629 2797 audita
1656 2741 1720 2811 est,
1751 2740 1784 2797 et
1810 2732 1879 2797 vita
1904 2754 2032 2814 semper
2058 2732 2169 2813 quieta
2194 2732 2399 2815 simplexque

395 2846 649 2922 contentionem,
672 2863 734 2907 nec
754 2843 879 2907 sincere
901 2841 1107 2926 evangelium
1128 2841 1368 2923 praedicabant,
1422 2845 1553 2927 cognita
1580 2846 1655 2923 luit,
1683 2866 1784 2926 quum
1811 2844 1871 2908 sub
1895 2854 1927 2908 te
1949 2846 2134 2910 viveremus
2141 2868 2149 2922 ;
2180 2845 2289 2925 etqui
2310 2865 2400 2910 nuno

395 2957 555 3022 malitiose
582 2956 681 3019 etiam
709 2954 889 3036 cogitantes
921 2974 956 3019 se
992 2973 1182 3035 pressuram
1214 2954 1370 3018 suscitare
1423 2957 1531 3035 etiam,
1551 2956 1646 3021 domo
1665 2955 1805 3038 profugi,
1824 2956 1883 3020 tibi
1901 2962 2011 3020 tamen
2033 2976 2199 3038 regnoque
2217 2962 2273 3018 tuo
2290 2956 2401 3019 fausta

337 3103 341 3119 .
395 3069 536 3135 vinculis
558 3068 627 3131 eius
649 3064 750 3150 (Phil.
772 3070 799 3143 l,
821 3065 884 3148 15).
913 3065 1045 3130 Alioubi
1066 3085 1133 3128 non
1154 3065 1279 3130 multus
1300 3072 1371 3138 erat
1422 3069 1533 3132 omnia
1553 3069 1680 3150 precari
1701 3089 1767 3132 nen
1790 3066 1975 3133 desinimus.
2020 3064 2153 3131 Scilicet
2174 3087 2233 3130 nos
2255 3066 2400 3148 impuni·
2490 3048 2498 3072 ⁸

396 3179 557 3262 evangelii
583 3177 755 3261 profectus.
801 3173 925 3240 Omnes
947 3198 1029 3257 quae
1056 3198 1116 3241 sua
1137 3184 1244 3254 erant,
1272 3198 1371 3258 quae·
1421 3187 1492 3244 tam
1519 3180 1676 3245 vitiorum
1707 3179 1924 3261 petulantiam
1951 3198 2167 3258 aucupamur,
2196 3198 2336 3259 quorum
2363 3178 2402 3240 in

395 3289 519 3367 rebant,
543 3310 607 3352 non
630 3308 713 3369 quae
735 3287 813 3350 Iesu
836 3284 969 3351 Christi.
1014 3288 1081 3351 Alii
1103 3295 1285 3352 retrorsum
1303 3289 1370 3352 abi·
1408 3290 1566 3367 ,moribus
1588 3292 1649 3356 etei
1669 3290 1774 3354 multa
1794 3288 1989 3371 reprebendi
2010 3296 2161 3371 possunt,
2184 3288 2271 3352 nihil
2287 3296 2402 3353 tamen

394 3403 491 3481 bant,
525 3421 621 3466 canes
655 3397 697 3462 ad
726 3398 901 3476 νοιιιὼιιιιι,
930 3406 964 3462 et
989 3420 1063 3463 sues
1096 3399 1137 3462 ad
1163 3399 1370 3464 volutabrum
1423 3410 1515 3467 tanta
1535 3403 1747 3467 insultatione
1769 3399 1914 3484 dignum.
1942 3400 2011 3465 Nec
2030 3407 2099 3463 tam
2116 3399 2299 3478 infeliciter,
2323 3422 2402 3484 gra-

393 3514 464 3579 luti.
493 3513 647 3594 Plerique
669 3510 853 3574 libertatem
871 3510 1004 3591 spiritus
1021 3511 1191 3591 rapiebant
1208 3511 1250 3576 ad
1272 3511 1370 3575 licen·
1423 3515 1470 3578 tia
1490 3515 1568 3592 Dei,
1594 3514 1630 3578 in
1651 3512 1821 3594 evangelio
1842 3511 2050 3594 profecimus,
2074 3512 2154 3593 quin
2175 3511 2249 3576 istis
2271 3512 2401 3576 obtrec-

395 3627 476 3690 tiam
497 3625 614 3690 carnis.
659 3621 876 3687 Insinuabant
896 3642 966 3686 sese
986 3621 1083 3685 multi
1102 3622 1236 3701 fratres,
1259 3644 1279 3686 a
1300 3622 1371 3703 qui·
1422 3625 1582 3690 tatoribus
1602 3625 1673 3689 vita
1694 3631 1814 3702 nostra,
1838 3624 2005 3700 castitatis,
2027 3622 2247 3706 benignitatis,
2269 3624 2401 3688 miseri·

395 3735 457 3800 bus
480 3733 596 3799 deinde
623 3734 685 3817 piis
712 3732 929 3797 imminebant
959 3733 1112 3814 pericula.
1163 3734 1257 3797 Inter
1282 3735 1370 3816 ipsos
1424 3736 1567 3815 cordiae,
1596 3736 1828 3816 continentiae,
1855 3735 2046 3819 patientiae,
2074 3733 2253 3799 modestiae
2275 3741 2309 3799 et
2331 3736 2401 3799 vir-

395 3847 514 3911 fratres
544 3846 653 3910 variae
693 3845 946 3910 concertationes
977 3845 1226 3910 suscitabantur.
1283 3844 1371 3925 Quid
1423 3848 1503 3912 tutis
1533 3848 1677 3912 cuiusvis
1715 3847 1903 3930 exemplum
1941 3868 2011 3910 esse
2050 3845 2162 3927 possit.
2218 3845 2287 3910 Nos
2318 3867 2400 3912 sane

397 3959 452 4023 hio
474 3957 626 4039 apostolis
648 3955 812 4038 agendum
835 3956 926 4020 erat?
950 3978 993 4020 an
1015 3977 1081 4021 nen
1103 3957 1157 4022 vel
1179 3955 1221 4021 ad
1242 3963 1371 4040 tempus
1424 3958 1535 4022 Deum
1561 3958 1685 4023 sincere
1713 3960 1829 4023 timere
1856 3965 1889 4023 et
1915 3958 2021 4026 colere
2048 3977 2085 4020 re
2113 3958 2185 4038 ipsa
2205 3956 2315 4045 palam
2336 3965 2398 4036 est,
2514 4008 2519 4026 .

397 4066 682 4142 dissimulandum,
712 4067 765 4130 vel
791 4068 900 4149 potius
922 4068 1140 4133 omittendum
1167 4068 1249 4133 illud
1271 4091 1371 4134 evan·
1424 4070 1554 4152 quando
1588 4077 1659 4134 tum
1691 4071 1761 4135 vita
1792 4076 1863 4133 tum
1894 4077 1998 4133 morte
2030 4076 2145 4133 nostra
2177 4088 2298 4132 nomen
2327 4069 2400 4133 eius

397 4181 519 4265 gelium
548 4200 585 4245 ao
613 4177 830 4243 deserendum
858 4192 942 4257 erat,
968 4179 1054 4261 qued
1076 4188 1125 4245 tot
1151 4181 1259 4245 litium
1280 4181 1370 4246 vide-
1423 4182 1618 4247 sanctificari
1638 4182 1795 4264 petimus,
1825 4182 1948 4265 etipsa
1976 4178 2101 4246 invidia
2122 4185 2232 4243 coacta
2253 4186 2304 4244 est
2325 4181 2399 4263 qui·

395 4294 476 4358 bant
508 4311 578 4355 esse
605 4289 832 4366 seminarium,
861 4295 911 4352 tot
937 4291 1157 4372 periculorum
1189 4293 1369 4372 materiam,
1423 4292 1559 4359 busdam
1588 4300 1737 4358 nostrum
1769 4292 1975 4358 innocentiae
2003 4298 2037 4356 et
2065 4291 2170 4356 civilis
2199 4292 2400 4374 integritatis

396 4411 444 4469 tot
459 4401 693 4485 ,scandalorum
715 4400 936 4465 occasionem?
980 4402 1029 4465 At
1049 4403 1084 4466 in
1104 4403 1289 4468 huiusmodi
1313 4425 1371 4467 an·
1422 4405 1647 4470 testimenium
1669 4405 1756 4483 dare,
1778 4405 1813 4468 in
1835 4403 1951 4485 quibus
1972 4402 2007 4466 id
2026 4424 2130 4467 unum
2152 4409 2256 4467 morte
2277 4402 2399 4485 plecte-

396 4515 511 4599 gustiis
532 4512 749 4589 succurrebat,
772 4511 943 4576 Christum
965 4533 1036 4577 esse
1055 4513 1196 4596 lapidem
1219 4515 1371 4580 offensio·
1423 4517 1520 4582 batur
1537 4516 1624 4600 quod
1644 4514 1802 4598 singulari
1822 4516 1858 4579 in
1874 4514 1971 4581 laude
1989 4514 2176 4596 ponendum
2193 4521 2270 4578 erat.
2300 4513 2399 4594 Quod

395 4626 464 4700 nis,
492 4632 525 4688 et
545 4631 672 4706 petram
694 4623 853 4702 scandali,
881 4626 1022 4707 positum
1050 4626 1086 4688 in
1113 4626 1243 4690 ruinam
1264 4634 1298 4691 et
1319 4648 1371 4691 re-
1424 4630 1453 4694 si
1475 4629 1532 4712 qui
1554 4629 1614 4693 sub
1635 4633 1807 4710 praetextu
1825 4626 1988 4709 evangelii
2005 4625 2252 4690 tumultuantur
2269 4624 2398 4710 (qualos

398 4736 631 4802 surrectionem
650 4736 841 4813 multorum,
872 4743 905 4800 et
925 4737 962 4801 in
984 4737 1115 4819 signum
1132 4739 1185 4803 cui
1207 4738 1370 4804 contradi·
1424 4741 1585 4807 hactenus
1612 4739 1735 4821 aliquos
1762 4739 1798 4801 in
1824 4758 1926 4820 regno
1951 4744 2009 4801 tuo
2036 4738 2136 4802 firisse
2162 4758 2229 4800 non
2249 4757 2399 4820 comper·

397 4853 526 4913 caretur
548 4847 643 4930 (Luc.
665 4851 694 4927 2,
713 4848 778 4931 34).
813 4845 889 4927 Qua
909 4848 1029 4913 fiducia
1047 4850 1164 4913 armati
1186 4851 1371 4933 peremnia
1424 4851 1581 4935 tumeat)
1610 4851 1638 4915 si
1664 4849 1721 4932 qui
1747 4850 1901 4914 vitiorum
1930 4870 2063 4914 suorum
2089 4849 2239 4914 licentiae
2266 4847 2399 4914 liberta-

398 4959 599 5023 tumultuum
620 4959 898 5042 offensionumque
920 4959 1108 5025 discrimina
1126 4959 1280 5027 audacter
1295 4983 1371 5044 pro·
1424 4971 1491 5028 tem
1513 4963 1637 5047 gratiae
1658 4962 1723 5026 Dei
1745 4967 1942 5043 praetexunt
1963 4961 2089 5045 (quales
2110 4961 2288 5043 permultos
2305 4960 2412 5046 novi)-

399 5070 639 5155 grediebantur.
683 5070 809 5135 Eadem
831 5079 865 5136 et
890 5093 950 5137 nos
978 5072 1173 5156 cogitatione
1195 5073 1372 5138 sustentari
1425 5082 1503 5140 sunt
1523 5073 1612 5156 leges
1634 5080 1668 5137 et
1688 5073 1799 5157 legum
1815 5093 1948 5157 poenae,
1970 5073 2087 5155 quibus
2103 5094 2163 5155 pro
2180 5073 2305 5138 meritis
2322 5094 2399 5155 gra-

398 5182 505 5280 decet,
537 5181 667 5264 quando
698 5181 788 5247 hunc
820 5191 1014 5265 perpetuum
1046 5185 1206 5268 evangelii
1239 5186 1373 5268 genium
1425 5187 1509 5251 viter
1531 5191 1755 5249 coerceantur:
1779 5183 1874 5249 medo
1896 5205 1938 5247 ne
1959 5185 2092 5248 interim
2109 5184 2315 5267 evangelium
2333 5185 2400 5249 Dei

397 5316 467 5359 esse
500 5300 641 5358 testatur
672 5292 798 5357 Paulus
830 5292 865 5375 (2
889 5292 963 5359 (lor.
990 5296 1110 5380 216),
1145 5303 1184 5359 ut
1216 5297 1259 5361 sit
1291 5296 1372 5361 oder
1425 5297 1465 5362 ob
1499 5295 1710 5361 scelestorum
1741 5295 1912 5361 hominum
1947 5296 2126 5378 nequitiam
2156 5296 2242 5360 male
2274 5295 2398 5362 audiat

396 5406 510 5471 mortis
532 5406 568 5468 in
589 5410 728 5468 mortem
751 5403 792 5468 iis
813 5404 869 5485 qui
893 5413 1047 5486 pereunt;
1076 5408 1206 5471 tametsi
1228 5408 1263 5472 in
1284 5407 1372 5473 hunc
1425 5407 1552 5487 Habes,
1574 5407 1665 5486 Rex,
1688 5408 1767 5472 satis
1788 5407 1900 5472 multis
1921 5408 2103 5491 expositam
2125 5407 2399 5472 calumniatorum

396 5517 505 5597 potius
536 5538 633 5582 usum
654 5515 749 5580 nobis
777 5513 976 5580 destinatum
997 5526 1081 5597 erat,
1115 5525 1154 5581 ut
1179 5519 1260 5583 odor
1287 5527 1373 5585 esset
1424 5519 1624 5585 virulentam
1639 5519 1853 5602 iniquitatem,
1872 5541 1915 5584 ne
1930 5519 1967 5582 in
1983 5540 2096 5584 eorum
2114 5518 2293 5583 delationes
2309 5518 2400 5583 ultra

396 5627 485 5692 vitae
505 5627 541 5691 in
562 5628 679 5707 vitam,
702 5648 740 5692 ac
761 5625 907 5710 potentia
923 5627 989 5692 Dei
1009 5629 1045 5692 in
1062 5628 1201 5695 salutem
1217 5629 1372 5696 fidelium.
1423 5629 1558 5696 modum
1595 5630 1728 5696 credula
1765 5652 1843 5695 aure
1874 5629 2084 5714 propendeas.
2133 5629 2260 5694 Vereor
2297 5629 2400 5693 etiam
