5600 6809
391 793 455 856 cco
564 871 591 885 ‚¹
1036 781 1754 852 msrrrumonnu.cnnusr.1na
2333 785 2397 849 oco

393 999 521 1063 quoque
543 977 647 1041 obiter
669 974 790 1059 dicam)
811 977 880 1038 non
901 973 998 1038 modo
1015 973 1276 1039 vetmfissimum
1297 993 1368 1037 esse
1421 973 1535 1037 nitatis
1557 973 1657 1050 ratio,
1687 974 1711 1036 ii
1734 971 1851 1037 saltem
1873 972 1970 1039 Pauli
1992 976 2167 1041 autoritate
2188 976 2313 1041 moveri
2335 976 2395 1041 ali·

394 1072 532 1142 eoustat,
557 1061 614 1128 sed
637 1061 790 1144 apostolis
812 1080 938 1142 quoque
959 1060 995 1123 in
1017 1080 1080 1123 usu
1103 1059 1216 1137 fluisse,
1239 1058 1368 1122 axillis
1420 1057 1618 1140 quantulum
1640 1057 1815 1135 debebant,
1845 1059 1937 1125 ouius
1964 1061 2065 1125 verba
2085 1062 2220 1126 minime
2242 1061 2395 1145 ambigua

393 1150 491 1217 Pauli
513 1149 621 1214 verbis
649 1146 681 1232 (l
707 1145 780 1211 Gor.
807 1150 858 1221 14,
883 1145 937 1228 15)
964 1145 1116 1230 colligere
1138 1145 1227 1210 licet:
1252 1164 1368 1208 canam
1421 1150 1507 1208 sunt
1541 1141 1581 1208 Si
1598 1143 1814 1222 benedixeris,
1832 1146 1940 1226 inquit
1958 1146 1989 1229 (l
2011 1144 2086 1211 Gor.
2110 1152 2156 1224 14,
2178 1147 2242 1230 16),
2265 1146 2394 1229 spiritu,

392 1235 527 1319 spiritu,
554 1253 671 1298 canam
692 1239 726 1297 et
746 1241 864 1295 mente.
909 1231 995 1294 Item
1018 1230 1060 1295 ad
1082 1229 1292 1295 Oolossenses
1321 1229 1367 1312 (3,
1420 1230 1449 1293 is
1471 1229 1528 1312 qui
1548 1229 1665 1310 implet
1685 1229 1794 1294 locum
1815 1227 1950 1308 idiotae,
1979 1231 2139 1312 quomodo
2161 1231 2204 1298 ad
2224 1240 2316 1297 tuam
2338 1233 2396 1297 be-

396 1321 464 1404 16):
500 1320 651 1386 decentes
684 1327 717 1381 et
747 1316 1070 1381 commonefacientes
1101 1337 1160 1380 vos
1191 1326 1306 1379 mutuo
1333 1315 1370 1379 iu
1421 1313 1641 1379 nedietionem
1662 1313 1873 1398 respondebit
1893 1336 2006 1395 amen,
2033 1317 2293 1400 quandoquidem
2315 1318 2395 1400 quid

395 1407 542 1492 hymnis,
570 1403 705 1486 psalmis
732 1409 766 1466 et
791 1402 926 1468 canticis
949 1400 1187 1482 spiritualibus,
1215 1407 1369 1466 canentes
1422 1398 1511 1464 dicas
1531 1398 1656 1464 nescit?
1678 1421 1756 1464 nam
1774 1410 1812 1464 tu
1829 1401 1960 1483 quidem
1983 1404 2106 1486 gratias
2128 1405 2207 1486 agis,
2230 1403 2287 1468 sed
2308 1403 2394 1468 alius

395 1514 471 1558 eum
564 1493 610 1554 tia
641 1490 676 1552 in
709 1487 860 1553 cordibus
892 1487 1011 1553 vestris
1044 1487 1197 1550 Domino.
1252 1486 1369 1550 Priore
1421 1506 1487 1549 non
1514 1484 1715 1550 aedificatur.
1760 1483 1846 1566 Quis
1872 1507 1951 1571 ergo
1982 1488 2159 1553 effraenem
2190 1490 2394 1571 papistarum

394 1579 483 1643 enim
522 1597 579 1641 oco
606 1595 686 1640 voce
714 1583 748 1637 et
773 1572 869 1638 corde
897 1571 1080 1637 canendum
1105 1592 1176 1636 esse
1197 1571 1369 1654 praeeipit;
1422 1571 1588 1636 licentiam
1609 1571 1690 1640 satis
1710 1571 1864 1650 miretur,
1892 1573 1949 1655 qui
1977 1574 2121 1656 apostolo
2141 1574 2252 1657 palam
2274 1575 2320 1640 sie
2341 1594 2395 1639 re·

395 1664 498 1729 altero
520 1661 699 1727 cantilenas
726 1658 912 1741 spirituales
941 1656 1162 1735 commendat,
1189 1657 1306 1739 quibus
1335 1677 1370 1721 se
1422 1656 1594 1735 clamante,
1616 1656 1744 1721 exotica
1753 1657 1870 1741 lingua
1879 1659 2126 1724 verbosissimos
2137 1680 2249 1741 preces
2260 1660 2395 1725 reboare

393 1757 508 1812 mutuo
526 1748 572 1829 pii
590 1745 769 1810 aedificent.
798 1744 840 1809 Id
856 1751 967 1808 tamen
983 1742 1169 1808 universale
1186 1763 1253 1806 non
1270 1742 1370 1806 tuisse
1423 1762 1490 1805 non
1517 1740 1711 1821 formidant,
1739 1742 1775 1807 in
1800 1743 1918 1825 quibus
1944 1765 2005 1809 neo
2026 1744 2186 1829 syllabam
2207 1766 2309 1810 unam
2330 1747 2394 1828 ipsi

394 1840 536 1898 testatur
567 1831 794 1916 Augustinus,
813 1828 837 1913 Ι)
877 1831 933 1912 qui
971 1828 1071 1893 refert
1104 1828 1164 1892 sub
1196 1827 1370 1893 Ambrosio
1422 1826 1588 1891 interdum
1610 1835 1842 1910 assequuntur,
1868 1849 1930 1894 nec
1952 1829 2032 1895 alios
2053 1831 2238 1914 intelligere
2258 1830 2393 1896 volunt?

396 1918 530 1983 demum
562 1918 705 2000 coepisse
737 1935 853 1980 canere
883 1914 1052 1981 eeclesiam
1080 1912 1369 1991 mediolanensem;
1422 1912 1526 1977 Nobis
1542 1933 1621 1976 vero
1639 1934 1732 1978 secus
1791 1914 1914 1980 endum
1931 1916 2126 1997 praeseribit
2140 1916 2274 1982 Paulus.
2306 1916 2395 1997 Quid

396 2025 498 2087 quum
522 1996 686 2069 saeviente
708 2002 865 2067 adversus
885 2000 984 2065 fidem
1006 1998 1221 2063 orthodoxam
1243 1998 1371 2062 Iustina
1423 1997 1522 2082 ergo?
1551 1997 1687 2083 (inquit)
1714 2020 1772 2063 ora
1834 2001 1967 2082 spiritu,
1989 2001 2087 2067 orabo
2109 2009 2143 2067 et
2163 2011 2286 2080 mente;
2308 2002 2395 2086 psal-

396 2090 621 2154 Valentiniani
647 2096 767 2164 matre,
795 2085 933 2168 populus
963 2085 1057 2150 solito
1086 2085 1192 2167 magis
1220 2081 1371 2148 assiduus
1423 2083 1491 2147 lam
1518 2085 1651 2166 spiritu,
1680 2084 1818 2166 psallam
1839 2094 1873 2150 et
1893 2094 2013 2151 mente.
2059 2085 2205 2170 Spiritus
2226 2109 2305 2154 voce
2326 2089 2394 2153 sin·

396 2177 431 2238 in
454 2175 576 2258 vigiliis
602 2180 688 2238 esset
695 2197 703 2252 ;
729 2172 871 2253 reliquas
893 2168 1010 2235 deinde
1032 2165 1247 2235 occidentales
1269 2168 1371 2234 eecle-
1423 2169 1538 2252 gulare
1558 2169 1746 2253 linguarum
1774 2169 1897 2234 donum
1925 2172 2129 2256 significans,
2158 2194 2222 2255 quo
2247 2173 2395 2238 nonnulli

395 2262 460 2326 sias
484 2266 644 2343 sequutae.
678 2257 783 2323 Paulo
806 2258 892 2321 enim
916 2265 993 2321 ante
1017 2255 1145 2320 dixerat
1166 2254 1208 2319 ab
1229 2255 1371 2318 orienta-
1423 2252 1563 2336 praediti
1585 2253 1814 2334 abutebantur,
1836 2277 1938 2339 quum
1960 2278 1980 2320 a
2001 2266 2120 2337 mente,
2144 2258 2206 2324 hoo
2228 2268 2279 2324 est
2298 2259 2394 2323 intel·

395 2346 482 2411 libus
502 2345 682 2427 profectum
704 2344 803 2407 fluisse
824 2342 913 2407 hune
934 2361 1069 2405 morem.
1114 2339 1245 2403 Iudicat
1272 2339 1371 2404 etiam
1423 2340 1559 2423 ligantia
1585 2339 1668 2404 illud
1694 2341 1881 2406 avellerent.
1926 2339 1983 2409 Sic
2015 2353 2126 2408 tammi
2159 2345 2292 2409 omnino
2321 2365 2395 2410 sen-

397 2432 481 2497 hbro
498 2429 781 2495 Rememticnum
798 2429 871 2576 Q?
889 2446 949 2492 sua
965 2436 1072 2490 aetate
1090 2426 1189 2491 brisso
1206 2426 1241 2488 in
1258 2425 1371 2489 Africa
1424 2425 1587 2490 tiendum:
1617 2425 1710 2489 nulla
1737 2427 1864 2491 ratione
1889 2428 1961 2492 fieri
1989 2449 2099 2511 posse,
2129 2450 2190 2494 noc
2210 2431 2245 2494 in
2266 2430 2396 2513 publiea

397 2522 572 2598 receptum.
617 2513 767 2577 Hilarius
786 2515 841 2595 qui
865 2534 932 2590 am,
957 2513 1072 2594 inquit,
1096 2512 1147 2576 vir
1168 2510 1369 2590 tribunitius,
1424 2511 1584 2589 oratione,
1619 2532 1679 2576 nee
1707 2513 1742 2574 in
1767 2513 1911 2594 privata,
1942 2515 2022 2595 quin
2047 2514 2162 2598 lingua
2187 2517 2258 2580 sine
2285 2517 2395 2580 auimo

396 2622 536 2678 morem,
564 2601 620 2682 qui
647 2604 724 2664 tune
752 2597 932 2680 esse¹apud
953 2596 1191 2680 Carthaginem
1211 2602 1369 2678 coeperat,
1425 2616 1631 2678 summopere
1662 2595 1736 2661 Deo
1768 2596 1944 2680 displiceat
1989 2600 2043 2664 Ad
2076 2601 2158 2681 hoe,
2191 2601 2395 2685 cogitationis

397 2693 434 2750 ut
456 2686 573 2769 hymni
595 2683 637 2749 ad
659 2686 760 2749 altare
783 2684 969 2749 dicerentur
989 2682 1030 2747 de
1046 2682 1255 2748 Psalmorum
1277 2680 1369 2759 libro,
1424 2681 1541 2745 ardore
1566 2689 1712 2746 mentem
1739 2704 1810 2747 esso
1838 2683 1955 2749 debere
1981 2685 2166 2764 incitatam,
2195 2708 2261 2769 quo
2286 2696 2394 2751 totum

397 2771 449 2836 vel
471 2778 547 2834 aute
569 2770 773 2847 oblationem,
796 2769 849 2836 vel
866 2790 968 2852 quum
986 2768 1236 2833 distribueretur
1252 2767 1371 2850 populo
1423 2765 1520 2850 longe
1552 2776 1685 2849 superet
1716 2768 1803 2850 quod
1834 2769 1948 2853 lingua
1978 2772 2179 2837 enuntiando
2210 2774 2395 2855 exprimere

396 2855 482 2939 quod
509 2856 626 2920 fuisset
653 2855 816 2933 oblatum,
843 2854 1004 2919 maledica
1024 2853 1278 2936 reprehensione
1298 2852 1371 2917 ubi·
1422 2859 1539 2934 potest.
1572 2853 1752 2932 Postremo,
1775 2875 1818 2917 ne
1841 2875 1911 2920 esse
1933 2855 2065 2938 quidem
2086 2858 2223 2922 orationi
2246 2859 2395 2940 privatae

397 2962 523 3024 cunque
544 2949 671 3023 poterat
688 2941 859 3006 lacerabat
892 2940 982 3006 Huic
998 2936 1160 3021 respondi,
1183 2937 1371 3003 iubentibus
1422 2938 1640 3002 neeessariam
1657 2939 1814 3022 linguam,
1835 2941 1899 3004 nisi
1920 2941 2027 3023 quoad
2047 2943 2184 3008 interior
2204 2962 2318 3007 sensus
2339 2943 2393 3006 vel
2456 2974 2462 2991 ι

396 3027 561 3092 fratribus.
596 3027 643 3090 Et
663 3033 750 3092 certe
772 3028 801 3091 si
822 3025 865 3090 ad
886 3045 968 3103 eam,
991 3045 1075 3107 quae
1094 3024 1162 3088 Dei
1183 3030 1216 3087 et
1237 3023 1370 3106 angelo·
1422 3021 1575 3105 sibiipsa
1592 3023 1634 3088 ad
1654 3025 1879 3090 incitationem
1898 3026 2047 3093 sufficere
2066 3050 2131 3093 non
2147 3028 2244 3106 valet,
2266 3028 2319 3093 vel
2340 3029 2392 3090 in-

397 3133 472 3176 rum
493 3118 700 3193 conspectum
721 3110 828 3190 deoet,
851 3113 1048 3196 gravimtem
1069 3116 1306 3192 attemperatus
1327 3109 1371 3174 sit
1422 3108 1586 3174 citationis
1606 3109 1814 3175 vehementia
1834 3108 1891 3175 lin'
1988 3115 2149 3178 actionem
2170 3134 2279 3179 seeum
2296 3113 2391 3195 rapit.

397 3206 523 3276 cantus,
547 3217 620 3260 cum
639 3196 832 3281 dignitatem
850 3204 884 3261 et
904 3198 1046 3281 gratim
1067 3196 1169 3261 saeris
1191 3193 1370 3260 actionibus
1422 3192 1510 3258 Nam
1536 3194 1599 3259 etsi
1625 3197 1767 3278 optimae
1793 3132 1967 3262 mm
1987 3200 2150 3265 orationes
2170 3220 2250 3286 voce
2272 3207 2393 3276 carent,

397 3283 558 3360 conciliat,
580 3289 651 3346 tum
672 3282 714 3347 ad
735 3281 925 3347 excitandos
940 3283 975 3346 in
993 3301 1108 3348 verum
1124 3280 1280 3362 precandi
1301 3288 1371 3344 stu·
1502 3291 1654 3345 stamen
1675 3302 1736 3345 usu
1756 3283 1848 3347 veuit
1868 3290 1913 3361 ut,
1932 3283 2052 3349 affeetu
2068 3286 2188 3350 mentis
2198 3284 2393 3361 exsultante,

398 3369 489 3434 dium
516 3367 728 3450 ardoremque
750 3369 877 3433 animos
897 3368 1077 3450 plurimum
1099 3366 1196 3432 valet.
1241 3364 1370 3431 Caveri·
1423 3300 1592 3449 Ἠιιριι
1612 3367 1647 3430 iu
1668 3386 1782 3433 vocem
1807 3375 1841 3432 et
1867 3368 2016 3433 membra
2037 3370 2102 3435 alia
2122 3372 2158 3434 in
2176 3370 2395 3454 ςιιιὶιιιὶιιὶο-

398 3454 477 3520 dum
503 3461 615 3518 tamen
642 3453 818 3538 diligenter
844 3474 888 3518 ne
916 3451 960 3516 ad
984 3451 1240 3516 modulationem
1262 3453 1371 3515 inten-
1423 3471 1501 3515 nem
1521 3451 1593 3516 sine
1613 3450 1791 3517 ambitione
1812 3462 1995 3537 erumpant
2039 3455 2122 3520 Inde
2144 3456 2269 3522 scilieet
2287 3456 2393 3522 ineer-

397 3542 496 3605 tiores
517 3539 585 3604 siut
606 3559 701 3604 aures
722 3560 821 3622 quam
843 3539 946 3604 animi
965 3537 1007 3603 ad
1028 3536 1233 3620 spiritualem
1255 3535 1371 3603 verbo-
1423 3542 1495 3600 tum
1516 3536 1606 3601 istud
1626 3537 1768 3602 Hannae
1796 3559 1946 3603 murmur
1972 3540 2004 3624 (l
2030 3538 2119 3606 Sam.
2147 3546 2179 3621 l,
2205 3539 2276 3625 13),
2302 3542 2394 3607 ouius

397 3645 473 3690 rum
505 3645 646 3689 sensum.
691 3623 766 3705 Quo
799 3624 942 3707 periculo
974 3644 1010 3689 se
1037 3629 1224 3705 permotum
1249 3622 1372 3687 fatetur
1424 3621 1532 3687 simile
1557 3620 1711 3705 quiddam
1737 3625 1842 3689 saneti
1869 3645 1982 3690 omnes
2003 3634 2161 3709 perpetuo
2182 3628 2218 3691 in
2239 3647 2274 3692 se
2295 3647 2394 3725 expe-
2505 3673 2507 3675 »

397 3708 517 3776 alicubi
539 3708 626 3774 idom
647 3708 910 3795 Augustinus,⁸)
930 3716 969 3774 ut
989 3707 1157 3774 interdum
1178 3709 1299 3790 optarit
1319 3707 1370 3772 in-
1424 3707 1569 3786 riuntur,
1596 3707 1676 3771 dum
1701 3710 1737 3772 iu
1764 3709 1919 3792 abruptas
1947 3718 1980 3775 et
2005 3713 2151 3778 concisas
2173 3733 2270 3779 voees
2289 3733 2393 3795 prosi-

396 3795 489 3860 stitui
505 3813 631 3859 morem
650 3796 690 3861 ab
702 3795 885 3861 Athanasio
904 3795 1123 3871 observatum,
1141 3794 1198 3875 qui
1215 3793 1371 3859 lectorem
1424 3793 1517 3857 liunt
1560 3792 1714 3877 Corporis
1742 3802 1850 3859 autem
1880 3804 1994 3879 gestus
2020 3797 2058 3860 in
2078 3799 2264 3880 precatione
2284 3798 2393 3863 obsor-

396 3887 465 3945 tam
486 3879 613 3945 modico
633 3883 722 3947 vocis
741 3883 831 3946 flexu
852 3880 986 3946 iubebat
1006 3900 1137 3956 sonare,
1166 3888 1204 3943 ut
1225 3900 1370 3962 pronun·
1423 3898 1502 3944 vare
1530 3878 1617 3943 soliti
1650 3879 1776 3963 (quales
1804 3887 1882 3946 sunt
1908 3882 2105 3964 geniculatio
2132 3892 2172 3967 et¹
2194 3905 2232 3949 ca
2255 3884 2309 3948 itis
2337 3882 2392 3947 de-

397 3967 497 4032 cianti
519 3965 658 4032 vicinior
678 3967 776 4045 foret,
800 3987 899 4049 quam
920 3966 1060 4032 canenti.
1103 3965 1248 4043 Verum,
1267 3984 1370 4047 quum
1422 3962 1534 4046 tectio)
1556 3965 1711 4031 exercitia
1731 3973 1816 4044 sunt,
1838 3965 1955 4048 quibus
1977 3967 2019 4032 ad
2038 3968 2197 4034 maiorem
2247 3970 2277 4034 ei
2293 3989 2392 4033 vene-

277 4124 279 4129 ,
397 4051 662 4117 reminisceretur
683 4060 840 4135 quantam
862 4052 924 4118 sibi
945 4052 1121 4116 utilitatem
1142 4057 1259 4116 cantus
1280 4057 1369 4116 attu·
1422 4050 1582 4114 rationem
1604 4071 1776 4134 assurgere
1797 4072 1962 4117 conamur.

396 4137 527 4215 iissent,
561 4137 598 4200 in
630 4136 767 4202 alteram
796 4147 925 4220 partem
952 4136 1140 4217 inclinabat
1183 4136 1258 4202 Hae
1290 4156 1369 4219 ergo
1507 4138 1558 4200 34.
1601 4136 1699 4201 Nunc
1725 4137 1845 4203 certior
1871 4136 1987 4203 orandi
2005 4158 2075 4201 non
2095 4139 2311 4216 moderatio,
2335 4139 2393 4203 sed

379 4221 543 4309 'adhibita
568 4220 808 4299 moderatione,
836 4222 923 4287 nihil
945 4222 1081 4287 dubium
1102 4221 1181 4304 quin
1201 4221 1368 4288 sanctissi-
1420 4221 1527 4286 forma
1555 4241 1682 4305 quoque
1707 4223 1780 4306 ipsa
1804 4221 1958 4288 ffiseenda
1984 4232 2049 4288 est:
2081 4244 2122 4289 ea
2145 4224 2267 4290 scilieet
2292 4243 2392 4305 quam

394 4329 487 4372 mum
509 4309 553 4372 sit
573 4327 610 4373 ao
632 4306 884 4373 saluberrimum
906 4309 1103 4373 institutum.
1148 4304 1369 4396 Quemadmo·
1461 4328 1480 4371 r
1501 4305 1656 4374 dilectum
1677 4307 1782 4373 tilium
1803 4329 1900 4374 suum
1921 4309 2015 4374 nobis
2042 4310 2189 4375 eoelestis
2209 4317 2301 4392 pater
2323 4316 2391 4371 tra-

396 4393 475 4457 dum
492 4413 616 4471 mrsus,
639 4393 824 4476 quicunque
845 4392 887 4457 ad
908 4393 1105 4458 suavitatem
1127 4390 1289 4457 duntaxat
1310 4413 1370 4458 au·
1445 4391 1519 4471 'dit;
1546 4392 1602 4457 ubi
1627 4394 1822 4459 immensam
1849 4394 2029 4459 bonitatem
2049 4416 2088 4460 ac
2106 4394 2392 4460 mansuetudinem

395 4480 547 4560 riumque
574 4477 823 4543 oblectationem
850 4479 1017 4560 compositi
1045 4483 1123 4542 sunt
1149 4485 1279 4557 cantus,
1308 4498 1369 4544 noo
1421 4497 1596 4560 agnoscere
1617 4479 1701 4544 lieet
1736 4480 1822 4544 Nam
1843 4487 2073 4563 praeterquam
2095 4478 2180 4563 quod
2199 4500 2260 4544 nos
2278 4487 2392 4544 monet

396 4563 550 4629 eeclesiae
570 4564 775 4629 maiestatem
801 4561 933 4641 decent,
962 4582 1023 4627 nee
1044 4561 1116 4626 Deo
1138 4583 1205 4628 non
1225 4583 1369 4628 summo·
1421 4570 1519 4645 atque
1539 4563 1690 4628 hortatur
1711 4563 1846 4649 (Matth.
1872 4569 1901 4643 6,
1925 4569 1944 4627 9
1950 4588 1959 4643 ;
1988 4566 2070 4631 Luc.
2096 4569 2143 4644 ll,
2166 4563 2211 4649 2),
2240 4572 2279 4629 ut
2299 4587 2334 4630 se
2355 4565 2393 4627 in

396 4669 474 4732 pere
495 4648 665 4731 displicere
685 4654 831 4731 possunt.
1421 4649 1512 4712 omni
1533 4656 1647 4713 nostra
1667 4651 1859 4715 necessitate
1879 4670 2074 4733 quaeramus
2100 4649 2256 4735 (qualiter
2276 4651 2336 4715 filii
2357 4651 2393 4714 in

483 4737 534 4797 33.
568 4733 642 4814 Quo
660 4734 759 4798 etiam
775 4733 873 4816 plane
894 4739 1033 4809 constat,
1054 4753 1124 4797 non
1145 4753 1262 4816 graeco
1283 4734 1370 4797 inter
1420 4741 1596 4816 pareutum
1615 4734 1731 4814 fidem,
1759 4737 1886 4817 quoties
1908 4735 1976 4799 ulla
1997 4737 2162 4802 anxietate
2183 4737 2391 4814 afflictantur,

397 4819 550 4897 Latinos,
582 4839 644 4883 nee
676 4819 777 4882 latino
807 4819 895 4883 inter
924 4816 1038 4883 Gallos
1071 4822 1129 4883 aut
1160 4817 1300 4901 Anglos,
1333 4827 1370 4882 ut
1421 4819 1596 4902 confugere
1623 4819 1757 4903 solent),
1791 4822 1945 4903 quoniam
1972 4821 2103 4887 videbat
2130 4842 2173 4887 ne
2200 4821 2235 4887 id
2261 4821 2393 4905 quidem

397 4905 557 4970 hactenus
584 4904 707 4986 passim
733 4904 917 4969 feodatum
945 4910 1009 4981 est,
1039 4901 1097 4968 sed
1125 4902 1274 4984 populari
1300 4923 1369 4968 ser·
1421 4902 1502 4967 satis
1518 4923 1578 4967 nos
1598 4905 1789 4987 perspicere,
1809 4925 1908 4987 quam
1924 4915 2064 4989 angcrsta
2082 4913 2170 4974 esset
2185 4915 2297 4972 nostra
2311 4926 2392 4990 pau-

396 5009 494 5054 mone
511 4985 738 5070 concipiendas
755 5009 826 5053 esse
843 4988 991 5071 publicas
1008 4989 1181 5066 orationes,
1199 4989 1254 5070 qui
1268 4988 1370 5070 uulgo
1420 4997 1539 5136 portas,
1558 4986 1638 5069 quid
1653 5009 1793 5070 aequum
1809 4991 1982 5072 postulare,
2000 4991 2076 5073 quid
2095 5013 2160 5058 ere
2174 5000 2287 5057 nostra
2297 4999 2391 5068 osset,

398 5082 505 5141 atoto
526 5082 619 5140 coetu
640 5071 780 5156 intelligi
802 5075 914 5156 possit,
937 5071 1200 5157 quandoquidem
1217 5072 1253 5135 in
1271 5073 1369 5138 totius
1446 5073 1498 5138 uio
1514 5073 1613 5138 etiam
1629 5075 1789 5139 nostr-aei
1836 5077 1982 5141 orantiae
2002 5080 2151 5159 occurrit,
2169 5087 2203 5143 et
2217 5075 2303 5162 quod
2316 5096 2393 5158 cap-

398 5160 553 5227 eoolesiae
581 5157 839 5223 aedificationem
860 5159 932 5224 fleri
953 5158 1116 5237 convenit,
1145 5156 1305 5240 adquam
1326 5177 1370 5255 ex
1420 5159 1471 5221 tui
1492 5165 1604 5223 nostro
1626 5159 1750 5238 deerat,
1778 5095 1897 5228 «drusae
1917 5164 1987 5244 ipse
2009 5165 2174 5247 supplevit
2194 5184 2232 5229 ae
2254 5162 2390 5229 suffecit

399 5267 480 5312 sono
510 5264 577 5310 non
608 5241 773 5307 intellecto
806 5243 918 5308 nullus
949 5244 1082 5326 penitus
1114 5243 1240 5308 fruetus
1273 5241 1368 5306 rodit.
1423 5241 1641 5327 Prcesoripsit
1661 5244 1750 5310 enim
1770 5247 1864 5314 nobis
1883 5248 2067 5328 formulam,
2089 5269 2154 5333 qua
2173 5249 2321 5314 velutin
2341 5254 2392 5310 ta-

398 5330 501 5416 Apud
526 5351 605 5414 quos
631 5346 709 5394 vero
738 5326 829 5390 nulla
849 5333 981 5394 estnec
1002 5329 1149 5394 caritatis
1169 5348 1230 5393 nec
1252 5326 1369 5392 huma·
1419 5326 1497 5394 bula
1523 5329 1697 5414 proposuit·
1717 5331 1874 5416 quidquid
1902 5355 1923 5398 a
1944 5354 1979 5398 se
2006 5343 2158 5417 expetere
2178 5335 2271 5413 licet,
2296 5331 2392 5416 quid·

526 5454 530 5459 .
663 5442 666 5447 ·
1419 5413 1498 5496 quid
1524 5416 1562 5479 in
1588 5436 1660 5481 rem
1685 5424 1833 5483 nosuam
1859 5419 2028 5499 conducit,
2049 5419 2206 5504 quidquid
2225 5418 2393 5502 postulare

456 5540 458 5544 .
1419 5518 1551 5566 neeesse
1571 5509 1631 5567 est
1665 5502 1720 5566 Ex
1741 5522 1808 5585 qua
1827 5505 1897 5570 eius
1917 5505 2120 5588 benignitate
2139 5523 2297 5587 mavum
2313 5521 2392 5566 eon·
