5600 6809
400 782 463 842 ms
760 777 850 842 nm.
873 776 919 841 n
963 778 1027 842 uu
1050 774 1338 842 cocumiouu
1360 778 1444 843 oni
1465 775 1812 843 nuuuuffuoars.
1857 778 1957 844 car.
1978 780 2039 846 w.
2344 785 2408 863 aaa

428 925 439 945 Ι

400 966 442 1032 ad
468 976 605 1031 satanae
631 967 792 1030 actionem
817 967 902 1029 iusto
929 964 1048 1030 iudicio
1076 965 1214 1048 ablegat.
1266 963 1377 1045 Quare
1431 966 1510 1030 dum
1531 965 1658 1030 solutus
1679 975 1744 1044 est3
1767 966 2106 1048 quemadmodumubi
2124 969 2210 1048 dicit,
2225 969 2250 1054 ι)
2272 970 2408 1035 indura-

398 1052 562 1135 apostolus
579 1052 689 1116 Deum
711 1051 808 1115 huius
830 1051 951 1116 saeculi
973 1072 1163 1116 excaecasse
1179 1058 1305 1116 mentes
1327 1055 1377 1116 in-
1432 1053 1556 1115 tionem
1583 1060 1617 1115 et
1644 1053 1902 1116 excaecationem
1930 1073 1997 1116 nou
2021 1053 2063 1117 ad
2089 1057 2309 1137 operationem
2330 1058 2405 1136 Dei,

397 1139 549 1204 fidelibus
576 1137 675 1201 exitio
703 1136 873 1202 destinatis
900 1137 947 1200 ait
968 1136 1003 1219 (2
1023 1136 1096 1202 Cor.
1116 1142 1151 1214 4,
1171 1136 1221 1218 4),
1244 1158 1286 1201 ne
1307 1158 1377 1202 cer-
1431 1136 1488 1201 sed
1522 1136 1564 1201 ad
1594 1139 1845 1219 praescientiam
1873 1146 2028 1220 spectare.
2079 1140 2126 1203 At
2152 1141 2232 1205 istas
2260 1144 2406 1226 argutias

397 1232 481 1289 nant
511 1224 623 1287 lumen
654 1222 823 1305 evangelii.
878 1223 925 1287 Et
955 1221 1019 1286 alio
1051 1222 1121 1288 loco
1149 1222 1249 1306 (Eph.
1269 1227 1303 1300 2,
1331 1222 1375 1307 2),
1429 1244 1495 1286 non
1518 1224 1679 1304 recipiunt
1701 1230 1750 1286 tot
1771 1223 1951 1305 scripturae
1973 1224 2194 1305 loquutiones,
2224 1246 2306 1308 quae
2329 1229 2403 1310 plus

397 1312 508 1393 ipsum
538 1309 666 1391 operari
699 1309 733 1372 in
765 1308 842 1372 filiis
875 1308 1129 1373 contumacibus.
1180 1309 1376 1374 Excaecatio
1429 1308 1554 1390 aliquid
1575 1308 1654 1386 Dei,
1684 1329 1782 1390 quam
1801 1310 2067 1389 praescientiam,
2095 1311 2294 1377 intervenire
2316 1315 2402 1380 clare

396 1397 587 1478 impiorum,
622 1404 655 1458 et
687 1414 896 1475 quaecunque
928 1393 1005 1457 inde
1032 1400 1214 1477 sequuntur
1241 1395 1374 1478 flagitia,
1428 1392 1614 1458 ostendunt.
1657 1395 1704 1457 Et
1724 1395 1931 1477 Augustinus
1959 1396 2029 1477 ipse
2057 1395 2139 1460 libro
2166 1405 2281 1461 contra
2302 1399 2404 1465 Iulia·

397 1501 498 1564 opera
528 1490 662 1546 satanae
688 1489 934 1561 nuncupantur;
966 1500 1106 1561 quorum
1138 1487 1249 1544 tamen
1279 1500 1376 1545 causa
1427 1501 1507 1543 num
1534 1481 1650 1562 quinto
1678 1479 1776 1563 longa
1802 1481 1947 1545 oratione
1969 1480 2149 1559 contendit,
2179 1503 2246 1546 non
2266 1487 2404 1564 permis·

397 1578 493 1632 extra
519 1566 698 1630 humanam
720 1566 923 1630 voluntatem
943 1565 1129 1647 quaerenda
1149 1587 1215 1630 nou
1238 1573 1303 1643 est,
1333 1587 1375 1630 ex
1427 1566 1527 1630 sionis
1552 1574 1682 1630 tantum
1710 1573 1768 1629 aut
1794 1567 1970 1647 patientiae
1997 1566 2127 1632 divinae
2159 1589 2230 1632 esse
2261 1577 2403 1650 paccata,

397 1674 464 1736 qua
490 1650 586 1716 radix
607 1651 685 1714 mali
708 1652 829 1734 surgit;
858 1653 893 1714 in
921 1672 989 1733 qua
1006 1650 1256 1716 fundamentum
1280 1653 1374 1735 regni
1427 1649 1484 1714 scd
1514 1652 1613 1715 etiam
1640 1653 1818 1733 potentiae,
1853 1659 1891 1715 ιιι
1910 1653 1957 1718 sic
1977 1654 2088 1734 priora
2108 1662 2242 1736 peccata
2262 1656 2405 1736 punian-

396 1747 533 1804 satanae
554 1737 631 1819 (hoc
648 1744 706 1814 est
729 1734 912 1818 peceatum)
934 1735 1062 1801 residet
1426 1742 1488 1800 tur.
1534 1734 1696 1801 Similiter
1722 1734 1808 1818 quod
1836 1736 1876 1801 de
1897 1739 2110 1820 permissione
2132 1740 2300 1808 afferrmt(
2318 1740 2403 1805 dilu-

484 1827 513 1887 2.
558 1823 675 1906 Longe
702 1832 752 1887 est
773 1822 838 1886 alia
859 1824 942 1886 ratio
964 1821 1095 1888 divinae
1121 1824 1158 1886 in
1179 1823 1300 1888 talibus
1320 1844 1373 1888 ac·
1426 1823 1491 1886 tius
1523 1829 1574 1887 est
1598 1843 1698 1905 quam
1725 1830 1763 1886 ut
1792 1823 1956 1888 subsistat
2001 1822 2201 1906 Saepissime
2229 1847 2404 1892 excaecare

394 1910 501 1975 tionis
551 1907 645 1988 Quae
674 1916 713 1972 ιιι
737 1909 857 1973 certius
885 1907 978 1973 nobis
1006 1915 1131 1990 pateat,
1160 1908 1309 1991 exemplo
1330 1909 1374 1974 sit
1426 1906 1544 1972 dicitur
1574 1908 1666 1972 Deus
1698 1917 1733 1972 et
1763 1907 1917 1973 indurare
1949 1910 2117 1992 reprobos,
2158 1931 2284 1975 eorum
2304 1911 2402 1977 corda

396 1996 568 2061 calamitas
597 1993 814 2059 aChaldaeis
842 2001 955 2058 sancto
977 1993 1037 2058 Iob
1058 1994 1158 2058 illata
1203 1994 1371 2070 Chaldaei,
1425 2001 1567 2070 vertere,
1600 1993 1774 2072 inclinare,
1806 1995 1989 2076 impellere,
2017 2001 2052 2059 ut
2077 1995 2154 2060 alibi
2173 1997 2281 2078 fusius
2300 1999 2400 2063 docui.

394 2081 599 2163 interemptis
632 2081 702 2144 eius
729 2079 927 2162 pastoribus,
961 2100 1094 2163 gregem
1122 2081 1284 2144 hostiliter
1316 2079 1372 2144 de·
1424 2079 1464 2142 Id
1486 2080 1582 2160 quale
1600 2081 1652 2158 sit,
1675 2100 1881 2164 nequaquam
1899 2081 2090 2162 explicatur,
2110 2082 2138 2145 si
2154 2083 2342 2167 confugitur
2359 2083 2401 2149 ad

394 2166 605 2250 praedantur.
649 2165 733 2251 Iaml
750 2185 861 2230 eorum
888 2165 1074 2247 improbum
1105 2166 1232 2232 facinus
1263 2166 1371 2248 palam
1424 2166 1673 2246 praescientiam
1702 2173 1760 2230 aut
1786 2167 2041 2246 permissionem.
2085 2166 2154 2232 Nos
2177 2189 2255 2251 ergo
2277 2169 2400 2251 duplici

395 2260 518 2330 exstat;
540 2272 646 2334 neque
666 2252 702 2315 in
723 2272 761 2316 eo
783 2271 879 2333 opere
901 2259 1007 2315 cessat
1027 2261 1130 2329 satan,
1154 2233 1253 2334 aquo
1266 2259 1372 2316 totum
1424 2251 1550 2315 ratione
1572 2251 1806 2332 respondemus
1829 2250 1863 2315 id
1885 2253 1966 2317 fieri.
2011 2250 2182 2335 Siquidem
2203 2275 2304 2336 quum
2323 2256 2400 2320 sub-

394 2338 430 2403 id
458 2339 631 2421 provenire
659 2346 773 2401 narrat
800 2336 945 2401 historia
989 2337 1065 2419 Ipse
1093 2344 1203 2403 autem
1223 2338 1281 2402 Iob
1304 2337 1372 2401 Do-
1424 2334 1490 2399 lato
1508 2337 1579 2401 eius
1595 2336 1728 2414 lumine,
1746 2337 1830 2401 nihil
1850 2358 1948 2420 quam
1965 2337 2070 2421 caligo
2087 2346 2121 2403 et
2138 2340 2274 2405 caecitas
2285 2362 2399 2423 super-

394 2424 478 2489 mini
500 2444 582 2506 opus
604 2425 640 2486 in
661 2443 699 2487 eo
718 2424 936 2506 recognoscit,
959 2443 1057 2505 quem
1079 2421 1157 2488 dicit
1178 2424 1240 2488 sibi
1261 2423 1372 2488 abstu-
1425 2421 1481 2499 sit;
1503 2443 1604 2504 quum
1627 2423 1734 2487 ablato
1752 2423 1823 2488 eius
1840 2423 1959 2505 spiritu
1977 2423 2075 2489 corda
2092 2435 2204 2489 nostra
2222 2426 2258 2488 in
2274 2425 2400 2508 lapides

394 2509 473 2575 lime
504 2529 588 2591 quae
617 2518 730 2591 erepta
757 2517 851 2572 erant
879 2529 938 2590 per
966 2508 1156 2573 Chaldaeos.
1201 2507 1372 2589 Quomodo
1424 2506 1654 2587 obdurescant;
1677 2529 1778 2590 quum
1800 2517 1946 2573 cessante
1965 2509 2035 2574 eius
2052 2509 2239 2588 directione,
2261 2512 2297 2574 in
2319 2513 2400 2576 obli-

395 2594 485 2660 idem
508 2615 589 2676 opus
611 2594 652 2658 ad
674 2594 793 2670 Deum,
817 2592 859 2657 ad
881 2605 1038 2672 satanam,
1062 2593 1104 2658 ad
1126 2594 1292 2660 hominem
1314 2614 1372 2658 au·
1423 2594 1581 2674 quitatem
1604 2601 1892 2676 contorqueantur:
1927 2595 1988 2660 rite
2015 2615 2203 2673 excaecare,
2233 2595 2399 2677 indurare,

395 2690 503 2745 torem
529 2679 721 2757 referamus,
749 2679 827 2761 quin
848 2679 900 2743 vel
922 2687 1071 2744 satanam
1092 2701 1285 2746 excusemus
1307 2679 1370 2744 Dei
1423 2678 1583 2743 inclinare
1604 2678 1723 2744 dicitur
1742 2679 1858 2761 quibus
1879 2680 2068 2746 facultatem
2089 2681 2232 2761 videndi,
2254 2682 2401 2764 parendi,

394 2765 574 2841 consortio,
607 2765 661 2831 rel
692 2765 801 2829 Deum
833 2764 913 2828 mali
945 2775 1093 2830 autorem
1123 2764 1370 2848 praedicemus?
1423 2772 1510 2828 recte
1528 2763 1726 2847 exsequendi
1743 2764 1865 2829 adimit
1907 2764 2061 2831 Secunda
2081 2769 2175 2846 ratio,
2196 2787 2279 2851 quae
2295 2770 2402 2833 multo

394 2851 519 2928 Facile,
542 2851 570 2915 si
591 2852 691 2914 finem
713 2849 831 2933 agendi
852 2851 996 2932 primum
1013 2851 1232 2933 inspiciamus,
1255 2850 1372 2916 deinde
1423 2850 1556 2931 propius
1578 2850 1703 2915 aceedit
1723 2849 1765 2914 ad
1787 2849 1961 2915 verborum
1983 2853 2225 2934 proprietatem,
2252 2853 2335 2936 quod
2358 2855 2401 2920 ad
2462 2850 2476 2873 ⁹

396 2936 539 3002 modum.
579 2936 715 3018 Domini
737 2935 909 3001 consilium
930 2946 981 3000 est
1001 2938 1088 3001 servi
1109 2937 1160 3002 sui
1179 2937 1372 3020 patientiam
1424 2935 1630 3016 exsequenda
1666 2956 1726 2999 sua
1758 2934 1877 3000 iudicia
1907 2957 1967 3017 per
1996 2939 2187 3002 ministrum
2218 2939 2286 3002 irae
2319 2962 2399 3006 suae

397 3023 582 3089 calamitate
599 3042 767 3099 exercere;
789 3032 883 3085 satan
905 3022 1039 3085 molitur
1060 3043 1135 3086 eum
1157 3023 1198 3088 ad
1220 3022 1372 3105 despera-
1424 3029 1588 3098 satanam,
1611 3027 1645 3085 et
1665 3020 1800 3093 consilia
1820 3042 1933 3086 eorum
1955 3022 2099 3086 destinat
2121 3044 2187 3106 quo
2207 3025 2315 3088 risum
2338 3034 2396 3106 est,

396 3109 521 3172 tionem
548 3106 695 3190 adigere;
723 3105 882 3172 Chaldaei
911 3128 952 3171 ex
980 3128 1017 3172 re
1041 3107 1148 3173 aliena
1167 3116 1299 3192 praeter
1319 3109 1372 3174 ius
1424 3113 1458 3171 et
1477 3106 1664 3172 voluntates
1686 3108 1816 3185 excitat,
1838 3115 1873 3172 et
1893 3114 2027 3173 oonatrrs
2048 3109 2166 3172 firmat
2203 3107 2256 3172 Sic
2276 3111 2331 3174 aaa
2351 3132 2399 3176 re-

397 3201 432 3258 et
450 3194 500 3258 fas
520 3192 651 3258 lucrum
672 3213 829 3274 quaerere
848 3193 1012 3258 affectant
1046 3192 1154 3258 tanta
1173 3195 1209 3258 in
1230 3193 1373 3260 consiliis
1424 3191 1615 3257 acatMom
1636 3192 1749 3276 (Dcut
1769 3196 1798 3271 2,
1818 3192 1884 3276 30),
1910 3192 2007 3258 Satan
2029 3214 2131 3276 repam
2150 3195 2319 3258 tramitum
2340 3217 2401 3260 aon

397 3279 569 3344 diversitas
590 3299 672 3361 opus
692 3279 758 3342 iam
778 3277 874 3344 valde
896 3278 1078 3362 distinguit
1121 3280 1164 3343 In
1188 3279 1283 3345 modo
1305 3299 1372 3343 non
1423 3279 1545 3343 ddisse
1560 3279 1690 3359 popolo,
1717 3279 1795 3360 qaia
1821 3279 2025 3344 induraverat
2047 3279 2137 3351 Deus
2161 3280 2310 3360 spiritam
2331 3283 2400 3346 citas

396 3366 507 3429 minus
527 3372 578 3430 est
598 3364 803 3429 discriminis
844 3361 987 3430 Satanae
1009 3364 1220 3449 affligendum
1241 3385 1373 3431 servum
1423 3368 1452 3428 et
1472 3384 1523 3428 cor
1544 3363 1771 3445 attrectaverat,
1797 3364 1893 3445 ficem
1918 3365 2042 3431 mositii
2068 3385 2140 3430 moa
2160 3363 2335 3448 ιιιόὁιιιιφίι,
2364 3371 2401 3430 at

396 3471 493 3516 suum
509 3451 673 3516 Dominus
690 3451 866 3532 permittit;
888 3449 1081 3527 Chaldaeos,
1104 3472 1184 3534 quos
1202 3450 1244 3515 ad
1256 3450 1297 3515 ·id
1315 3472 1372 3515 ex·
1423 3449 1512 3513 daret
1532 3469 1602 3513 eum
1622 3451 1657 3514 ia
1677 3471 1793 3515 ammte
1812 3456 1945 3529 metas,
1967 3452 2079 3532 inquit.
2119 3449 2214 3533 Ergo,
2236 3453 2313 3532 quia
2328 3473 2401 3533 per·

397 3536 600 3619 sequendum
620 3537 789 3600 ministros
811 3535 939 3619 delegit,
959 3535 1006 3599 illi
1026 3537 1189 3618 permittit
1210 3559 1247 3602 ac
1269 3537 1371 3602 tradit
1424 3534 1525 3600 ditum
1545 3535 1635 3600 Deus
1660 3535 1788 3615 colebat
1816 3536 1978 3602 aalma
1998 3537 2117 3616 cordis,
2144 3535 2252 3600 diuina
2272 3537 2337 3618 suit
2357 3539 2402 3604 ad

396 3621 623 3705 impellendos;
644 3630 738 3687 satan
759 3621 878 3704 alioqui
902 3641 1020 3704 pravos
1037 3620 1278 3687 Chaldaeorum
1302 3625 1372 3687 ani-
1423 3622 1554 3684 ruiaam
1569 3623 1785 3702 praeparatio.
2060 3627 2062 3630 ’

396 3728 468 3773 mos
489 3707 660 3773 venenatis
688 3708 755 3772 suis
775 3707 897 3772 aculeis
918 3706 960 3771 ad
981 3708 1236 3796 perpetrandum
1257 3709 1292 3772 id
1312 3710 1373 3774 fla·
1510 3712 1539 3770 4.
1585 3705 1774 3773 Secundum
1798 3707 1942 3790 priorem
1969 3707 2130 3771 rationem
2155 3705 2244 3771 istud
2270 3706 2401 3774 videtur

397 3794 514 3877 gitium
547 3795 696 3877 instigat3
731 3793 778 3856 illi
817 3793 859 3856 ad
891 3793 1084 3858 iniustitiam
1112 3795 1234 3859 furiose
1260 3801 1371 3873 ruunt,
1426 3791 1563 3857 dictum:
1588 3793 1695 3857 aufert
1710 3793 1834 3857 labium
1851 3812 1872 3855 a
1890 3793 2070 3870 veracibus,
2087 3799 2121 3856 et
2137 3793 2296 3856 rationem
2314 3794 2402 3860 tollit

396 3880 568 3962 omniaque
596 3880 744 3944 membra
771 3878 892 3944 scelere
919 3877 1128 3962 obstringunt
1155 3901 1193 3946 ac
1215 3881 1372 3946 contami-
1426 3899 1447 3942 a
1480 3878 1665 3943 senioribus
1687 3878 1771 3963 (Iob.
1801 3881 1856 3957 12,
1886 3877 1943 3961 20)
1950 3900 1958 3956 ;
1991 3878 2098 3942 aufert
2128 3899 2183 3942 cor
2211 3879 2252 3943 ab
2275 3880 2316 3944 iis
2344 3882 2401 3964 qui

395 3972 489 4029 nant
524 3965 661 4047 Proprie
683 3986 761 4048 ergo
783 3985 881 4047 agere
902 3964 1022 4030 dicitur
1043 3975 1137 4030 satan
1159 3966 1195 4030 in
1216 3967 1370 4049 reprobis,
1424 3973 1583 4045 praesunt
1604 3964 1724 4046 populo
1748 3971 1863 4040 terrae,
1888 3984 1999 4034 errare
2020 3984 2075 4028 ees
2096 3964 2174 4028 facit
2194 3966 2401 4047 periurium

394 4051 433 4114 in
453 4048 571 4132 quibus
590 4071 732 4134 regnum
752 4071 858 4128 suum,
883 4050 945 4115 hoc
967 4058 1018 4115 est
1038 4052 1211 4134 nequitiae,
1233 4060 1371 4117 exercet
1425 4047 1527 4135 (Psal
1543 4053 1613 4128 107,
1626 4049 1692 4133 40).
1728 4049 1813 4113 Item
1831 4049 2058 4133 (Ies.63,17):
2082 4070 2183 4132 quare
2207 4050 2403 4118 dementasti

395 4136 529 4201 Dicitur
549 4144 583 4200 et
603 4137 696 4201 Deus
725 4158 783 4201 suo
810 4135 906 4200 modo
928 4157 1041 4220 agere,
1074 4136 1160 4219 quod
1187 4148 1282 4202 satan
1303 4139 1373 4220 ipse
1424 4156 1483 4199 nos
1496 4134 1647 4212 Domine,
1665 4135 1828 4199 indurasti
1845 4155 1902 4200 cor
1918 4144 2078 4212 nostrum,
2096 4157 2138 4199 ne
2155 4136 2331 4202 timeamus
2347 4137 2400 4201 te?

396 4218 667 4307 (instrumentum
695 4243 796 4305 quum
827 4223 870 4286 sit
896 4223 964 4285 irae
993 4222 1077 4306 eius)
1104 4243 1164 4304 pro
1192 4223 1263 4288 eius
1289 4233 1372 4287 nutu
1426 4218 1698 4302 Quandoquidem
1719 4218 1866 4286 iudicant
1885 4220 1993 4303 potius
2014 4221 2126 4304 quales
2142 4222 2235 4286 Deus
2253 4221 2402 4286 homines

396 4329 434 4373 sc
455 4309 593 4390 imperio
614 4307 680 4373 huc
697 4317 794 4390 atquc
816 4307 894 4372 illuc
911 4327 944 4371 sc
960 4308 1096 4371 inflectit
1113 4307 1154 4372 ad
1166 4308 1373 4391 exsequenda
1425 4306 1523 4369 faciat
1543 4305 1736 4385 descrendo,
1762 4327 1861 4389 quam
1882 4306 2023 4389 qualiter
2042 4327 2124 4389 opus
2145 4307 2182 4370 in
2202 4307 2282 4388 ipsis
2303 4326 2402 4370 suum

396 4395 466 4458 eius
487 4395 578 4458 iusta
598 4393 726 4459 iudicia.
757 4391 883 4458 Omitto
903 4392 957 4458 hic
979 4393 1200 4458 universalem
1217 4392 1282 4457 Dei
1303 4415 1373 4458 mo-
1425 4399 1568 4474 peragat
1614 4392 1661 4455 At
1684 4399 1763 4457 sunt
1783 4392 1847 4456 aha
1866 4392 2055 4457 testimonia
2075 4414 2158 4474 quae
2180 4391 2267 4454 ultra
2287 4409 2401 4470 proce-

287 4518 290 4523 ·
396 4481 533 4558 donem,
567 4479 654 4544 unde
684 4487 854 4545 creaturae
884 4500 996 4543 omnes
1018 4485 1055 4542 ut
1076 4479 1294 4556 sustinentur,
1327 4481 1374 4544 ita
1426 4476 1522 4556 dunt;
1551 4478 1660 4559 qualia
1686 4486 1764 4543 sunt
1785 4477 1825 4542 de
1846 4477 2030 4542 Pharaonis
2052 4477 2258 4542 induratione
2279 4473 2399 4558 (Exod

396 4565 576 4631 efficaciam
603 4564 731 4647 quidvis
759 4565 878 4647 agendi
907 4564 1038 4629 ducunt.
1082 4566 1135 4630 De
1162 4564 1219 4628 illa
1240 4565 1374 4647 speciali
1425 4566 1455 4641 4,
1476 4567 1513 4626 21
1540 4571 1575 4628 et
1598 4567 1626 4639 7,
1646 4563 1696 4648 3):
1724 4564 1885 4629 indurabo
1906 4585 1962 4629 cor
1980 4562 2174 4637 Pharaonis,
2197 4580 2239 4622 ne
2262 4579 2319 4624 vos
2341 4580 2400 4625 au-

396 4651 524 4716 actione
551 4659 683 4715 tantum
709 4651 823 4733 loquor
849 4672 932 4732 quae
959 4651 994 4714 in
1016 4671 1209 4733 unoquoque
1230 4651 1373 4716 facinore
1425 4647 1507 4725 diat,
1537 4669 1575 4714 ac
1601 4647 1746 4714 dimittat
1766 4649 1931 4732 populum.
1976 4648 2097 4712 Postea
2119 4645 2199 4709 dicit
2226 4665 2260 4708 se
2282 4665 2400 4728 aggia·

396 4745 555 4835 apparet·
585 4735 680 4835 Idem
707 4757 786 4820 ergo
812 4738 939 4801 facinus
958 4737 1045 4815 Deo,
1070 4745 1219 4813 satanae,
1248 4736 1372 4836 homini
1424 4755 1519 4833 vassa
1540 4750 1596 4800 cor
1616 4735 1705 4800 illius
1727 4743 1760 4834 et
1780 4736 1948 4800 roborasse
1966 4731 2056 4877 (ibiid.
2080 4735 2127 4807 10,
2150 4729 2191 4811 1).
2225 4730 2282 4793 An
2302 4731 2400 4796 indu-

395 4843 576 4973 tttt.
591 4822 1142 4991 tittt.t?¹¹.t⁸⁸ttlttltta
1157 4822 1373 4973 ttttttt
1423 4820 1860 4989 fflffiffi
1881 4819 2096 4969 dicibili
2113 4836 2231 4983 tttt
2249 4825 2321 4968 tt
2341 4817 2400 4967 tl

397 4994 557 5071 reluceat,
585 5003 719 5059 satanae
748 4994 952 5076 hominisque
979 4996 1123 5078 nequitia
1145 5016 1220 5059 oum
1242 5017 1300 5060 suo
1321 5016 1373 5076 op-
1425 4991 1624 5056 firmandum
1649 5002 1782 5058 satanae
1804 4988 1979 5055 mandavit
2024 4985 2120 5051 Unde
2141 4989 2232 5086 prius
2255 4988 2398 5054 dixerat:

391 5079 523 5160 pmbta'o
544 5101 579 5145 se
600 5079 725 5162 prodat
1426 5076 1542 5142 tenebo
1574 5098 1631 5143 cor
1661 5079 1750 5142 illius
1773 5074 1863 5161 (ibid.
1883 5079 1917 5149 3,
1945 5071 2007 5154 19).
2052 5073 2233 5157 Egredrtur
2259 5075 2399 5157 populus

487 5168 515 5229 3.
580 5167 714 5230 Veteres
759 5164 940 5246 religiosius
983 5166 1147 5231 interdum
1193 5166 1374 5248 simplicem
1426 5186 1469 5229 ex
1495 5166 1663 5249 Aegypto,
1697 5161 1859 5246 prodeunt
1891 5157 2020 5221 obviam
2047 5158 2156 5225 infesti
2179 5161 2322 5242 regionis
2348 5162 2399 5223 in-

397 5271 528 5335 quoque
554 5251 702 5317 veritatis
728 5249 962 5315 confessionem
993 5252 1028 5314 in
1055 5251 1117 5318 hac
1147 5259 1240 5334 parte
1272 5254 1374 5317 refor-
1426 5250 1529 5315 colae:
1553 5249 1640 5313 unde
1661 5245 1816 5329 excitati?
1856 5245 1966 5308 Moses
1987 5253 2074 5309 certe
2096 5246 2214 5328 populo
2236 5244 2400 5309 asserebat

396 5336 541 5415 midant,
569 5337 655 5420 quod
683 5341 841 5400 verentur
867 5357 909 5399 ne
936 5337 1097 5418 impietati
1122 5338 1301 5402 fenestram
1333 5338 1374 5403 de
1427 5336 1539 5418 (Dent.
1560 5340 1594 5411 2,
1615 5334 1680 5417 30),
1699 5332 1878 5414 Dominum
1896 5330 1995 5394 fuisse
2017 5330 2071 5413 qui
2094 5331 2192 5396 corda
2213 5351 2324 5425 eorum
2346 5349 2399 5390 ro-

397 5423 554 5506 operibus
563 5423 629 5488 Dei
638 5425 857 5487 irreverenter
873 5419 1065 5502 obloquendi
1083 5423 1238 5502 aperiant
1262 5422 1374 5503 Quam
1426 5421 1580 5485 borasset
1613 5417 1782 5500 Propheta
1802 5437 1880 5480 vero
1897 5415 2035 5483 eandem
2056 5416 2227 5481 historiam
2247 5420 2399 5493 recitans,

396 5507 608 5574 sobrietatem
636 5517 675 5573 ut
701 5505 884 5585 exosculor,
917 5507 964 5569 ita
989 5505 1125 5568 minime
1155 5507 1373 5586 periculosum

395 5592 516 5672 iudico,
546 5596 574 5659 si
594 5594 786 5676 simpliciter
807 5587 980 5656 'teneamus
1007 5589 1093 5674 quod
1119 5590 1281 5671 scriptura
1305 5602 1373 5655 tra-

397 5680 458 5746 dit
493 5681 546 5745 Ne
567 5682 772 5764 Augustinus
794 5678 925 5761 quidem
946 5677 1004 5742 illa
1023 5674 1252 5758 superstitione
1271 5677 1373 5739 inter-
1495 5693 1523 5755 1)
1542 5691 1616 5742 Libr.
1635 5689 1668 5740 de
1686 5688 1821 5758 praedest.
1839 5698 1867 5744 et
1884 5692 1973 5761 grati·
1990 5707 2013 5746 a
2031 5689 2056 5743 4.
2073 5687 2099 5743 5.

507 5782 618 5838 Cdoias'
630 5799 723 5852 opera.
758 5781 816 5838 Vol
832 5781 876 5838 11.
2163 5770 2197 5826 15
