5600 6809
394 770 458 834 433
608 767 698 832 LIB.
721 766 784 830 ΙΠ.
828 765 892 830 DE
915 761 1051 865 Meno
1072 761 1423 829 PEROIPIENDAE
1445 760 1639 828 enatem
1660 761 1879 828 aalma
1924 761 2023 828 OAP.
2047 762 2092 828 ΙΙ.
2114 763 2177 828 ΠΙ.
2335 766 2401 827 434

293 979 299 987 ·
395 966 461 1023 1616
484 951 1190 1037 666116611666666116661(Β661.8,24).
1223 952 1371 1016 Ν61666
1422 951 1518 1015 Fidei
1539 952 1733 1016 6616611661
1751 950 1929 1015 clarissime
1949 952 2160 1034 exposuimus
2177 951 2311 1017 unicum
2328 973 2400 1018 esse

394 1042 473 1108 dum
495 1043 530 1105 in
552 1041 680 1105 silentio
699 1041 877 1104 Dominum
898 1046 1075 1121 exspectat,
1098 1039 1197 1104 fidem
1215 1038 1370 1115 continet,
1423 1058 1572 1119 scopum,
1600 1037 1665 1101 Dei
1694 1037 1962 1102 misericerdiam:
1992 1040 2028 1100 in
2057 1058 2155 1118 quam
2178 1048 2332 1120 utroque,
2362 1048 2401 1103 ut

394 1150 436 1194 ne
458 1128 556 1192 nimis
575 1125 758 1191 festinando
779 1125 984 1207 praecipitot;
1005 1127 1185 1201 confirmat,
1208 1145 1250 1188 ne
1270 1124 1371 1189 vacil-
1422 1124 1469 1187 ita
1501 1123 1629 1204 loquar,
1667 1123 1760 1188 oculo
1796 1123 1957 1205 respicere
1996 1121 2120 1186 debeat.
2176 1123 2242 1189 Sed
2282 1146 2400 1207 operae

394 1215 442 1279 let
473 1215 508 1277 in
535 1213 599 1276 Dei
626 1211 907 1294 promissionibus,
942 1218 1001 1273 661
1027 1210 1068 1275 16
1096 1231 1209 1299 661616
1235 1211 1371 1273 veritate
1422 1210 1564 1292 pretium
1586 1216 1636 1272 est
1657 1208 1844 1273 auscultare
1871 1229 1971 1290 quam
1992 1207 2138 1273 vividam
2160 1210 2276 1295 afferat
2301 1213 2400 1277 ratio-

395 1299 544 1365 dubitare
566 1298 715 1380 incipiat;
739 1303 879 1374 recreat,
903 1318 946 1360 66
966 1297 1138 1379 fatigatum
1159 1293 1307 1359 extendit
1329 1294 1369 1359 ad
1423 1316 1508 1358 nem.
1564 1292 1603 1358 Si
1634 1295 1816 1376 quidpiam,
1850 1295 1973 1376 166611,
2007 1295 2076 1358 6166
2109 1296 2235 1359 16611116
2268 1318 2400 1378 sperare

395 1387 545 1450 ultimam
566 1383 656 1447 illam
679 1390 808 1459 metam,
832 1383 932 1445 6616
953 1381 1060 1446 medio
1081 1403 1179 1446 cursu
1202 1381 1368 1444 autetiam
1423 1380 1553 1457 audeas,
1578 1402 1642 1444 non
1664 1401 1737 1462 spes
1759 1379 1825 1456 1116,
1849 1380 1907 1444 661
1928 1381 2150 1463 praesumptio
2173 1380 2408 1465 1166616661.Ι

393 1473 429 1536 16
457 1468 641 1534 carceribus
668 1468 804 1533 deliciet.
849 1466 1002 1549 Denique
1031 1467 1161 1531 assidue
1183 1466 1370 1531 renovando
1423 1464 1505 1546 Quis
1533 1487 1598 1530 non
1622 1467 1753 1543 merite,
1781 1468 1884 1531 amice
1906 1465 2020 1541 166161,
2051 1466 2133 1530 tales
2159 1465 2280 1531 bestias
2308 1490 2402 1533 exse-

396 1566 429 1622 et
449 1554 676 1631 instaurando,
706 1555 784 1618 facit
810 1559 848 1616 ut
876 1574 912 1616 se
938 1553 1009 1636 ipsa
1031 1553 1169 1618 subinde
1197 1552 1237 1615 ad
1260 1573 1370 1634 porse·
1422 1561 1545 1629 cretur,
1569 1573 1653 1633 quae
1673 1561 1795 1616 temero
1818 1553 2401 1635 61616666166166661611616666-

395 1641 580 1708 versutiam
606 1640 751 1723 vegetior
772 1646 926 1722 emergat.
976 1641 1087 1721 Atque
1108 1638 1258 1715 omnino,
1292 1646 1371 1720 quot
1423 1638 1519 1713 tiant,
1549 1637 1577 1702 si
1604 1638 1678 1719 quls
1699 1638 1810 1702 Deum
1830 1657 1982 1702 veracem
2009 1658 2080 1702 6666
2104 1638 2269 1703 confidat?
2314 1640 2402 1704 Nam

395 1724 580 1794 nominibus
612 1725 796 1791 necessaria
828 1725 896 1788 6161
929 1725 998 1807 spei
1031 1724 1175 1789 subsidia
1203 1725 1244 1788 ad
1271 1723 1370 1788 fidem
1422 1745 1523 1805 quum
1543 1724 1708 1787 Dominus
1733 1722 1817 1785 nihil
1840 1744 1907 1786 666
1929 1744 1948 1786 6
1970 1744 2031 1787 666
2053 1724 2196 1788 16611616
2219 1726 2402 1806 exspectari

396 1811 638 1890 stabiliendam,
665 1811 782 1875 melius
801 1809 924 1892 patebit
945 1812 973 1874 si
995 1811 1174 1894 cogitemus
1196 1818 1276 1892 quet
1297 1818 1370 1874 ten-
1423 1809 1517 1887 velit,
1548 1809 1847 1891 praesumptionem
1868 1829 1939 1873 6666
1962 1808 2074 1874 116661
2095 1811 2130 1872 16
2151 1829 2191 1872 66
2212 1813 2403 1876 recumbere

396 1899 557 1965 161166661
588 1898 700 1962 1611616
732 1897 935 1977 impetantur
968 1906 1002 1961 ct
1035 1897 1278 1973 concutiantur,
1314 1895 1370 1977 661
1423 1904 1456 1957 61
1477 1896 1688 1976 acquiescere.
1735 1894 1983 1975 Omagistrum
2005 1895 2125 1960 talibus
2148 1894 2284 1978 dignum
2307 1898 2403 1962 disei-

396 1984 533 2050 verbum
553 1983 617 2047 Dei
640 1983 782 2064 amplexi
805 1990 890 2046 6661.
923 1983 1075 2046 Ρ1161661
1096 1983 1271 2059 Dominus,
1294 2002 1370 2064 pro·
1424 1981 1509 2062 pulis
1524 1981 1636 2063 666166
1653 1982 1688 2044 16
1706 1980 1832 2045 1666616
1855 1978 2044 2044 rabularum
2062 1981 2182 2046 scholis
2200 1993 2315 2048 nactus
2335 1985 2400 2048 est!

396 2070 565 2135 missiones
594 2090 669 2134 6666
692 2067 884 2145 differendo,
913 2067 1036 2133 diutius
1064 2090 1160 2149 saepe
1187 2089 1284 2149 quam
1311 2088 1370 2149 pre
1425 2066 1491 2131 Nos
1513 2089 1605 2144 voro,
1629 2066 1757 2148 quande
1779 2065 1929 2130 ridemus
1952 2067 2015 2130 Dei
2039 2067 2178 2131 oraculis
2200 2068 2305 2132 iuberi
2329 2090 2403 2150 pec·

396 2156 481 2222 votis
510 2155 629 2219 nostris
656 2174 831 2236 suspensos
857 2155 958 2217 animi
986 2176 1045 2218 666
1068 2161 1166 2217 tenet.
1211 2153 1277 2218 Hic
1300 2154 1370 2217 otti-
1423 2161 1548 2217 catores
1561 2174 1652 2234 spem
1673 2153 1787 2216 salutis
1806 2152 1985 2234 concipere,
2004 2152 2144 2217 libenter
2162 2162 2290 2217 tantum
2309 2175 2399 2236 prae

397 2242 482 2308 aium
505 2247 554 2304 est
575 2242 659 2323 spei,
681 2247 847 2322 praestare
870 2240 954 2322 quod
977 2241 1068 2305 iubet
1088 2239 1247 2322 propbeta
1269 2239 1369 2323 (Hab.
1423 2260 1591 2302 sumamus
1613 2238 1653 2302 de
1675 2239 1813 2302 veritate
1835 2239 1920 2316 eius;
1943 2246 1981 2302 ut
2002 2239 2070 2302 sela
2091 2239 2160 2302 eius
2181 2241 2405 2305 misericordia

398 2330 425 2406 2,
440 2326 490 2409 3):
512 2334 551 2390 ut
563 2327 592 2389 si
609 2347 736 2390 moram
753 2325 826 2389 illae
845 2326 986 2405 fecerint,
1006 2336 1231 2408 exspectemus
1249 2333 1369 2388 tamen.
1423 2324 1506 2398 freti,
1530 2325 1655 2388 6116616
1672 2346 1805 2407 eperum
1824 2323 1952 2402 fiducia,
1973 2322 2053 2388 bene
2070 2345 2201 2406 sperare
2214 2325 2400 2391 audeamus.

396 2412 569 2477 Interdum
597 2433 664 2475 non
691 2411 788 2475 mede
815 2411 971 2494 languere
994 2432 1054 2476 uos
1074 2411 1167 2488 sinit,
1197 2411 1254 2475 sed
1277 2432 1370 2492 aper·
1426 2409 1499 2473 Non
1526 2409 1615 2489 fallet
1642 2411 1722 2490 ipse,
1751 2411 1807 2491 qui
1834 2410 1932 2474 dicit:
1964 2411 2134 2475 secundum
2153 2412 2246 2490 pidem
2267 2418 2401 2477 66611616

397 2505 463 2562 1661
492 2497 754 2580 indignationem
782 2518 860 2578 prae
889 2496 1022 2561 661611.
1067 2498 1132 2562 Η16
1154 2518 1245 2578 spem
1266 2497 1371 2560 multo
1421 2494 1874 2579 β6166116(11161111.9,29).

395 2585 500 2667 magis
519 2604 708 2647 succurrere
720 2602 850 2647 6666666
864 2596 923 2658 661,
946 2604 1019 2664 666,
1042 2582 1371 2648 66666161661161166

395 2669 573 2752 prophetae
595 2667 803 2752 (166.8,’17)
831 2668 969 2746 dictum,
997 2669 1160 2750 pessimus
1182 2677 1371 2751 exspectare

396 2754 592 2830 Dominum,
627 2755 683 2835 qui
716 2752 923 2818 absconderit
949 2755 1064 2818 facicm
1094 2776 1189 2818 suam
1216 2776 1236 2819 a
1263 2754 1369 2819 Iacob.
1659 2809 1664 2817 .
2145 2819 2148 2824 .

396 2840 581 2922 Insurgunt
601 2840 700 2903 etiem
716 2839 876 2916 illusores,
899 2838 1172 2921 quemadmodum
1190 2841 1372 2904 611Ρ61166
1772 2838 1924 2909 CAPUT
1947 2844 2010 2909 ΙΠ.
2025 2845 2049 2931 ¹)

398 2923 431 3011 (2
449 2927 539 2990 Ρ611.
560 2929 593 3002 3,
613 2923 663 3007 4),
692 2926 747 3007 661
770 2936 900 3008 rogant,
928 2923 984 2988 ubi
1011 2933 1061 2989 cst
1087 2926 1257 3006 promissio
1279 2922 1371 3009 1611)

398 3012 557 3076 adventus
587 3011 679 3075 eius?
708 3011 839 3092 quande
866 3033 908 3076 ex
936 3032 999 3092 quo
1026 3020 1135 3092 patres
1159 3011 1371 3087 dormierunt,
1425 2997 1533 3079 Fide
1557 3027 1634 3078 nos
1664 3002 1910 3108 regenerari
1917 3033 1929 3110 3
1959 3003 2033 3084 ubl
2056 3004 2109 3084 (10
2130 3006 2402 3113 poenitentia.

398 3097 506 3161 661616
539 3097 584 3161 616
617 3104 828 3178 perseverant
865 3094 906 3160 ab
938 3095 1032 3159 initio
1064 3097 1244 3160 creationis.
1300 3096 1372 3159 1166

399 3183 512 3248 661616
534 3182 614 3247 1666
636 3183 729 3247 66116
752 3183 962 3247 insusurrant
979 3203 1053 3247 care
1072 3190 1105 3245 et
1121 3182 1274 3246 mundus.
1308 3181 1374 3245 Η16
1517 3181 1583 3261 1.²)
1627 3180 1701 3244 Etsi
1734 3183 1803 3245 iam
1830 3183 1939 3265 aliquo
1965 3206 2004 3249 66
2024 3191 2119 3265 parte
2144 3187 2304 3250 elecuimm
2331 3208 2406 3267 qua

398 3269 496 3333 tidem
518 3270 587 3349 spei
608 3268 782 3333 tolerantia
803 3268 987 3346 suffultam,
1016 3269 1052 3332 16
1074 3268 1277 3332 aeternitatis
1297 3289 1373 3333 con·
1426 3267 1514 3331 modo
1534 3267 1614 3346 fides
1636 3265 1794 3331 Christum
1809 3272 1984 3349 possideat,
2006 3278 2034 3335 et
2050 3292 2110 3351 per
2130 3274 2234 3352 ipsam
2253 3273 2406 3353 fruamur

397 3354 608 3437 templatiene
630 3354 772 3419 defixam
794 3355 929 3418 retineri
951 3362 1091 3436 oportet,
1121 3375 1184 3436 quo
1204 3353 1294 3417 mille
1316 3375 1374 3418 an·
1426 3355 1495 3418 eius
1515 3355 1619 3417 166161
1639 3351 1692 3416 tec
1713 3359 1814 3418 tamen
1834 3357 1938 3420 adbuc
1958 3357 2120 3421 obscurum
2140 3364 2217 3422 esset
2237 3359 2407 3440 616161166-

398 3462 456 3506 666
488 3443 593 3504 166161
620 3440 684 3504 diei
711 3441 810 3504 unius
833 3449 962 3522 reputet
984 3440 1086 3524 (Psal.
1107 3445 1163 3518 90,
1188 3445 1222 3519 43
1247 3440 1374 3505 2Petr.
1426 3444 1522 3517 tuum,
1546 3458 1621 3519 quos
1642 3441 1792 3504 sentiurus
1813 3442 1963 3506 accederet
1982 3445 2153 3523 septisolio.
2201 3444 2274 3508 Non
2295 3444 2351 3507 obs
2372 3465 2407 3509 re

399 3528 490 3605 118.
1427 3546 1552 3590 sumata
1573 3525 1724 3607 eeanpelii
1745 3529 1893 3591 statuitur
1914 3530 1950 3591 in
1965 3531 2156 3610 poenitentia
2177 3535 2203 3594 et
2224 3531 2407 3595 remissicae

314 3688 320 3699 ι
484 3615 534 3674 43.
575 3612 717 3693 Propter
738 3612 824 3676 hanc
846 3621 917 3675 tum
939 3612 1210 3688 coniunctionem,
1233 3619 1304 3675 tum
1328 3612 1375 3676 61·
1422 3617 1624 3693 peruramur.
1652 3610 1738 3692 Erpa
1755 3611 1872 3677 duobus
1890 3615 1958 3678 illis
1974 3615 2128 3694 capitibus
2146 3617 2279 3694 66116616,
2298 3618 2406 3681 niuno

398 3697 576 3775 finitatem,
600 3698 762 3780 scriptura
784 3697 952 3761 interdum
973 3697 1050 3762 fidei
1072 3707 1105 3762 61
1127 3699 1194 3780 spei
1218 3697 1376 3762 vocabula
1428 3697 1588 3762 etmutila
1610 3697 1667 3759 erit
1690 3697 1825 3779 adeoque
1844 3719 1947 3780 prope
1966 3701 2092 3765 inutilis
2113 3703 2264 3782 quaelibet
2284 3703 2321 3766 de
2341 3701 2405 3781 side

399 3782 575 3849 confundit.
621 3783 708 3846 Nam
730 3805 832 3866 quum
852 3784 974 3847 Petrus
997 3783 1090 3848 docet
1111 3784 1144 3867 (l
1165 3784 1253 3848 Petr.
1278 3787 1309 3861 l,
1330 3783 1373 3866 5),
1428 3784 1608 3864 disputatio.
1653 3780 1727 3845 Iam
1749 3803 1845 3863 quum
1865 3789 2030 3867 utrumque
2049 3787 2137 3850 nobis
2156 3790 2294 3869 conferat
2317 3786 2407 3852 Cleri-

399 3869 520 3934 virtute
536 3868 600 3931 Dei
622 3891 681 3933 nes
703 3890 761 3950 per
781 3866 878 3933 fidem
901 3869 1057 3934 custodiri
1080 3891 1183 3952 66666
1201 3869 1242 3933 61
1261 3869 1375 3933 6616116
1427 3875 1503 3948 stus,
1525 3873 1552 3933 et
1573 3873 1737 3947 rarumque
1752 3869 1814 3948 pide
1830 3890 2061 3951 consequamur,
2084 3874 2165 3937 citae
2185 3874 2300 3938 scilicet
2320 3874 2408 3937 noci-

399 3954 647 4030 revelatiencm,
678 3953 763 4035 quod
791 3955 861 4035 spei
883 3954 987 4037 magis
1014 3956 1197 4037 quadrabat
1217 3954 1295 4018 fidei
1316 3954 1375 4017 111-
1428 3960 1519 4020 tatem
1546 3959 1573 4018 et
1598 3954 1874 4018 reconciliationem
1899 3959 2086 4038 proluitom,
2114 3960 2197 4023 rotie
2226 3966 2253 4023 et
2279 3960 2407 4023 docertdi

398 4040 478 4105 buit.
515 4039 629 4120 Neque
651 4040 826 4103 immerito:
850 4040 981 4121 quando
1002 4042 1068 4104 iam
1092 4041 1268 4115 docuimus,
1292 4040 1375 4103 nihil
1428 4043 1524 4105 series
1546 4040 1689 4121 postrdm
1714 4045 1749 4103 ut
1773 4041 1812 4105 de
1838 4047 1965 4122 utroque
1990 4044 2044 4106 1166
2069 4045 2131 4108 loco
2158 4046 2308 4109 disserere
2330 4046 2408 4108 inci·

400 4126 488 4190 aliud
506 4146 598 4207 spem
621 4146 691 4189 6666
708 4146 805 4206 quam
823 4125 898 4189 fidei
918 4126 1111 4190 alimentum
1130 4135 1163 4190 et
1180 4127 1286 4190 robur.
1322 4126 1376 4187 In-
1423 4128 1524 4206 piam.
1556 4125 1731 4189 Proximus
1753 4131 1856 4190 oulen
1877 4129 1977 4192 afide
1996 4130 2036 4194 ad
2056 4131 2294 4213 poenitentiam
2314 4130 2408 4194 nobis

400 4214 519 4277 1661661
540 4212 637 4275 simul
657 4213 838 4293 iunpuntur,
861 4213 955 4275 616611
972 4213 1077 4275 eodern
1095 4212 1223 4293 epistola
1242 4211 1287 4294 (1,
1303 4211 1376 4293 21)·
1429 4212 1492 4276 6111
1520 4210 1693 4289 116661166;
1726 4211 1802 4292 6616
1829 4212 1883 4277 boc
1904 4216 2002 4295 capite
2017 4217 2115 4296 prole
2136 4219 2266 4298 6666116,
2295 4215 2407 4279 arelius

400 4318 457 4378 666
477 4299 679 4377 1116666616
699 4303 727 4361 61
744 4317 815 4377 spes
836 4303 913 4361 esset
932 4299 967 4360 in
988 4298 1064 4362 Deo.
1098 4297 1221 4360 Pardus
1242 4317 1313 4360 cere
1334 4297 1377 4359 od
1423 4297 1543 4378 patebit
1568 4297 1717 4377 quomode
1748 4298 1816 4362 solo
1843 4298 1907 4378 fide
1932 4307 1962 4363 et
1987 4321 2075 4366 mero
2103 4305 2192 4365 venia
2221 4302 2407 4380 iustificetur

403 4383 621 4465 Philippenses
649 4383 699 4467 (l,
723 4384 779 4466 20)
811 4405 849 4447 ee
875 4404 929 4464 spe
956 4383 1079 4447 deducit
1105 4384 1374 4464 exspectationem:
1428 4384 1523 4461 tomo,
1546 4403 1641 4462 neque
1657 4389 1758 4446 tomen
1779 4386 2404 4467 6661611616111116616616161166666-

372 4492 374 4497 *
401 4472 475 4549 quio
503 4470 656 4549 sperando
670 4471 828 4550 patierder
848 4475 918 4534 cota
939 4473 1045 4532 nestra
1066 4470 1300 4550 suspendiosa,
1323 4469 1375 4533 do·
1424 4474 1556 4551 paretur
1576 4469 1688 4547 realis,
1716 4470 1818 4533 61116
1839 4470 1963 4550 loquar,
1986 4475 2066 4536 citae
2086 4474 2241 4535 sauctitas.
2284 4471 2404 4533 Ρ6661-

401 4576 452 4619 666
478 4557 636 4636 putefocto
666 4556 766 4637 fuerit
791 4554 855 4619 Dei
888 4556 1110 4636 opportunitas.
1164 4555 1251 4635 Quod
1282 4559 1376 4617 totum
1428 4555 1566 4619 tentiam
1598 4575 1675 4619 vere
1708 4576 1777 4619 nen
1810 4556 1906 4621 mode
1933 4557 2032 4621 fidem
2060 4557 2212 4620 continuo
2240 4555 2402 4637 subsequi,

400 4643 512 4704 melius
535 4641 702 4724 iutellipere
729 4643 799 4706 licet
824 4663 863 4705 66
884 4642 999 4705 decimo
1024 4642 1123 4721 capite
1145 4641 1187 4704 od
1210 4640 1375 4717 Hebraeos,
1429 4641 1541 4706 sodex
1561 4641 1826 4718 666666166116
1843 4644 2080 4706 controuersiam
2098 4661 2162 4703 esse
2175 4640 2264 4704 debet.
2291 4639 2405 4721 Quum

297 4742 304 4755 ¹
400 4727 481 4806 quod
511 4728 573 4787 tom
595 4729 696 4791 citavi.
742 4728 867 4792 Paulus
893 4727 970 4791 alibi
992 4726 1082 4811 (Gal.
1103 4732 1131 4804 5,
1155 4727 1204 4808 5),
1233 4727 1376 4807 quamuis
1428 4728 1517 4791 enim
1536 4727 1630 4791 venie
1652 4736 1686 4791 et
1707 4728 1855 4792 remissio
1877 4749 1935 4809 per
1946 4724 2108 4807 evangelii
2129 4725 2405 4806 praedicationem

400 4812 572 4890 improprie
605 4811 761 4891 loquatur,
793 4814 847 4879 166
873 4816 979 4894 ipsum
1005 4819 1106 4877 tanuen
1136 4813 1293 4894 intellipit,
1326 4812 1377 4877 116
1429 4812 1501 4877 1166
1522 4813 1693 4892 offeratur,
1724 4823 1761 4878 ut
1782 4834 1801 4876 a
1823 4812 1988 4894 tyrannide
2008 4815 2152 4889 6616666,
2175 4814 2298 4893 peccati
2321 4815 2403 4897 iupa,

401 4897 517 4960 vulis.-
544 4916 600 4956 nes
621 4898 735 4974 spiritu
754 4921 792 4963 en
811 4900 872 4981 116
893 4921 979 4982 spem
998 4900 1138 4964 iustitiae
1155 4903 1375 4980 exspectamus,
1429 4904 1458 4964 et
1489 4900 1608 4964 misera
1641 4902 1798 4964 servitute
1830 4900 1978 4961 vitiorum
2005 4894 2161 4961 liberatus
2191 4908 2341 4979 peccator
2368 4901 2404 4964 in

402 5002 506 5062 nernpr
533 4981 609 5060 quio
636 4985 787 5063 6661166111
813 4988 1021 5052 testimonium
1047 4986 1084 5050 de
1106 4987 1245 5068 protuito
1274 5005 1376 5048 amore
1430 5007 1571 5069 regnum
1592 4986 1657 5050 Dei
1679 4989 1829 5060 transeat,
1858 4986 1934 5046 certe
1956 4982 2124 5063 'evangelii
2146 4984 2287 5066 gratiam
2308 5008 2405 5052 neme

403 5068 537 5148 amplesi
564 5072 773 5146 exspectamus
800 5071 874 5133 dum
895 5073 1006 5152 polam
1027 5073 1165 5137 ostendat
1186 5072 1276 5137 Deus
1297 5071 1377 5151 quod
1430 5073 1582 5156 amplecti
1609 5080 1719 5155 petest
1745 5071 1824 5151 quin
1853 5089 1895 5131 ex
1923 5065 2088 5132 611611166
2112 5069 2198 5134 vitae
2223 5073 2341 5154 prioris
2368 5075 2406 5137 in

403 5173 481 5217 nunc
500 5152 558 5217 661
578 5173 631 5233 spe
653 5157 696 5214 est
716 5152 935 5219 abscorrditum.
978 5156 1092 5237 Neque
1113 5159 1180 5222 iam
1201 5157 1377 5222 obscurum
1431 5168 1553 5223 rectam
1580 5160 1667 5222 viam
1696 5179 1730 5220 se
1759 5153 1910 5234 recipiat,
1944 5160 2111 5235 totumque
2139 5177 2234 5220 66616
2258 5158 2406 5221 studium

405 5250 461 5316 cet,
491 5242 599 5321 quam
619 5238 742 5302 insulse
770 5239 890 5303 Petrus
916 5240 1124 5307 Lombardus
1152 5241 1275 5324 duplex
1308 5243 1377 5326 spei
1431 5239 1851 5328 applieetadpcenitentiae
1862 5237 2118 5304 meditationem.
2154 5239 2282 5321 Quibus
2295 5253 2404 5307 autem

405 5323 653 5389 fundamentum
675 5324 780 5400 iaciat,
804 5324 868 5387 Dei
889 5326 1038 5407 gratiam,
1068 5335 1102 5388 et
1122 5348 1258 5408 operum
1279 5329 1377 5392 meri·
1524 5344 1527 5350 '

408 5423 483 5474 tum.
523 5410 598 5475 Non
620 5411 696 5475 huic
717 5409 801 5474 alius
823 5430 939 5491 scopus
961 5429 1061 5491 quam
1077 5409 1154 5473 fidei
1171 5431 1242 5475 esse
1260 5419 1376 5495 potest.

407 5583 494 5593 ᾗ-
526 5587 607 5592 ψ,
1502 5551 1529 5615 1)
1550 5549 1609 5600 Hoc
1632 5549 1818 5666 repulsoriis
1838 5549 1995 5605 eeumnibua
2016 5565 2050 5603 aa
2071 5549 2199 5603 edinbnrs
2218 5549 2408 5614 praecedentia

705 5685 711 5696 .
1013 5682 1017 5691 ¹
1435 5617 1518 5738 Capg.
1546 5615 1588 5667 11.
1618 5614 1659 5666 Vl
1681 5613 1705 5666 1.
1729 5613 2061 5685 lampernessam.
2147 5614 2177 5683 2)
2202 5616 2294 5681 1111.
2319 5616 2406 5672 1-9.

474 5683 502 5749 l)
521 5685 595 5738 Edd.
612 5701 679 5739 rece.
697 5683 762 5738 16116
779 5686 814 5740 ab
832 5701 858 5738 a.
878 5681 945 5736 1169
962 5682 1156 5736 66611661161
1301 5732 1305 5739 ,
1432 5686 1466 5750 os.
1509 5701 1553 5751 op.
1574 5681 1628 5735 IX.
1647 5681 1731 5736 1-8.

512 5768 622 5825 Caluini
634 5786 726 5838 opero.
767 5769 823 5825 Vol.
842 5768 886 5823 11.
2168 5771 2203 5824 211
