5600 6809
446 734 489 795 aa
558 745 561 752 ¹
849 784 852 791 .
1093 731 1359 801 8188118118
1381 716 1486 800 ann.
1510 734 1690 801 8118188.
1717 740 1807 800 1888.
2394 737 2455 798 100

448 913 519 982 esse
541 918 692 984 declarat.
728 918 889 986 Similiter
906 922 998 987 alibi:
1029 929 1165 1005 oportet,
1188 923 1296 1004 inquit
1313 923 1424 1072 (11818.
1478 944 1553 989 cum
1574 923 1669 986 illum
1692 944 1763 987 esse
1783 922 1894 988 Deum
1915 924 2087 1006 profitetur
2109 944 2205 1004 quem
2227 943 2355 1005 semper
2377 920 2455 986 ado·

452 1008 500 1079 14,
523 1005 591 1087 10),
620 1025 679 1070 nos
707 1026 819 1071 omnes
842 1008 941 1072 semel
969 1008 1041 1073 sisti
1063 1007 1105 1072 ad
1127 1007 1317 1073 tribunelC
1344 1008 1424 1072 risti.
1478 1017 1617 1072 raverat.

364 1118 368 1126 ·
449 1087 616 1171 Scriptum
644 1099 694 1155 est
722 1092 825 1156 enim:
859 1094 941 1156 mihi
967 1095 1117 1159 flectetur
1143 1115 1240 1158 omne
1267 1115 1369 1176 genu,
1393 1101 1427 1157 et
1567 1098 1614 1157 12.
1659 1093 1732 1158 Iam
1752 1095 1779 1157 si
1802 1095 1842 1158 ab
1860 1094 2010 1177 operibus
2028 1095 2099 1159 eius
2121 1093 2326 1159 divinitatem
2343 1114 2456 1158 oense-

449 1176 555 1238 omnis
581 1176 696 1258 lingna
724 1178 845 1242 iurabit
872 1179 955 1242 mihi
984 1179 1131 1263 (18845,
1153 1181 1218 1263 23).
1263 1179 1303 1242 Id
1325 1200 1426 1260 quum
1477 1201 1552 1244 mus
1575 1179 1727 1260 88881111
1753 1179 1790 1242 in
1820 1180 1990 1262 scripturis
2017 1180 2240 1256 ascribuntur,
2269 1179 2456 1244 evidentius

449 1259 536 1341 apud
554 1259 695 1325 Iesaiam
713 1262 753 1326 de
771 1285 805 1327 se
823 1265 915 1328 Deus
934 1264 1107 1346 praedicet,
1131 1264 1284 1329 Christus
1301 1287 1337 1328 88
1355 1266 1427 1347 1888
1477 1265 1555 1329 inde
1577 1264 1684 1329 adhuc
1705 1265 1872 1330 elucescet.
1918 1263 2030 1344 Quum
2052 1267 2140 1329 enim
2162 1287 2197 1330 se
2219 1266 2260 1330 ab
2277 1265 2370 1328 initio
2389 1285 2457 1328 una

447 1345 484 1408 in
507 1366 541 1408 se
563 1346 725 1424 exhibeat,
749 1351 956 1431 consequitur
977 1351 1070 1413 illum
1092 1350 1201 1432 ipsum
1223 1349 1333 1414 Deum
1355 1371 1426 1415 esse
1478 1372 1553 1416 cum
1574 1359 1668 1432 patre
1695 1350 1854 1415 hactenus
1875 1351 2003 1433 operari
2029 1351 2165 1428 diceret,
2191 1351 2305 1415 Iudaei
2327 1350 2457 1414 adalia

449 1431 542 1496 cuius
570 1432 674 1514 gloria
703 1434 829 1499 traduci
857 1435 920 1499 alio
948 1457 1012 1499 non
1041 1442 1155 1516 potest.
1201 1433 1297 1515 Quod
1326 1437 1426 1500 etiam
1479 1435 1549 1500 eius
1577 1436 1662 1501 diota
1690 1436 1917 1519 stupidissimi,
1952 1445 2125 1501 senserunt
2152 1442 2263 1501 tamen
2291 1457 2368 1499 eum
2393 1434 2456 1500 sibi

449 1515 492 1580 ad
519 1516 682 1599 Ephesios
714 1517 918 1602 (Ε811.4,8;
946 1521 1034 1586 Ρ881.
1055 1525 1104 1597 68,
1133 1521 1187 1605 19)
1215 1543 1256 1585 881
1283 1522 1426 1586 Psalmis
1479 1519 1624 1586 divinam
1661 1522 1843 1605 potentiam
1881 1542 2049 1604 usurpare.
2103 1522 2153 1586 Ac
2191 1528 2364 1605 propterea
2403 1519 2457 1614 (81

449 1602 542 1678 81181,
573 1603 606 1665 18
634 1604 744 1667 Deum
772 1607 866 1670 unice
889 1615 1071 1689 competere
1094 1607 1212 1688 liquet:
1247 1606 1427 1672 ascendens
1478 1606 1615 1672 Ioannes
1637 1608 1738 1671 refert
1760 1607 1866 1689 5,17)
1894 1608 1999 1690 magis
2029 1629 2105 1671 eum
2132 1607 2332 1689 quaerebant
2350 1607 2456 1671 inter·

449 1687 487 1750 in
520 1687 624 1751 altum
663 1689 758 1752 duxit
796 1692 1028 1773 captivitatem.
1086 1693 1171 1756 Turn
1203 1692 1426 1757 ascensionem
1478 1692 1589 1770 ficere,
1618 1690 1706 1774 quod
1724 1714 1792 1757 8ο8
1813 1692 2010 1757 sabbathum
2036 1692 2133 1756 modo
2154 1692 2313 1771 solvebat,
2343 1691 2401 1756 sed
2422 1698 2457 1757 81

449 1773 608 1837 eiusmodi
643 1774 870 1840 adumbratam
904 1778 1004 1842 fuisse
1028 1778 1224 1860 intelligens,
1253 1798 1354 1858 quum
1376 1779 1427 1841 in·
1478 1786 1606 1861 patrem
1634 1799 1731 1842 suum
1760 1776 1888 1844 dicebat
1918 1779 2042 1855 Deum,
2075 1779 2243 1860 aequalem
2269 1800 2304 1842 se
2331 1779 2456 1844 faciens

450 1859 536 1941 signi
567 1859 723 1924 adversus
756 1869 885 1926 exteras
918 1871 1032 1946 gentes
1072 1864 1210 1928 victoria
1245 1864 1426 1945 potentiam
1477 1864 1559 1927 Deo.
1605 1861 1721 1942 Qualis
1743 1884 1822 1946 ergo
1844 1863 1907 1928 erit
1928 1870 2043 1945 stupor
2060 1873 2181 1942 noster,
2203 1865 2268 1930 nisi
2289 1864 2366 1929 hino
2385 1865 2456 1930 eius

328 1945 336 1956 '
450 1964 544 2007 suam
572 1946 717 2009 exseruit
742 1947 847 2024 Deu's,
877 1949 912 2011 in
941 1948 1073 2013 Christo
1095 1949 1223 2031 plenius
1245 1949 1428 2013 exhibitam
1478 1949 1681 2026 divinitatem
1704 1950 1801 2031 plane
1822 1949 1927 2013 astrui
1948 1949 2148 2014 sentiamus?
2175 1950 2222 2014 111
2243 1971 2322 2014 sane
2343 1950 2457 2033 provi·

449 2028 621 2112 significat.
665 2028 722 2095 Sic
751 2031 893 2098 Ioannes
916 2035 1055 2116 gloriam
1074 2035 1133 2098 filii
1154 2035 1254 2098 fuisse
1276 2041 1426 2112 testatur,
1479 2034 1590 2098 dentia
1618 2042 1652 2097 et
1684 2035 1806 2100 virtute
1843 2033 2005 2099 mnndum
2037 2035 2279 2113 administrare,
2308 2044 2457 2118 nutuque

449 2135 532 2197 quae
554 2115 679 2180 Iesaiae
701 2137 760 2198 888
781 2119 941 2183 visionem
970 2120 1115 2185 revelata
1136 2121 1198 2184 fuit
1225 2120 1353 2202 (18888.
1377 2124 1426 2198 12,
1479 2120 1629 2203 88888188
1666 2121 1799 2185 virtutis
1836 2119 1948 2184 omnia
1979 2120 2142 2185 moderari
2185 2119 2285 2204 (quod
2316 2121 2365 2184 illi
2399 2121 2458 2186 dat

448 2204 505 2279 41;
534 2200 594 2264 Ies.
617 2205 645 2280 6,
668 2199 835 2286 1);88818
853 2212 963 2268 tamen
981 2204 1142 2287 propheta
1158 2208 1228 2288 1888
1244 2207 1308 2270 Dei
1326 2205 1428 2269 maie-
1480 2205 1645 2287 apostolus
1673 2205 1775 2270 Hebr.
1799 2211 1825 2283 l,
1852 2206 1887 2288 3)
1914 2226 1981 2270 888
2008 2215 2060 2271 881
2086 2207 2152 2271 8181
2180 2208 2342 2272 creatoris.
2387 2207 2456 2271 Ne-

447 2292 567 2350 statem
588 2287 650 2351 sibi
673 2289 777 2352 visam
800 2289 928 2354 scribat.
973 2290 1037 2354 Illa
1058 2312 1136 2356 vero
1158 2312 1240 2373 quae
1263 2292 1428 2373 apostolus
1480 2312 1543 2372 quc
1565 2292 1668 2354 solam
1690 2291 1896 2374 gubernandi
1923 2291 2010 2356 orbis
2036 2293 2238 2374 provinciam
2265 2313 2340 2358 cum
2361 2300 2457 2375 patre

448 2370 489 2435 ad
518 2370 687 2436 Hebraeos
716 2372 761 2456 (1,
782 2379 810 2437 6.
833 2375 887 2459 10)
914 2376 950 2440 18
979 2376 1085 2440 filium
1107 2378 1246 2455 confert,
1280 2397 1348 2440 non
1370 2378 1428 2441 ob·
1480 2378 1666 2459 participat,
1706 2377 1763 2440 sed
1795 2377 1859 2442 alia
1896 2399 2023 2459 quoque
2060 2378 2191 2461 singula
2220 2379 2340 2455 officia,
2374 2399 2459 2461 quae

448 2477 580 2522 scuram
609 2463 667 2534 est,
691 2479 761 2522 esse
783 2459 965 2526 clarissima
985 2460 1051 2526 Dei
1079 2463 1198 2546 elogia:
1222 2470 1258 2526 18
1280 2463 1429 2544 inprin·
1481 2463 1640 2528 creaturis
1662 2463 1896 2528 communicari
1922 2470 2094 2546 nequeant.
2140 2463 2271 2528 Clamat
2293 2465 2459 2528 Dominus

448 2542 532 2623 cipio
554 2543 696 2606 Domine
719 2544 865 2609 fundasti
882 2547 1008 2611 coelum
1026 2554 1060 2611 et
1076 2555 1208 2626 terram,
1233 2557 1311 2627 eto.;
1331 2550 1426 2613 item:
1479 2568 1538 2630 per
1557 2547 1750 2630 prophetam
1773 2549 1921 2632 (18843,
1942 2552 2011 2630 25);
2035 2569 2096 2633 ego
2118 2571 2200 2627 sum,
2223 2571 2283 2633 ego
2305 2571 2378 2614 sum
2401 2550 2460 2632 qui

448 2626 581 2690 adorate
603 2649 810 2694 8818881888
833 2632 942 2714 angeli
964 2634 1042 2698 eius.
1087 2633 1201 2715 Neque
1230 2643 1340 2698 tamen
1361 2634 1427 2699 illis
1480 2632 1571 2698 deleo
1592 2634 1783 2715 iniquitates
1805 2642 1878 2698 tuas
1900 2642 2033 2718 propter
2052 2657 2114 2700 me.
2159 2633 2348 2700 Secundum
2370 2636 2458 2702 hanc

446 2712 600 2791 abutitur,
623 2734 725 2795 quum
743 2715 785 2779 ad
802 2714 973 2782 Christum
990 2719 1100 2784 trahit.
1135 2717 1305 2801 Siquidem
1327 2741 1427 2802 quae-
1480 2720 1685 2798 sententiam,
1709 2741 1812 2801 quum
1833 2719 1990 2784 iniuriam
2011 2722 2151 2805 irrogari
2167 2721 2459 2786 Dequdaei'exi·

446 2818 574 2879 cunque
593 2798 629 2861 in
653 2798 794 2865 Psalmis
814 2801 880 2867 illis
897 2814 1076 2883 canuntur,
1108 2806 1196 2870 solus
1218 2805 1287 2887 ipse
1310 2806 1426 2889 imple·
1479 2806 1663 2881 stimarent,
1705 2825 1743 2868 eo
1774 2805 1860 2887 quod
1897 2816 2031 2889 peccata
2068 2808 2221 2872 Christus
2259 2807 2457 2887 remittebat,

445 2883 503 2948 vit.
537 2883 599 2948 Ille
621 2885 707 2948 enim
727 2886 789 2950 fnit
811 2889 866 2970 qui
884 2910 1064 2974 exsurgens
1085 2892 1239 2955 misertus
1261 2898 1311 2956 881
1328 2889 1427 2970 Sion;
1480 2890 1563 2956 hanc
1585 2898 1782 2972 potestatem
1809 2892 1872 2956 sibi
1901 2900 2084 2975 competere
2106 2914 2173 2957 non
2194 2901 2326 2957 tantum
2346 2894 2459 2959 verbis
2560 2960 2563 2964 ,

445 2967 502 3032 ille
523 2970 579 3050 qui
601 2970 748 3034 omnium
768 2974 914 3055 gentium
937 2984 971 3040 et
997 2977 1180 3041 1888188881
1203 2998 1339 3060 regnum
1364 2978 1426 3042 sibi
1478 2976 1630 3053 asseruit,
1665 2976 1723 3041 sed
1753 2977 1912 3042 miraculo
1937 2979 2036 3042 etiam
2070 2980 2292 3061 comprobavit
2318 2978 2457 3063 (Matth

446 3055 593 3118 88888811
647 3056 694 3119 Et
724 3078 783 3121 cur
815 3059 996 3126 dubitasset
1027 3061 1166 3127 Ioannes
1199 3063 1244 3145 (1,
1273 3063 1326 3148 14)
1359 3064 1426 3128 Dei
1479 3066 1508 3140 9,
1528 3061 1571 3146 6).
1616 3062 1722 3145 11888,
1738 3071 1947 3145 peccatorum
1980 3065 2182 3130 remissionis
2213 3085 2279 3128 non
2308 3065 2458 3130 ministe-

444 3139 649 3204 maiestatem
670 3141 712 3205 ad
732 3141 903 3209 Christum
924 3148 1060 3225 referre,
1089 3149 1146 3230 881
1167 3150 1334 3232 8811818188
1355 3151 1426 3214 fue-
1477 3148 1572 3225 rinm,
1596 3146 1654 3212 sed
1673 3155 1869 3230 potestatem
1886 3169 1987 3231 penes
2008 3150 2116 3231 ipsum
2137 3171 2209 3215 8888
2230 3151 2458 3233 conspicimus,

445 3232 506 3302 rat,
530 3226 668 3290 verbum
690 3249 819 3311 semper
839 3232 938 3297 fuisse
956 3233 1088 3297 Deum?
1113 3232 1202 3314 Quid
1219 3234 1427 3300 formidasset
1499 3255 1576 3297 uam
1605 3255 1625 3298 a
1652 3255 1688 3298 se
1715 3232 1757 3298 ad
1784 3234 1885 3299 alium
1911 3235 2127 3300 transituram
2154 3237 2317 3301 Dominus
2345 3245 2456 3320 negat
2490 3255 2492 3273 ¹
2579 3263 2582 3269 ·

442 3308 570 3376 Paulus
592 3310 763 3378 Christum
789 3317 825 3379 in
846 3318 911 3381 Dei
933 3319 1090 3384 tribunali
1112 3319 1268 3385 collocare
1295 3320 1330 3405 (2
1349 3319 1423 3385 081.
1478 3255 1588 3400 Cnidi
1622 3319 1737 3384 tacitas
1775 3319 1922 3385 cordium
1955 3321 2167 3404 cogitationes
2205 3323 2391 3406 percontari
2424 3329 2459 3388 et

367 3442 376 3449 .
445 3400 473 3474 5,
496 3396 560 3482 10),
583 3404 653 3462 1818
675 3409 788 3481 888818
816 3405 989 3484 praeconio
1016 3406 1085 3470 eins
1115 3404 1321 3471 divinitatem
1348 3414 1425 3472 8818
1476 3414 1664 3487 penetrare,
1693 3425 1737 3469 an
1764 3426 1829 3469 non
1856 3406 1958 3471 solius
1975 3407 2040 3471 Dei
2061 3407 2132 3473 estl
2165 3408 2212 3472 At
2233 3430 2307 3473 eam
2325 3429 2458 3491 quoque

442 3491 661 3565 prosequutus
683 3486 795 3568 (Rom.
810 3493 838 3566 9,
859 3488 903 3573 5),
926 3491 983 3555 ubi
1005 3490 1142 3572 dixerat,
1165 3512 1236 3557 esse
1257 3493 1367 3556 Deum
1387 3494 1424 3557 in
1476 3491 1594 3555 habuit
1614 3490 1768 3556 Christus
1796 3491 1930 3576 (11181111.
1951 3496 1980 3571 9,
1999 3493 2049 3577 4);
2079 3493 2167 3558 unde
2195 3494 2362 3577 colligitur
2383 3495 2457 3560 eius

443 3569 575 3634 saecula
597 3569 826 3637 benedictum?
870 3576 980 3658 Atque
1002 3584 1039 3640 81
1065 3586 1222 3660 appareat
1240 3598 1339 3660 quam
1361 3580 1424 3644 sibi
1475 3576 1639 3643 divinitas.
2318 3618 2321 3627 =

441 3653 525 3718 bene
546 3655 581 3718 in
604 3654 667 3720 1188
688 3666 781 3739 88818
803 3663 1002 3742 8888881181,
1031 3663 1107 3728 alibi
1134 3664 1234 3728 811881
1255 3665 1366 3729 Deum
1387 3666 1423 3728 in
1564 3667 1612 3726 13.
1656 3663 1699 3727 In
1719 3663 1886 3728 miraculis
1908 3668 2020 3728 autem
2049 3685 2148 3747 quam
2168 3665 2339 3749 perspicue
2359 3665 2457 3731 1888-

443 3760 542 3804 carne
564 3742 812 3809 manifestatum
840 3768 911 3812 8888
930 3748 1044 3815 scribit
1066 3749 1098 3833 (1
1120 3750 1203 3814 Tim.
1224 3753 1252 3827 3,
1275 3749 1338 3831 16).
1384 3749 1424 3816 Si
1474 3749 1628 3830 lenteque
1649 3747 1807 3830 apparet?
1842 3747 1971 3828 Quibus
1994 3751 2055 3815 etsi
2075 3751 2168 3833 88818
2189 3758 2223 3815 81
2241 3751 2360 3816 similia
2382 3758 2457 3815 tum

442 3822 536 3889 Deus
565 3833 616 3890 est
644 3828 679 3890 in
702 3832 831 3896 saecula
856 3832 1055 3916 laudandus,
1083 3835 1139 3900 ille
1165 3841 1216 3900 est
1240 3836 1343 3919 igitur
1370 3838 1422 3903 881
1474 3832 1653 3917 prophetas
1675 3842 1746 3897 1818
1774 3835 1937 3917 apostolos
1959 3835 2098 3901 edidisse
2119 3837 2238 3914 fateor,
2265 3837 2302 3900 in
2320 3837 2382 3902 hoo
2402 3843 2456 3900 18-

443 3911 503 3975 8811
530 3931 660 3975 omnem
688 3915 827 3997 gloriam
850 3928 884 3984 et
911 3920 1070 3986 honorem
1104 3920 1227 3999 deberi,
1262 3922 1324 3986 alio
1352 3923 1422 3988 loco
1474 3940 1553 3983 men
1580 3919 1758 4001 plurimum
1786 3927 1837 3985 est
1864 3919 2076 4000 discriminis,
2109 3922 2195 4003 quod
2221 3923 2258 3986 hi
2279 3923 2366 3987 dona
2388 3923 2456 3987 Dei

441 3993 529 4059 idem
552 3996 694 4061 affirmat
717 4000 853 4085 (11118.
876 4010 902 4083 1,
926 4006 990 4091 17).
1035 4007 1149 4089 Neque
1171 4007 1305 4073 veroid
1327 4008 1423 4074 dissi-
1475 4026 1534 4069 suo
1556 4006 1737 4070 ministerio
1759 4006 2004 4088 dispensarunt,
2031 4008 2087 4073 ille
2109 4030 2203 4073 suam
2224 4010 2327 4092 ipsius
2349 4009 2455 4074 virtu·

442 4080 561 4160 mulat;
595 4083 672 4181 quin
707 4087 816 4167 palam
849 4091 969 4155 clamat
1002 4093 1104 4176 (Phil.
1125 4097 1153 4173 2,
1174 4095 1223 4179 6):
1258 4114 1359 4176 quum
1385 4097 1422 4159 in
1476 4099 1543 4156 tem
1575 4093 1728 4156 exseruit.
1772 4092 1863 4158 Usus
1895 4101 1947 4158 est
1979 4093 2110 4175 quidem
2141 4093 2310 4159 interdum
2340 4115 2455 4177 preca-

440 4166 545 4264 forma
567 4168 632 4231 Der
654 4180 753 4249 esset,
782 4196 846 4239 888
871 4177 970 4242 fixisse
998 4177 1175 4244 ducturum
1196 4181 1329 4263 rapinae
1351 4181 1422 4247 loco
1475 4180 1572 4255 tione,
1596 4199 1660 4260 quo
1683 4179 1821 4260 gloriam
1843 4178 1885 4243 ad
1907 4188 2033 4261 patrem
2057 4181 2206 4260 referret3
2225 4180 2283 4245 sed
2304 4180 2455 4246 videmus

441 4272 470 4316 81
493 4254 663 4335 aequalem
685 4258 756 4322 Deo
779 4281 814 4324 se
835 4263 1052 4344 praebuisset;
1075 4264 1133 4328 sed
1150 4265 1237 4328 ultro
1260 4286 1295 4330 88
1312 4267 1422 4349 188881
1475 4274 1512 4329 81
1532 4264 1712 4347 plurimum
1729 4265 1896 4347 propriam
1914 4266 1987 4349 eius
2002 4266 2158 4330 virtutem
2175 4265 2269 4330 nobis
2291 4271 2453 4332 8818188111.

441 4339 670 4438 exinanivisse.
726 4345 776 4409 Ao
813 4367 855 4409 ne
892 4347 1054 4412 1881111818
1093 4352 1277 4433 8881881881
1310 4352 1422 4417 Deum
1475 4352 1522 4415 Et
1543 4349 1702 4432 quomodo
1732 4371 1797 4414 non
1834 4357 1922 4415 88881
1953 4372 2053 4416 verus
2082 4358 2178 4415 autor
2208 4353 2453 4430 miraculorum,

441 4445 512 4489 8888
534 4427 626 4508 181811
648 4427 887 4512 obstreperent,
916 4433 1004 4498 ultra
1028 4435 1238 4518 progreditur
1264 4437 1419 4503 Ioannes:
1474 4437 1530 4518 qui
1557 4435 1833 4518 dispensationem
1860 4436 1932 4500 aliis
1962 4458 2022 4501 888
2050 4437 2226 4502 autoritate
2254 4437 2453 4502 committit?

439 4510 518 4592 ipse,
541 4511 650 4594 inquit
671 4513 831 4597 (118888.
853 4522 881 4596 5,
901 4519 966 4602 20),
990 4527 1041 4585 881
1061 4542 1159 4586 verus
1171 4520 1272 4600 Deus,
1296 4532 1330 4588 et
1351 4526 1422 4589 vita
1473 4523 1596 4587 Narrat
1616 4522 1704 4585 enim
1726 4521 1930 4604 evangelista
1952 4521 2088 4605 (Matth.
2112 4527 2160 4601 10,
2180 4527 2200 4586 8
2207 4547 2216 4603 ;
2238 4525 2388 4602 1118883,
2413 4527 2452 4586 15

440 4600 582 4659 aeterna.
628 4596 828 4684 Quanquam
855 4605 934 4669 satis
963 4626 1124 4688 superque
1152 4606 1245 4672 nobis
1272 4630 1342 4673 esso
1365 4608 1421 4674 de-
1474 4616 1506 4672 et
1528 4613 1556 4683 6,
1577 4608 1611 4690 7)
1634 4606 1728 4670 illum
1756 4606 1884 4670 dedisse
1905 4607 2058 4690 apostolis
2084 4615 2279 4691 potestatem
2302 4615 2453 4674 mortuos

439 4680 508 4778 bet,
535 4682 646 4747 Deum
680 4689 842 4754 nominari
849 4714 857 4769 ;
891 4693 1084 4773 praesertim
1118 4691 1159 4756 ab
1187 4714 1224 4756 eo
1250 4701 1334 4759 18818
1363 4696 1420 4777 881
1473 4692 1667 4770 suscitandi,
1691 4693 1834 4774 leprosos
1852 4693 1998 4770 curandi,
2017 4693 2165 4758 eiiciendi
2183 4694 2366 4772 daemones
2389 4702 2451 4760 818

440 4763 561 4830 diserte
583 4770 677 4835 nobis
704 4796 769 4839 non
792 4776 905 4858 plures
932 4799 1003 4842 esse
1038 4776 1115 4842 deos
1148 4788 1330 4858 asseverat,
1362 4781 1420 4845 sed
1472 4780 1527 4843 Illi
1549 4786 1659 4843 autem
1682 4778 1728 4842 sio
1754 4778 1937 4842 ministerio
1964 4780 2123 4844 eiusmodi
2150 4780 2294 4846 (18188811
2315 4788 2393 4846 sunt
2415 4788 2455 4846 81

440 4872 553 4937 88818.
599 4854 661 4918 1118
687 4867 797 4925 881881
821 4863 946 4929 Ρ88188
969 4872 1033 4942 881,
1064 4864 1120 4946 881
1147 4866 1193 4929 818
1215 4865 1361 4946 18881188
1383 4867 1416 4952 (1
1473 4867 1551 4930 88118
1580 4863 1790 4928 ostenderent
1821 4865 1975 4929 virtutem
2006 4887 2072 4929 non
2102 4867 2234 4931 aliunde
2260 4888 2453 4949 essequam

440 4934 515 5002 Cor.
536 4941 565 5016 8,
580 4937 634 5037 .5);
665 4949 830 5027 81888888
856 4950 953 5013 818111
974 4950 1186 5014 nominentur
1208 4949 1269 5028 dii,
1293 4953 1362 5018 sive
1384 4955 1419 5016 in
1472 4950 1655 5015 aChristo.
1700 4948 1739 5012 In
1765 4951 1896 5014 nomine
1923 4950 2000 5015 Iesu
2028 4951 2168 5030 Christi,
2196 4954 2304 5036 inquit
2330 4953 2453 5018 Petrus

441 5023 538 5101 coele,
561 5046 629 5124 s1ve
653 5028 686 5090 18
708 5034 804 5109 terra,
827 5036 920 5100 nobis
941 5043 1053 5101 tamon
1075 5057 1162 5099 unus
1184 5047 1234 5100 est
1251 5039 1352 5115 Deus,
1377 5061 1420 5103 ex
1472 5038 1609 5120 (11813,
1636 5034 1680 5118 6),
1706 5056 1805 5118 surge
1833 5044 1866 5100 81
1892 5037 2030 5100 ambula.
2076 5039 2151 5102 Non
2179 5040 2301 5102 mirum
2321 5058 2400 5122 ergo
2423 5039 2453 5104 si

441 5130 504 5208 quo
526 5129 645 5174 omme.
691 5113 744 5178 Ex
767 5117 879 5183 eodem
901 5143 957 5186 ore
983 5142 1085 5203 quum
1114 5121 1285 5189 audiamus
1308 5123 1419 5188 Deum
1471 5121 1629 5185 miracula
1663 5142 1724 5185 sua
1756 5121 1910 5186 obiecerit
1941 5120 2109 5202 Christus,
2148 5125 2190 5189 ad
2217 5123 2452 5190 revincendam

439 5217 475 5258 1n
498 5215 596 5261 carne
617 5199 861 5267 manifestatum
868 5229 876 5285 ;
904 5208 1014 5272 Deum
1042 5229 1100 5272 sno
1125 5209 1287 5292 sanguine
1308 5212 1419 5292 acqui·
1471 5208 1667 5272 Iudaeorum
1689 5207 1966 5287 incredulitatem,
2000 5216 2113 5294 utpote
2136 5232 2219 5293 8888
2241 5211 2363 5276 virtute
2380 5209 2453 5275 eius

441 5281 1106 5382 81888881118881881881(181.20,28);
1133 5294 1211 5376 quid
1239 5296 1420 5362 secundum
1472 5294 1573 5371 edita,
1605 5292 1843 5374 amplissimum
1871 5293 2052 5361 divinitatis
2085 5297 2307 5362 testimonium
2335 5294 2453 5360 redde·

440 5367 552 5467 Deum
568 5369 797 5454 imaginamur,
827 5396 923 5456 quem
944 5378 1001 5443 ille
1020 5401 1228 5463 nequaquam
1251 5381 1419 5464 agnoscit?
1471 5380 1551 5444 bant
1572 5380 1702 5462 (Ioann.
1723 5385 1751 5458 5,
1772 5383 1812 5442 36
1842 5386 2007 5460 8114,11
2038 5384 2229 5466 811037).
2273 5382 2454 5447 Ρ88818888

440 5451 488 5549 111
508 5456 643 5520 minime
665 5454 800 5522 dubium
822 5468 872 5525 881
892 5464 971 5543 quin
988 5464 1074 5528 idem
1097 5467 1160 5549 piis
1177 5467 1329 5533 omnibus
1350 5469 1421 5532 fue·
1472 5467 1500 5531 si
1522 5472 1617 5531 extra
1637 5466 1747 5529 Deum
1769 5466 2055 5545 8811888188188,
2082 5468 2334 5547 8811818811118,
2357 5468 2453 5533 nulla

441 5543 488 5600 rrt
520 5560 644 5604 sensus.
695 5543 839 5610 Thomas
871 5555 959 5613 certe
992 5550 1143 5616 similiter
1174 5552 1355 5618 Dominum
1388 5562 1422 5617 81
1471 5553 1553 5630 vita,
1588 5550 1742 5616 Christus
1770 5559 1879 5617 autem
1906 5554 1943 5616 in
1971 5575 2006 5621 se
2043 5554 2124 5619 haec
2151 5555 2263 5618 omnia
2294 5554 2451 5632 continet,

441 5622 552 5687 Deum
563 5646 660 5691 suum
671 5637 782 5712 aperto
798 5632 1016 5715 praedicando
1039 5635 1167 5720 (Ioann.
1187 5643 1237 5719 20,
1257 5639 1323 5725 28),
1346 5641 1421 5704 881-
1471 5640 1563 5703 Ι)888
1589 5645 1677 5703 88818
1705 5637 1896 5702 ostenditur.
1940 5639 2055 5720 Neque
2080 5639 2165 5703 mihi
2185 5641 2348 5723 quispiam
2370 5640 2453 5705 obii·
