5600 6809
385 817 388 827 ·
422 787 491 850 555
693 842 696 847 .
1073 777 1338 880 meminero
1360 777 1466 844 nnn.
1488 775 1670 842 5515155.
1697 778 1790 842 5555.
2373 783 2436 844 555

428 976 565 1039 manuel
592 991 643 1036 cor
664 970 818 1050 obstipum
845 973 873 1031 et
891 968 1016 1042 malitia
1036 962 1205 1050 turqidum.
1247 966 1407 1032 'Videmus
1457 963 1662 1045 paucissimis
1684 965 1756 1029 fieri
1776 965 1896 1046 poterit
1913 986 2111 1048 percurram,
2134 965 2212 1048 quia
2231 968 2341 1031 omnia
2361 990 2437 1050 per-

428 1066 532 1126 tamen
559 1063 594 1121 ut
620 1056 711 1121 Deus
737 1055 780 1119 ad
807 1054 999 1119 obnuntiare
1022 1055 1171 1132 flectatur.
1217 1052 1405 1135 Respomleo,
1459 1050 1551 1130 sequi
1571 1050 1699 1115 animus
1717 1071 1783 1114 nou
1801 1059 1859 1128 est,
1881 1050 1923 1115 55
1945 1051 1999 1117 hic
2016 1052 2107 1129 liber,
2131 1074 2228 1134 quem
2250 1052 2291 1116 551
2308 1052 2434 1120 diremi·

430 1148 476 1210 sic
507 1143 663 1208 interdum
695 1141 860 1221 hypocritis
886 1140 975 1220 porci
1002 1140 1044 1202 ad
1073 1145 1207 1220 tempus,
1239 1144 1274 1202 ut
1305 1144 1408 1202 tanna
1459 1135 1672 1216 compendium
1693 1142 1802 1217 aptare
1824 1137 1937 1215 studeo,
1959 1138 1995 1201 in
2016 1137 2212 1202 immensum
2231 1139 2433 1206 extrahatur.
2523 1170 2527 1178 =

430 1250 550 1311 semper
576 1228 643 1291 51115
670 1226 827 1290 incumbat
853 1226 906 1289 ira
926 1223 1007 1305 1151,·
1035 1225 1131 1305 idque
1156 1224 1229 1306 fieri
1255 1245 1317 1289 non
1332 1229 1408 1286 'tam
1459 1221 1506 1284 Et
1532 1220 1582 1283 illi
1610 1242 1679 1285 rem
1708 1222 1826 1304 alioqui
1855 1244 1920 1286 non
1942 1223 2037 1288 valde
2058 1224 2249 1305 implicitam
2272 1228 2435 1292 1515515-

430 1336 537 1382 eorum
565 1313 674 1395 qratia
705 1331 800 1391 quam
831 1312 865 1373 15
896 1330 1055 1374 555555555
1085 1310 1267 1389 exemplum.
1320 1309 1408 1374 Nam
1460 1306 1604 1370 minibus
1625 1306 1851 1385 involverunt,
1876 1315 1914 1371 ut
1936 1330 2002 1372 non
2024 1310 2153 1375 futurus
2175 1312 2217 1374 sit
2238 1311 2341 1376 facilis
2365 1314 2434 1376 exi·

431 1402 514 1484 quod
534 1400 677 1480 mitiputa
697 1398 880 1478 luitpoena
899 1397 964 1475 ipsi
982 1395 1099 1472 Achab,
1120 1415 1215 1474 quam
1236 1395 1411 1459 1551551111-
1461 1397 1523 1468 tus,
1547 1392 1575 1454 si
1593 1399 1625 1455 te
1643 1392 1779 1474 paulum
1795 1395 1831 1457 in
1849 1415 1961 1458 eorum
1978 1395 2082 1460 faeces
2099 1395 2305 1462 immerseris.
2334 1398 2434 1462 Prin·
2470 1457 2472 1461 ,

430 1489 523 1551 151515
545 1489 749 1564 consequutus
770 1488 815 1547 est
836 1482 901 1544 nisi
927 1486 962 1544 ut
983 1502 1052 1546 cam
1073 1482 1163 1544 51555
1185 1483 1220 1544 15
1242 1486 1326 1544 terra
1348 1500 1409 1545 non
1461 1478 1554 1558 sipia,
1577 1477 1613 1540 in
1635 1477 1742 1542 danda
1762 1478 1949 1543 definitione
1961 1481 2057 1562 plane
2071 1483 2249 1545 ostendunt
2265 1505 2432 1566 nunquam

432 1570 585 1637 sentiret?
630 1569 716 1650 Erpa
748 1567 812 1631 Ilei
844 1567 1032 1645 maledictio,
1066 1567 1210 1646 quamvis
1242 1569 1407 1644 recondita,
1462 1583 1497 1627 55
1509 1563 1709 1628 intellexisse
1725 1564 1803 1645 quid
1820 1572 1906 1629 esset
1915 1567 2124 1647 poenitentia.
2153 1568 2328 1650 Arripiunt
2345 1572 2433 1634 enim

431 1657 532 1738 pinam
549 1656 658 1718 babuit
674 1654 774 1718 sedem
792 1655 827 1716 in
844 1653 913 1717 eius
930 1653 1035 1731 domo,-
1052 1653 1120 1732 ipse
1139 1655 1295 1716 55155515
1312 1658 1410 1716 acter-
1463 1647 1623 1730 quaedam
1647 1670 1665 1712 5
1683 1648 1775 1714 libris
1794 1657 1942 1714 veterum
1961 1651 2114 1732 dicteria,¹
2125 1652 2149 1735 ¹)
2171 1675 2255 1735 quae
2273 1655 2339 1718 vim
2357 1677 2434 1737 poc-

431 1763 509 1806 num
527 1741 657 1805 esitium
673 1740 822 1821 peruenit
855 1738 944 1803 Idem
965 1739 1070 1802 uidere
1090 1738 1188 1800 estin
1205 1737 1305 1803 Esau.
1335 1737 1411 1801 Etsi
1459 1735 1619 1798 ‘nitentiae
1640 1736 1775 1799 minime
1788 1736 1990 1817 exprimunt:
2013 1737 2098 1818 quad
2110 1740 2276 1820 poenitere
2288 1741 2434 1804 5115515-

433 1829 516 1892 em'm
536 1826 696 1906 repulsam
713 1844 831 1904 passus
852 1830 905 1900 est,
928 1823 1108 1903 temporalis
1124 1828 1226 1886 tamen
1245 1822 1410 1886 benedictio
1462 1828 1535 1884 acta
1556 1829 1689 1902 peccata
1706 1819 1834 1899 deflere,
1856 1829 1890 1884 51
1901 1820 2008 1885 fienda
2018 1825 2304 1888 noncommittere.
2338 1827 2434 1904 Item,

432 1932 573 1977 concessa
593 1911 658 1990 fuit
678 1910 746 1973 eius
767 1909 914 1990 lacrymis
935 1909 1034 1992 (Gen.
1055 1912 1111 1985 27,
1133 1910 1197 1990 38).
1244 1908 1306 1972 Sed
1333 1910 1410 1989 quia
1463 1904 1548 1987 quod
1580 1906 1623 1970 sit
1655 1906 1742 1969 mala
1772 1907 1950 1989 praeterita
1981 1908 2152 1992 plangere,
2187 1917 2221 1973 et
2252 1911 2439 1993 plangenda

434 1997 617 2079 spiritualis
648 1995 824 2058 baereditas
843 2015 880 2057 55
902 1992 965 2057 Dei
988 1993 1110 2058 oraculo
1138 2014 1199 2056 555
1226 1995 1291 2056 5151
1314 2015 1411 2074 penes
1462 1991 1582 2054 iterum
1613 2011 1680 2054 non
1713 1992 1922 2055 committere.
1967 1993 2066 2071 Item,
2097 1994 2181 2075 quod
2209 1996 2253 2060 sit
2279 1995 2439 2077 quaedam

433 2103 531 2146 unum
563 2101 601 2144 555
631 2081 785 2161 fratribus
817 2080 953 2143 residere
974 2084 1109 2160 poterat,
1143 2080 1218 2143 dum
1241 2081 1410 2160 praete-rito
1463 2075 1575 2139 dolens
1603 2076 1762 2155 vindicta,
1789 2078 1929 2158 puniens
1956 2078 1992 2140 in
2020 2099 2054 2142 se
2080 2078 2165 2161 qued
2195 2080 2282 2149 dolet
2303 2082 2438 2145 commi·

434 2168 527 2232 Esau
554 2167 663 2230 electus
692 2170 736 2229 est
763 2164 870 2242 Iacob,
898 2165 1051 2228 abdicatio
1078 2165 1136 2228 illa
1162 2166 1411 2229 misericordiam
1463 2162 1551 2225 sisse.
1596 2162 1697 2240 Item,
1737 2162 1823 2244 qued
1855 2163 1898 2226 sit
1931 2161 2022 2227 dolor
2054 2164 2161 2229 cordis
2193 2175 2226 2229 et
2251 2167 2437 2231 amaritudo

433 2252 666 2330 115155515511,
690 2250 837 2314 solatium
866 2249 920 2313 1555
941 2249 1175 2331 qaasibomini
1196 2250 1328 2314 15115155
1349 2251 1412 2331 fuit
1463 2248 1592 2310 animae
1614 2268 1672 2328 pro
1694 2247 1805 2326 malis,
1828 2269 1912 2328 quae
1933 2250 2069 2332 quisque
2090 2252 2266 2329 commisit,
2290 2252 2342 2316 vel
2366 2253 2437 2335 qui·
2479 2322 2482 2334 ‚

432 2339 610 2414 residuum,
643 2341 677 2398 nt
704 2336 893 2417 pinquedine
920 2340 1021 2399 155555
1047 2341 1075 2398 51
1100 2356 1171 2399 rore
1192 2337 1265 2400 coeli
1287 2338 1412 2417 supina
1463 2332 1524 2395 bus
1557 2334 1767 2416 consensit.²)
1811 2332 1904 2398 Haec
1937 2336 2023 2418 enim
2055 2342 2093 2397 ut
2124 2357 2144 2399 a
2174 2338 2322 2418 patribus
2354 2339 2438 2402 bene

434 2429 530 2488 retur.
573 2423 677 2502 Atque
705 2421 740 2485 id
767 2426 810 2484 est
836 2421 918 2500 quod
945 2442 1045 2502 nuper
1072 2422 1142 2484 dini
1169 2423 1211 2485 ad
1239 2422 1412 2501 eaencplum
1464 2416 1550 2482 dicta
1577 2417 1796 2482 concedamus
1818 2418 1919 2503 (quod
1946 2421 2080 2483 infitiari
2103 2430 2213 2486 tamen
2236 2425 2438 2487 contentioso

435 2511 571 2573 aliorum
590 2503 705 2586 referri
726 2506 844 2583 debere,
867 2527 924 2587 quo
947 2508 1086 2571 alacrius
1106 2501 1149 2570 ad
1169 2508 1324 2570 sinceram
1340 2503 1413 2587 pcc-
1464 2502 1595 2566 difficile
1616 2523 1683 2566 nun
1701 2504 1810 2587 esset),
1832 2526 1897 2568 non
1919 2506 2088 2570 tamenin
2110 2527 2182 2570 eam
2203 2517 2330 2590 partem
2353 2509 2437 2573 dice-

435 2595 599 2658 nitcntiam
622 2592 756 2656 adiicere
777 2593 898 2655 animos
925 2597 952 2655 et
978 2593 1084 2656 5155115
1105 2597 1213 2655 555155
1235 2593 1412 2656 discamus:
1464 2589 1585 2652 bantur
1605 2600 1643 2652 ut
1662 2590 1895 2670 poenitentiam
1918 2589 2146 2671 describerent,
2170 2594 2227 2657 sed
2249 2602 2376 2658 tuntum
2401 2602 2439 2657 ut

436 2681 513 2761 quia
544 2679 673 2741 minime
699 2677 904 2741 dubitandum
932 2683 1070 2741 5515555
1097 2682 1125 2741 51
1151 2698 1188 2740 en
1211 2678 1317 2753 eninm
1344 2697 1412 2742 con
1464 2694 1538 2737 sues
1561 2674 1773 2738 hortarentur
1800 2696 1841 2738 ne
1868 2676 1904 2738 in
1926 2675 2039 2740 eadem
2063 2677 2181 2742 delicta
2201 2701 2333 2743 rursum
2356 2681 2437 2744 inci·

435 2765 535 2828 555515
558 2762 662 2827 Deum
686 2763 753 2842 fore
777 2764 820 2827 ad
839 2763 1054 2845 ipnosccndum
1074 2763 1211 2842 facilem,
1240 2765 1330 2826 cuius
1358 2763 1420 2827 de·-
1465 2758 1579 2821 dereut
1611 2780 1631 2820 a
1662 2761 1779 2841 quibus
1813 2762 1951 2825 extracti
1982 2770 2103 2834 erant,
2141 2762 2237 2844 Quod
2271 2766 2297 2830 51
2332 2766 2437 2847 elogia

435 2851 550 2913 mentia
577 2870 609 2913 se
636 2848 677 2912 nd
704 2849 848 2930 indipnos
875 2869 972 2928 usque
1000 2848 1148 2926 contendit,
1179 2850 1255 2912 dum
1287 2848 1413 2929 aliquid
1463 2844 1645 2909 istiusmodi
1673 2846 1783 2909 omnia
1810 2847 1845 2908 in
1873 2845 2077 2912 definitiones
2105 2860 2293 2914 convertere
2320 2852 2433 2932 placet,

435 2935 649 3015 displicentiae
668 2954 751 3013 prae
772 2954 804 2996 se
824 2932 937 3014 115551.
981 2933 1104 2998 Eadem
1131 2935 1225 2997 etiam
1246 2935 1413 3015 55555515-
1464 2929 1527 2993 alia
1550 2951 1677 3011 quoque
1699 2952 1765 2994 555
1787 2932 1903 2994 minori
1926 2933 1998 2997 iure
2016 2933 2175 2999 assuenda
2192 2944 2294 2998 erant.
2330 2934 2435 3014 Quale

435 3041 538 3085 oemur
558 3040 653 3099 quam
675 3017 823 3083 horribile
840 3018 993 3082 indicium
1007 3020 1205 3100 praefractos
1222 3040 1324 3084 555555
1346 3040 1412 3082 ma
1463 3024 1514 3079 est
1535 3015 1596 3079 hoc
1610 3016 1850 3099 Clrrysostnmi:
1873 3019 2073 3098 poenitentia
2091 3028 2141 3084 est
2162 3019 2435 3084 medicamentum

434 3111 519 3182 neat,
553 3105 664 3185 quibus
690 3103 754 3168 Dei
782 3105 886 3167 551555
913 3104 1054 3186 improba
1089 3106 1190 3187 trente
1215 3126 1277 3169 555
1304 3108 1412 3169 minus
1463 3109 1633 3183 peceatum
1655 3102 1877 3185 exstinguens,
1901 3102 2022 3167 donum
2040 3104 2307 3179 coelitusdatnm
2331 3107 2435 3169 virtus

433 3211 529 3273 quam
551 3191 639 3254 corde
655 3191 757 3270 ferreo
777 3210 920 3270 spernere
942 3196 969 3253 et
984 3211 1047 3269 pro
1064 3189 1163 3254 5115115
1184 3191 1295 3254 ducere
1317 3192 1412 3255 ludus
1464 3185 1679 3264 admirabilis,
1699 3189 1805 3270 gratia
1824 3189 1891 3253 vim
1911 3189 2021 3272 legum
2040 3210 2206 3274 superans.
2239 3190 2333 3255 Adde
2351 3189 2437 3272 qued

436 3281 487 3340 est.
533 3274 576 3338 In
602 3275 683 3338 15555
711 3276 835 3356 modum
856 3295 948 3354 saepe
966 3276 1048 3354 [11115
1070 3275 1173 3339 Israel
1193 3297 1321 3340 manum
1337 3297 1412 3356 por-
1464 3271 1624 3349 doctrina,
1645 3293 1752 3353 quam
1780 3283 1900 3356 postea
1921 3274 2071 3353 tradunt,
2103 3275 2169 3340 11115
2196 3274 2438 3340 definitionibus

342 3413 345 3423 .
433 3362 518 3425 'ren-it
549 3362 592 3425 ad
624 3361 772 3425 locandas
803 3380 909 3424 corum
941 3360 1055 3438 clades,
1092 3362 1237 3441 quamuis
1268 3361 1412 3425 simulati
1464 3369 1514 3420 est
1541 3355 1710 3438 aliquanto
1739 3356 1887 3423 deterior.
1934 3359 1990 3425 sic
2016 3362 2102 3425 enim
2132 3371 2210 3426 sunt
2236 3364 2272 3425 in
2294 3361 2438 3426 externis

436 3452 659 3512 555551555555
682 3448 843 3523 5155555555,
866 3446 1040 3526 duplaeque
1061 3451 1088 3510 et
1104 3446 1248 3527 perfidus
1268 3448 1412 3525 animum
1464 3442 1627 3507 exercitiis
1648 3443 1811 3508 mordicus
1830 3445 1933 3524 infixi,
1959 3454 1998 3509 ut
2018 3447 2103 3511 nihil
2125 3446 2213 3511 aliud
2236 3470 2277 3511 ex
2299 3448 2438 3510 immen-

436 3534 516 3597 siout
538 3534 604 3612 ipse
625 3534 661 3594 15
685 3532 812 3596 Psalmo
833 3533 905 3616 (78,
925 3534 974 3594 36.
996 3535 1051 3614 37)
1072 3533 1283 3613 conqueritm,
1305 3534 1412 3596 statim
1463 3528 1509 3593 sis
1539 3527 1759 3594 voluminibus
1798 3530 1932 3613 colligas
1971 3553 2070 3614 quam
2098 3533 2334 3615 poenitentiam
2368 3553 2437 3596 esse

437 3618 480 3682 ad
506 3619 665 3700 inpeninm
690 3619 791 3698 fuisse
822 3637 966 3682 55555555.
1010 3617 1112 3700 Atque
1144 3620 1190 3681 ita
1221 3618 1317 3681 noluit
1347 3622 1412 3681 tam
1464 3613 1667 3695 disciplinam
1689 3621 1721 3679 51
1743 3616 1982 3694 austeritatem,
2010 3638 2094 3699 quae
2115 3621 2237 3700 partim
2260 3618 2478 3682 domandae·

437 3705 540 3767 amica
560 3703 709 3782 facilitate
730 3703 772 3766 ad
793 3704 910 3766 seriam
931 3705 1157 3768 conversionem
1179 3724 1228 3767 eos
1249 3704 1411 3782 adducere,
1464 3699 1565 3776 sarni,
1591 3700 1712 3780 partim
1730 3700 1928 3783 castigandis
1944 3703 2181 3785 puniendisque
2199 3706 2287 3769 vitiis
2305 3705 2438 3781 servium

437 3788 484 3851 uel
516 3789 642 3851 reddere
668 3788 900 3852 inaccusabiles.
945 3789 1053 3870 Neque
1078 3795 1194 3866 tamen,
1222 3809 1343 3871 5555555
1369 3789 1413 3852 ad
1463 3784 1504 3848 de
1530 3784 1677 3847 interiori
1703 3787 1821 3850 mentis
1851 3789 2076 3867 renovatione,
2106 3810 2189 3871 quae
2215 3811 2328 3854 veram
2353 3790 2439 3852 vitae

437 3877 556 3952 tempus
574 3875 762 3952 remittendo,
774 3880 959 3955 perpetuam
977 3874 1039 3938 sibi
1058 3876 1151 3957 tepem
1168 3875 1315 3955 imponit,·
1335 3876 1413 3956 quin
1464 3870 1696 3935 correctionem
1728 3892 1839 3936 secum
1872 3873 1988 3952 trahit,
2018 3875 2140 3937 mirum
2164 3876 2340 3939 silentium.
2389 3874 2440 3939 115

432 3960 543 4038 potius
563 3959 698 4022 seuerius
725 3961 882 4024 interdum
904 3966 1010 4025 eontra
1030 3960 1205 4042 loppocritas
1227 3962 1362 4043 insurqit
1384 3965 1413 4024 ot
1464 3955 1643 4020 muntem
1670 3958 1795 4037 quidem
1822 3962 1849 4021 et
1877 3961 2033 4024 attritione
2053 3961 2171 4023 multus
2199 3961 2286 4042 apud
2306 3981 2356 4024 cos
2377 3980 2440 4023 555-

431 4063 553 4124 poenas
582 4043 734 4122 duplicat,
763 4050 798 4108 ut
826 4047 899 4109 inde
917 4052 1069 4126 appareat
1089 4051 1276 4126 quantopere
1299 4047 1328 4110 ei
1349 4047 1413 4110 5115-
1464 4061 1530 4121 mo,·
1556 4041 1664 4105 multis
1690 4042 1848 4124 scrupulis
1875 4047 2001 4111 animas
2030 4044 2178 4126 torquent,
2213 4053 2241 4110 et
2262 4047 2440 4127 plurimum

432 4128 549 4210 plicent
575 4129 665 4207 petto.
713 4129 773 4192 Sed
799 4130 966 4209 quaedam,
999 4132 1128 4196 utiam
1155 4132 1240 4210 51151,
1273 4132 1412 4213 exempla
1463 4126 1619 4191 5551551155
1650 4133 1679 4191 51
1711 4130 1883 4194 antidotis
1914 4133 2074 4215 15955551,Ι
2106 4133 2159 4195 sed
2190 4132 2244 4193 nbi
2276 4131 2338 4193 cisi
2366 4135 2444 4191 5551

431 4215 555 4294 profert
575 4234 651 4277 suae
672 4215 715 4278 ad
733 4216 871 4279 dandam
892 4218 1016 4280 ueniam
1031 4218 1262 4298 propensionis,
1284 4239 1322 4282 ea
1339 4218 1413 4300 qui·
1464 4213 1557 4278 eorda
1579 4215 1707 4293 pondus
1734 4216 1929 4295 5515555555,
1959 4219 2019 4282 leui
2046 4218 2306 4280 caeranoniarunt
2334 4234 2438 4292 aspor-

436 4300 494 4362 bns
517 4301 569 4381 pii
597 4301 774 4364 animentur
802 4302 844 4364 ad
871 4303 952 4386 citae
973 4305 1200 4381 emrectionem,
1228 4308 1256 4367 et
1281 4305 1413 4386 9555155
1464 4300 1549 4364 515555
1569 4304 1663 4363 totam
1684 4302 1927 4366 amaritudinem
1947 4307 2067 4368 sanant.
2108 4301 2346 4365 Paenitentiam
2369 4309 2437 4359 tam

437 4385 601 4449 donaretur
628 4406 733 4449 eorum
755 4387 918 4465 superbia,
946 4388 1003 4467 qui
1021 4393 1167 4469 proterm
1188 4388 1337 4455 5515555555
1359 4389 1414 4453 511-
1465 4393 1580 4467 argute
1603 4385 1785 4465 definitam,
1812 4389 1847 4451 in
1870 4389 2097 4453 contritionem
2118 4385 2237 4461 cordis,
2260 4382 2435 4447 cenfessio-

436 4473 560 4536 mulum
582 4473 752 4536 calcitrant.
1464 4491 1540 4534 nem
1562 4471 1642 4549 oris,
1663 4472 1915 4537 satisfactionem
1937 4473 2043 4555 operis
2064 4471 2265 4552 partiuntur,
2278 4470 2306 4550 ³)
2332 4468 2435 4532 nihilo

1464 4555 1570 4639 magis
1599 4556 1767 4622 dialectice
1793 4579 1892 4639 quam
1919 4558 2114 4622 definierunt
2120 4579 2128 4634 ;
2161 4556 2220 4618 etsi
2249 4555 2350 4617 videri
2380 4576 2437 4617 vo-

1037 4698 1045 4734 ,
1464 4641 1539 4705 lunt
1560 4649 1662 4705 totam
1680 4649 1819 4706 aetatem
1837 4643 1871 4705 in
1889 4643 2085 4727 syllogismis
2107 4640 2319 4705 contexendis
2337 4639 2438 4702 detri-

789 4692 939 4759 OAPUT
961 4694 1022 4760 IV·
1048 4695 1061 4779 )
1466 4727 1560 4792 visse.
1591 4727 1718 4790 Verum
1740 4729 1769 4792 si
1790 4728 1861 4824 quis
1879 4728 2096 4824 adefiuitiene
2106 4726 2319 4824 ratiocinetur
2336 4724 2438 4809 (quod

439 4833 580 4939 auam
600 4836 749 4946 ree
772 4836 884 4918 abe
912 4838 965 4918 ab
992 4837 1204 4948 ceneri
1225 4837 1413 4947 eriere
1465 4810 2333 4978 5555551511515555.
2344 4832 2438 4961 aar?

439 4954 644 5063 quidquid
675 4956 727 5036 de
750 4957 1011 5066 poenitentia
1041 4957 1239 5068 garriunt
1270 4957 1413 5066 sophi·
1464 4982 1609 5060 mittere;
1640 5001 1734 5063 posse
1765 4977 1944 5065 praeterita
1975 4983 2063 5047 mala
2095 4983 2251 5067 plangere
2284 4992 2318 5046 et
2344 4983 2438 5063 plau·

438 5085 529 5157 stae
559 5075 603 5156 in
634 5076 720 5157 suis
753 5076 926 5184 schelis3
965 5077 1040 5159 ubi
1070 5077 1122 5157 de
1154 5076 1413 5157 confessione
1465 5065 1572 5150 ganda
1597 5088 1666 5130 non
1687 5067 1889 5170 commitam
1895 5092 1904 5149 ;
1932 5090 2026 5153 posse
2047 5071 2179 5151 punire,
2209 5067 2293 5151 quod
2316 5067 2439 5131 doleret

655 5208 700 5279 et
731 5196 1014 5279 satisfactione
1046 5196 1201 5306 agitur.
1466 5239 1667 5248 -‹---‹-

527 5368 553 5428 1.
597 5363 694 5428 Nunc
716 5362 813 5425 venio
835 5360 877 5425 ad
899 5361 1094 5428 excutienda
1114 5383 1154 5427 55
1174 5361 1315 5445 quaeda
1336 5383 1413 5444 poe*
1464 5338 1846 5465 Hbmllssdggfftlffiffll·a
1866 5340 1906 5463 11
1932 5342 2258 5474 fflfflffiffii
2276 5345 2304 5462 gt
2320 5339 2440 5461 2223:

438 5450 578 5514 nitentia
595 5448 780 5514 80110Ῑὸ81101
798 5447 963 5529 Β011111111110
980 5447 1196 5526 111111111θωῦ11
1216 5467 1298 5531 (11111θ
1315 5469 1414 5556 ‘luam
1464 5481 1527 5546 illic,
1546 5485 1575 5534 et
1590 5479 1620 5533 in
1637 5479 1715 5532 Deer.
1734 5479 1853 5532 distinct
1870 5477 1896 5532 3.
1915 5481 1949 5533 de
1967 5482 2067 5549 poenit
2086 5497 2108 5532 5
2124 5480 2228 5532 Poenit
2247 5479 2345 5546 priore.
2373 5478 2438 5529 'ler-

1465 5551 1533 5603 tium
1549 5548 1695 5618 Augustini
1715 5549 1834 5602 refertur
1849 5549 1907 5602 ead
1924 5549 2042 5602 distinct
2058 5565 2080 5602 c.
2093 5548 2197 5601 Poenit
2217 5552 2318 5616 poster.
2354 5547 2439 5608 Quar-

771 5690 774 5696 .
816 5685 822 5697 ,
886 5686 913 5697 ..
956 5685 961 5698 ³
1465 5626 1523 5673 tum
1540 5617 1681 5671 Ambrosii
1698 5617 1816 5669 retertur
1833 5617 1895 5669 dist.
1915 5617 1990 5698 Lde
2008 5634 2086 5698 poen.
2105 5634 2127 5670 c.
2145 5616 2220 5669 Vera
2237 5615 2338 5683 poenit
2407 5612 2438 5695 11)

508 5684 537 5752 1)
546 5685 643 5754 Refert
647 5685 835 5755 pretendentes
845 5684 974 5739 5515155555
983 5685 1074 5754 Cap]
1074 5685 1108 5740 X.
1119 5689 1142 5753 §-
1150 5686 1254 5741 14-37
1266 5693 1292 5742 51
1301 5685 1412 5743 44—59.
1465 5689 1539 5744 Libr.
1557 5686 1583 5740 1
1601 5691 1669 5740 sent
1681 5683 1723 5738 16.
1741 5701 1763 5738 a
1774 5685 1798 5737 1.
1817 5685 1851 5738 de
1867 5690 1968 5754 poenit
1987 5683 2139 5740 5155155511.
2156 5701 2180 5738 5.
2195 5684 2321 5738 Perfecta
2337 5687 2437 5753 poenit

671 5828 778 5898 ’11
