5600 6809
400 771 462 833 429

393 964 476 1031 fides
508 956 639 1038 debeat,
678 959 789 1023 nullus
827 956 1012 1039 ambigendi
1047 957 1136 1024 locus
1169 960 1372 1041 relinquitur.

396 1051 483 1116 Nam
506 1047 603 1128 quali,
627 1046 768 1121 obsecro,
790 1042 909 1107 fiducia
930 1043 1140 1116 armabimur,
1164 1046 1190 1110 si
1215 1046 1275 1110 hac
1297 1067 1374 1110 con-

398 1136 521 1201 ditione
549 1132 797 1207 ratiocinemur,
832 1127 940 1192 Deum
969 1149 1039 1193 esse
1067 1131 1162 1217 nobis
1188 1133 1373 1213 propitium,

397 1221 494 1287 modo
516 1222 562 1282 ita
584 1219 671 1281 vitae
686 1227 823 1280 <nostrae
845 1215 970 1297 puritas
987 1215 1174 1280 mereatur?
1210 1215 1276 1281 Sed
1294 1238 1374 1298 quo-

399 1308 488 1373 niam
512 1305 564 1369 his
585 1300 766 1367 tractandis
788 1321 884 1365 suum
906 1299 1013 1364 locum
1035 1300 1280 1379 destinavimus,
1303 1303 1374 1367 lou-

400 1395 473 1477 gius
502 1412 567 1455 non
590 1408 824 1471 prosequemur
843 1386 878 1449 in
900 1406 1070 1467 praesens;
1098 1409 1196 1470 quum
1225 1410 1374 1470 praeser-

396 1479 458 1543 tim
481 1475 609 1542 abunde
630 1474 762 1555 liqueat,
785 1471 863 1536 fidei
884 1471 967 1534 nihil
990 1494 1060 1536 esse
1081 1476 1187 1556 magis
1200 1474 1373 1538 adversum

397 1581 495 1648 quam
523 1561 577 1626 vel
604 1561 838 1634 coniecturam,
862 1557 918 1644 vel
941 1557 1029 1622 aliud
1056 1559 1220 1641 quidpiam
1245 1559 1373 1624 dubita·

395 1650 476 1714 tioni
500 1648 605 1712 affine.
638 1647 689 1710 Ac
710 1643 850 1727 pessime
872 1643 936 1707 huc
955 1643 1147 1726 detorquent
1158 1645 1374 1710 Ecclesiastae

399 1735 453 1820 (9,
476 1733 508 1819 1)
532 1732 769 1807 testimonium,
793 1727 878 1810 quod
901 1727 1079 1793 identidem
1102 1731 1136 1794 in
1159 1751 1215 1794 ore
1238 1731 1372 1796 habent:

398 1842 496 1886 nemo
524 1820 586 1884 scit
605 1828 719 1881 utrum
748 1814 821 1880 odio
850 1812 969 1896 dignus
997 1816 1041 1879 sit
1062 1837 1104 1880 an
1125 1838 1242 1880 amore.
1287 1817 1374 1880 Nam

396 1915 434 1971 ut
464 1916 667 1990 praeteream
700 1902 788 1966 hunc
820 1900 929 1964 locum
959 1901 995 1964 in
1022 1901 1152 1984 vulgari
1179 1903 1372 1984 interpreta-

397 1994 486 2057 tione
514 1988 667 2055 mendose
694 1986 873 2060 redditum,
907 1985 1009 2050 latere
1041 1988 1226 2052 101110111οΙ
1256 2009 1373 2071 pueros

396 2079 485 2163 ipsos
514 2098 578 2141 non
607 2081 730 2158 potest,
763 2071 842 2154 quid
870 2071 1028 2136 eiusmodi
1060 2073 1168 2138 verbis
1200 2074 1261 2137 sibi
1295 2074 1373 2138 velit

396 2163 538 2231 Solomo.
583 2161 724 2242 Nempe,
758 2159 785 2222 si
808 2158 880 2239 quis
907 2177 928 2220 a
946 2152 1118 2239 'praesenti
1145 2180 1255 2223 rerum
1284 2168 1371 2224 statu

398 2270 530 2316 censere
570 2246 651 2312 velit
682 2265 763 2327 quos
797 2243 870 2307 01110
902 2260 1117 2325 prosequatur
1147 2245 1254 2322 Deus,
1292 2267 1372 2327 quos

397 2356 506 2401 amore
528 2332 776 2414 complectatur,
805 2350 879 2393 eum
907 2329 1031 2393 frustra
1051 2330 1199 2394 laborare
1226 2352 1264 2396 ac
1283 2332 1373 2395 nullo

396 2442 513 2504 operae
533 2419 638 2501 pretio
649 2415 807 2498 torqueri;
829 2436 928 2496 quum
951 2417 1061 2479 omnia
1081 2417 1205 2498 pariter
1221 2418 1374 2481 eveniant

397 2508 483 2571 iusto
512 2513 546 2569 et
573 2505 689 2586 impio,
717 2500 899 2565 immolanti
925 2501 1076 2567 victimas
1105 2510 1138 2566 et
1166 2522 1232 2566 non
1255 2502 1371 2566 immo·

396 2592 487 2657 lanti.
532 2589 630 2656 Unde
655 2589 816 2669 sequitur,
846 2588 954 2650 Deum
979 2609 1045 2650 non
1073 2588 1188 2651 testari
1215 2599 1372 2670 perpetuo

397 2697 543 2751 amorem
566 2695 662 2739 suum
687 2674 804 2756 quibus
826 2673 937 2736 omnia
957 2672 1129 2738 succedere
1151 2694 1304 2755 prospere
1326 2674 1373 2736 fa·

396 2765 457 2840 oit;
481 2781 586 2843 neque
607 2760 718 2824 odium
740 2779 836 2823 suum
857 2758 893 2820 in
914 2779 968 2823 eos
990 2779 1118 2840 semper
1134 2758 1271 2840 prodere
1292 2780 1374 2841 quos

397 2849 521 2930 affligit.
567 2845 670 2928 quue
699 2845 776 2909 facit
806 2843 848 2907 ad
877 2843 1056 2908 vanitatem
1084 2844 1217 2909 humani
1249 2844 1374 2928 ingenii

397 2931 615 3017 arguendam
638 2951 740 3012 quum
760 2931 795 2992 in
817 2929 914 2993 rebus
932 2932 1015 2993 scitu
1027 2931 1169 2994 marimo
1182 2930 1374 2996 necessariis

396 3026 491 3085 tanta
521 3016 718 3081 hebetudine
749 3024 908 3079 teneatur.
959 3013 1241 3094 Quemadmodum
1275 3015 1373 3097 paulo

397 3116 472 3171 ants
494 3103 670 3185 scripserat
686 3101 777 3185 (ibid.
797 3103 825 3178 3,
849 3101 911 3181 19),
934 3120 1000 3164 non
1021 3121 1116 3183 posse
1134 3099 1274 3164 discerni
1295 3100 1372 3182 qnid

397 3190 540 3255 hominis
578 3188 690 3252 anima
722 3186 852 3250 diffemt
884 3186 924 3250 ab
957 3187 1067 3250 anima
1098 3185 1247 3267 pecudis,
1287 3185 1373 3269 quod

398 3275 512 3342 eodem
539 3274 634 3339 modo
656 3272 786 3338 videtur
805 3271 950 3335 interire.
996 3269 1033 3337 Si
1055 3272 1128 3354 quis
1153 3271 1228 3336 inde
1250 3273 1372 3336 inferre

397 3363 491 3439 velit,
519 3361 589 3424 sola
610 3359 798 3425 coniectura
818 3357 894 3434 niti,
919 3378 1017 3439 quam
1040 3357 1081 3421 de
1104 3358 1288 3421 animorum
1310 3358 1372 3421 im-

395 3447 594 3512 mortalitate
616 3445 811 3510 seutentiam
833 3452 991 3520 tenemus,
1016 3464 1126 3508 annon
1148 3443 1283 3507 insanus
1304 3463 1372 3509 me-

396 3534 460 3597 rite
478 3530 658 3597 habeatur?
692 3531 749 3594 Au
769 3530 873 3613 igitur
895 3518 971 3594 sani
986 3541 1064 3594 sunt
1085 3531 1148 3608 isti,
1168 3530 1224 3610 qui
1247 3529 1372 3593 nullum

396 3638 467 3684 0000
498 3619 622 3703 gratiae
649 3615 715 3681 Dei
747 3615 976 3679 certitudinem
1008 3616 1180 3699 colligunt,
1218 3616 1372 3696 quoniam

395 3705 487 3769 nulla
513 3726 555 3767 ex
582 3703 708 3769 carnali
736 3722 847 3766 rerum
874 3702 1097 3784 praesentium
1124 3712 1257 3783 aspectu
1285 3722 1372 3766 oom-

394 3788 554 3874 prehendi
576 3787 701 3871 possit?

483 3879 532 3937 39.
570 3875 672 3956 Atqui
695 3873 887 3938 temerariae
908 3874 1181 3957 praesumptionis
1203 3892 1274 3938 esse
1296 3893 1372 3938 01111-

394 3967 520 4036 santur,
543 3957 760 4023 indubitatam
782 3959 962 4024 voluntatis
985 3958 1115 4023 divinae
1136 3960 1285 4023 notitiam
1309 3960 1372 4024 sibi

395 4066 559 4129 arrigere.
610 4044 651 4109 Id
679 4044 809 4127 quidem
839 4046 904 4110 illis
931 4045 1156 4123 concederem,
1186 4046 1213 4109 si
1240 4054 1371 4109 tantum

394 4133 489 4196 nobis
521 4151 725 4195 sumeremus
757 4140 795 4194 ut
825 4132 949 4214 ingenii
983 4132 1086 4194 nostri
1113 4131 1267 4194 tenuitati
1295 4129 1374 4194 sub-'

394 4219 492 4283 iicere
531 4216 690 4281 vellemus
727 4215 1055 4298 incomprehensibile
1088 4217 1150 4280 Dei
1191 4216 1370 4280 eonsilium.

396 4301 463 4369 Sed
491 4303 546 4368 ubi
576 4302 767 4384 simpliciter
792 4324 865 4368 eum
889 4303 994 4367 Paulo
1015 4303 1046 4379 (1
1070 4300 1192 4378 0012,
1217 4304 1269 4384 12)
1293 4301 1371 4367 dici-

396 4410 484 4467 mus,
515 4409 575 4453 11οο
597 4390 758 4471 accepisse
779 4410 846 4452 non
868 4389 1018 4471 spiritum
1043 4387 1141 4452 huius
1162 4386 1290 4467 mundi,
1314 4388 1371 4453 sed

396 4477 544 4558 spiritum
569 4476 623 4556 qui
646 4497 686 4538 ex
709 4474 780 4538 Deo
802 4485 861 4550 est,
884 4495 946 4558 quo
969 4472 1103 4538 docente
1126 4474 1266 4538 sciamus
1287 4496 1371 4557 quae

368 4562 508 4645 ¹aDco
539 4560 659 4625 donata
693 4573 771 4624 sunt
797 4560 905 4624 nobis:
939 4559 1016 4641 quid
1050 4570 1163 4623 contra
1190 4560 1370 4643 obgannire

395 4653 549 4730 possunt,
572 4648 648 4728 quin
672 4647 820 4728 spiritum
846 4648 909 4710 Dei
931 4646 1162 4711 contumeliose
1183 4645 1368 4711 incessant?

396 4719 494 4811 Quod
522 4732 548 4793 si
578 4729 617 4793 ab
645 4732 715 4812 ipso
743 4733 921 4814 profectam
949 4733 1179 4796 revelationem
1202 4733 1255 4797 101
1278 4752 1369 4797 men·

395 4816 488 4891 dacii,
513 4815 564 4877 vel
577 4816 825 4895 incertitudinis,
850 4819 1147 4902 velambiguitatis
1169 4818 1369 4896 insimulare,

340 4914 345 4921 '
394 4899 594 4966 horrendum
617 4911 667 4963 est
687 4903 902 4986 sacrilegium,
925 4905 958 4967 in
982 4902 1156 4969 asserenda
1176 4904 1370 4971 certitudine

396 4987 473 5070 quid
497 4986 737 5065 delinquimus?
781 4988 906 5053 Verum
930 4990 991 5054 hoc
1013 5012 1139 5072 quoque
1166 5012 1232 5055 non
1254 5014 1370 5057 vacare

395 5094 516 5156 magna
544 5070 726 5134 temeritato
754 5073 951 5151 exclamant,
982 5076 1068 5157 quod
1091 5077 1131 5140 do
1153 5077 1278 5143 Christi
1304 5080 1369 5162 spi-

396 5160 463 5223 ritu
485 5160 531 5223 sic
553 5155 710 5219 studemus
736 5156 877 5238 gloriari.
910 5158 993 5238 Quis
1015 5162 1127 5225 eredat
1149 5172 1275 5227 tantum
1299 5187 1369 5229 esse

395 5245 534 5311 istorum
556 5253 731 5323 stuporem,
755 5243 809 5322 qui
833 5244 919 5307 orbis
941 5247 1088 5327 magistri
1112 5249 1223 5313 haberi
1244 5250 1368 5326 10111111,

395 5344 433 5396 111
461 5333 495 5394 111
523 5329 638 5411 primis
660 5327 826 5411 religionis
848 5327 1017 5392 elementis
1044 5330 1123 5396 adeo
1145 5335 1286 5415 turpiter
1307 5337 1368 5399 im-

396 5415 555 5499 pingant?
589 5414 674 5478 Mihi
698 5428 785 5479 certe
807 5413 960 5478 credibile
982 5434 1045 5476 uon
1069 5429 1165 5493 essct,
1184 5421 1246 5482 nisi
1269 5433 1368 5484 testa-

396 5523 510 5566 rentur
536 5522 618 5582 quae
647 5509 779 5563 exstant
800 5521 912 5563 corum
936 5499 1065 5580 scripta.
1110 5500 1235 5564 Paulus
1257 5505 1366 5586 (Rom.

397 5592 431 5666 8,
457 5587 508 5669 14)
536 5607 592 5650 000
621 5585 752 5650 demum
778 5586 863 5649 filios
885 5585 949 5649 Dei
976 5605 1046 5649 esse
1074 5586 1279 5666 pronuntiat,
1313 5591 1367 5670 qui

397 5675 466 5740 eius
494 5673 610 5756 spiritu
633 5684 792 5756 aguntum
821 5671 857 5735 hi
878 5671 932 5755 agi
951 5669 1083 5754 proprio
1102 5671 1234 5754 spiritu,
1258 5672 1368 5739 divino

650 770 740 836 LIB.
762 769 826 834 ΙΠ.
869 768 933 834 ΒΕ
955 767 1091 834 MODO
1113 765 1464 836 PERCIPIENDAE
1486 764 1677 834 CHRISTI
1699 765 1917 833 assulas.
1962 767 2061 834 CAP.
2084 769 2148 834 ΠΙ.

2337 771 2402 834 430

1427 964 1537 1022 autem
1565 976 1687 1022 vacuos
1712 978 1783 1021 esse
1804 957 1935 1031 volunt,
1968 958 2023 1038 qui
2050 958 2118 1021 sint
2141 957 2201 1021 filii
2222 958 2295 1023 Dei.
2340 958 2402 1024 Ille

1427 1043 1537 1107 Deum
1560 1064 1579 1107 a
1602 1044 1696 1108 nobis
1717 1053 1843 1126 patrem
1867 1042 2025 1125 appellari
2051 1042 2144 1109 docet
2166 1043 2256 1128 (ibid.
2279 1066 2310 1109 v.
2338 1044 2400 1129 16),

1427 1130 1546 1212 spiritu
1568 1129 1667 1192 11110111
1686 1150 1796 1194 1000111
1818 1129 1968 1206 dictante,
1992 1131 2047 1210 qui
2068 1129 2157 1193 solus
2178 1131 2402 1195 testimonium

1427 1215 1563 1280 reddere
1585 1223 1693 1298 pote-st
1713 1215 1843 1297 spiritui
1867 1222 1987 1291 nostro,
2011 1215 2095 1296 quod
2114 1215 2173 1278 filii
2186 1216 2249 1278 Dei
2273 1239 2400 1295 sumus;

1427 1303 1461 1365 hi
1484 1306 1613 1366 tametsi
1642 1323 1662 1365 a
1685 1303 1747 1365 Dei
1770 1301 1976 1365 invocatione
2003 1322 2068 1363 non
2092 1309 2219 1378 arcent,
2248 1304 2402 1385 spiritum

1426 1397 1536 1452 tamen
1558 1388 1762 1462 abstrahunt,
1786 1388 1879 1450 euius
1903 1385 2003 1449 ductu
2021 1388 2082 1449 rite
2100 1386 2302 1453 invocandus
2320 1394 2400 1453 erat.

1425 1473 1487 1538 Ille
1510 1472 1635 1538 Christ-i
1659 1493 1771 1538 servos
1794 1493 1864 1536 csse
1887 1481 1987 1554 negat
2009 1472 2154 1550 (1111111,
2174 1473 2224 1555 9),
2252 1474 2308 1554 qui
2336 1494 2402 1537 non

1426 1573 1568 1642 agantur
1594 1559 1710 1640 spiritu
1739 1557 1880 1635 Christi;
1909 1558 1943 1621 hi
1972 1557 2251 1622 christianismum
2279 1561 2402 1624 confin-

1426 1655 1510 1728 gunt
1539 1645 1655 1726 spirit-u
1685 1644 1811 1709 Christi
1838 1665 1904 1707 nou
1933 1643 2143 1726 indigentem.
2188 1643 2249 1708 Ille
2276 1645 2401 1709 nullam

1426 1729 1539 1794 beatae
1572 1730 1820 1794 resurrectionis
1853 1750 1944 1810 spem
1976 1730 2055 1794 faeit
2086 1729 2150 1794 nisi
2182 1730 2333 1811 spiritum
2366 1732 2402 1794 in

1427 1815 1518 1880 nobis
1539 1816 1737 1880 residentem
1757 1816 1950 1891 sentiamus;
1973 1814 2007 1878 hi
2030 1835 2122 1896 spem
2144 1814 2200 1878 tali
2223 1836 2321 1880 sensu
2344 1837 2401 1880 va·

1426 1923 1519 1967 arram
1554 1905 1756 1984 contingunt.
1802 1900 1867 1966 Sed
1902 1899 2145 1982 respondebunt
2175 1901 2300 1980 forsan,
2334 1922 2401 1965 non

1426 2008 1461 2051 se
1481 1988 1618 2050 infitiari
1646 1988 1724 2068 quin
1752 1986 1808 2050 1110
1828 1984 1991 2069 praeditos
2013 2007 2083 2051 esso
2104 1994 2265 2068 oporteat,
2294 1996 2401 2052 caete-

1426 2095 1500 2136 rum
1523 2073 1701 2137 modestiae
1729 2083 1763 2135 et
1791 2072 1987 2136 humilitatis
2012 2093 2096 2148 esse,
2126 2094 2193 2136 non
2215 2093 2399 2156 agnoscere.

1425 2157 1514 2238 Quid
1540 2180 1618 2242 ergo
1646 2158 1706 2221 sibi
1729 2159 1803 2223 vult
1824 2179 1925 2239 quum
1947 2159 2040 2222 iubet
2060 2156 2249 2223 Corinthios
2271 2158 2305 2242 (2
2325 2156 2399 2223 Cer.

1429 2248 1481 2321 13,
1502 2247 1536 2327 5)
1569 2256 1698 2308 tentare
1727 2265 1770 2308 an
1797 2245 1925 2308 sintin
1952 2243 2031 2321 fide,
2061 2253 2164 2308 semet
2190 2244 2328 2326 probare
2358 2265 2402 2308 an

1425 2333 1597 2397 Christum
1616 2330 1767 2409 habeant,
1789 2351 1885 2412 quem
1907 2329 1971 2393 nisi
1993 2331 2066 2410 quis
2088 2330 2124 2392 in
2141 2352 2176 2394 se
2196 2330 2402 2394 habitantem
2516 2388 2521 2396 .

1425 2429 1588 2501 agnoscat,
1613 2415 1769 2498 reprobus
1791 2418 1862 2480 est?
1897 2417 1950 2479 Ex
1968 2416 2085 2498 spiritu
2103 2427 2213 2479 autem
2230 2436 2327 2499 quem
2345 2414 2401 2480 de-

1425 2503 1475 2566 dit
1501 2503 1611 2579 nobis,
1639 2504 1745 2583 inquit
1766 2502 1907 2566 Ioannes
1929 2502 1959 2585 (l
1983 2500 2096 2564 Ioaun.
2125 2505 2160 2578 3,
2180 2504 2252 2584 24),
2280 2501 2401 2567 scimus

1425 2587 1512 2670 quod
1540 2590 1575 2651 in
1598 2589 1691 2652 nobis
1712 2599 1833 2651 manet.
1877 2588 1924 2650 Et
1944 2586 2022 2668 quid
2045 2586 2132 2650 aliud
2155 2607 2253 2669 quam
2276 2587 2402 2652 Christi

1425 2675 1655 2756 promissiones
1676 2674 1711 2735 in
1734 2672 1868 2736 dubium
1890 2693 2097 2750 revocamus,
2126 2672 2207 2736 dum
2230 2675 2316 2738 servi
2338 2673 2403 2738 Dei

1426 2761 1497 2824 sine
1518 2760 1623 2841 ipsius
1644 2757 1771 2841 spirita
1784 2757 1896 2821 haberi
1914 2758 2075 2835 volumus,
2097 2779 2194 2839 quem
2212 2780 2402 2842 supersues

1427 2866 1539 2909 onmes
1561 2848 1742 2909 etlirsurum
1765 2865 1799 2906 so
1822 2841 2050 2906 denuntiavit?
2095 2843 2200 2922 Quid,
2229 2845 2314 2927 quod
2335 2846 2401 2928 spi·

1425 2932 1507 2994 ritui
1528 2941 1639 2996 sancto
1660 2928 1771 2992 iniurii
1794 2950 1916 3003 sumus,
1940 2929 1994 3009 qui
2016 2928 2124 3005 fidem,
2153 2951 2233 3011 opus
2255 2932 2324 2995 eius
2345 2952 2402 3014 pe-

1425 3017 1562 3093 culiare,
1596 3016 1637 3080 ab
1669 3016 1740 3096 ipso
1772 3013 1984 3095 separamus?
2038 3013 2132 3079 Haec
2163 3037 2265 3096 quum
2295 3018 2403 3097 prima

1426 3104 1494 3166 sint
1522 3103 1652 3184 pictatis
1673 3102 1835 3176 tirocinia,
1864 3099 2068 3163 miserrimae
2091 3109 2141 3164 cst
2162 3101 2326 3165 caecitatis
2349 3123 2401 3165 ar-

1424 3189 1595 3271 rogantiae
1634 3186 1742 3250 notari
1774 3184 1994 3262 Christianos,
2035 3185 2092 3266 qui
2124 3186 2258 3266 spiritus
2297 3189 2403 3251 sancti

1423 3275 1609 3355 praesentia
1630 3272 1764 3356 gloriari
1785 3273 1911 3347 ausint,
1933 3272 2003 3335 sine
2021 3291 2087 3352 qua
2106 3271 2298 3354 gloriatione
2314 3271 2402 3336 chri·

1424 3361 1617 3424 stianismus
1648 3359 1719 3441 ipse
1752 3379 1818 3421 non
1850 3365 1985 3422 constat
2030 3353 2098 3420 Sed
2131 3358 2219 3421 onim
2252 3358 2402 3440 exemplo

1424 3467 1484 3510 suo
1506 3445 1690 3522 declarant,
1718 3465 1817 3526 quam
1843 3462 1922 3507 1010
1949 3442 2071 3506 dixerit
2093 3441 2248 3508 Christus
2270 3444 2400 3529 (Ioann.

1429 3537 1482 3609 14,
1507 3530 1560 3612 l'l)
1587 3532 1738 3612 spiritum
1762 3550 1856 3594 suum
1878 3528 2000 3592 mundo
2021 3530 2225 3612 incognitum
2247 3552 2332 3611 esse;
2360 3530 2400 3596 ab

1423 3618 1504 3702 ipsis
1525 3615 1621 3682 modo
1643 3617 1775 3700 agnosci
1796 3614 1883 3698 apud
1905 3634 1987 3696 quos
2009 3623 2129 3679 manet

1511 3709 1562 3767 40.
1607 3704 1658 3768 Ac
1691 3723 1732 3766 ue
1760 3721 1826 3763 uno
1854 3700 2015 3764 duntaxat
2047 3710 2118 3765 acto
2144 3702 2295 3767 cuniculo
2323 3701 2401 3766 fidei

1423 3788 1662 3855 firmitudinem
1695 3787 1824 3850 diruere
1851 3795 1993 3863 tentent,
2027 3786 2159 3851 aliunde
2192 3789 2296 3870 ipsam
2324 3786 2401 3852 ade-

1424 3879 1562 3941 riuntur.
1607 3874 1751 3957 Nempe,
1774 3871 1902 3936 etiamsi
1924 3871 2100 3936 secundum
2125 3882 2329 3956 praesentem
2351 3872 2401 3939 iu-

1424 3963 1533 4028 stitiae
1554 3970 1674 4025 statum
1699 3959 1739 4024 de
1762 3958 1865 4042 gratia
1881 3957 1944 4021 Dei
1966 3956 2122 4022 iudicium
2144 3980 2273 4024 sumere
2295 3960 2400 4040 liceat,

1423 4066 1557 4113 manere
1589 4055 1697 4109 tamen
1738 4046 1774 4108 in
1811 4063 1969 4125 suspenso
2000 4045 2108 4108 11110110
2139 4049 2403 4126 perseverantiae
2498 4126 2503 4135 ἡ

1423 4136 1584 4200 notitiam.
1628 4130 1775 4215 Egregia
1795 4150 1874 4194 vero
1902 4129 2019 4193 salutis
2046 4129 2166 4196 fiducia
2187 4132 2281 4197 nobis
2302 4133 2402 4198 relin-

1424 4222 1550 4304 quitur,
1579 4217 1607 4280 si
1632 4216 1673 4280 ad
1696 4235 1850 4299 praesens
1869 4224 2075 4279 momentum
2096 4239 2155 4281 nos
2176 4238 2247 4282 esse
2268 4220 2303 4281 in
2324 4239 2400 4300 gra·

1423 4309 1470 4370 tia
1489 4303 1676 4371 coniectura
1688 4302 1803 4367 morali
1816 4301 2026 4367 aestimamus
2033 4326 2041 4382 ;
2062 4304 2140 4384 quid
2161 4304 2196 4366 in
2217 4303 2399 4369 crastinum

1424 4393 1625 4458 sitfuturum
1638 4389 1808 4453 nescimus.
1841 4388 1963 4473 Longe·
1974 4388 2070 4453 aliter
2082 4387 2255 4470 apostolus.
2289 4388 2399 4469 Certo,

1422 4478 1531 4560 inquit
1551 4474 1661 4557 (Rom.
1687 4479 1721 4552 8,
1749 4473 1820 4558 38),
1853 4495 2030 4557 persuasus
2057 4495 2144 4551 sum,
2178 4473 2263 4554 quod
2291 4496 2400 4558 neque

1423 4564 1542 4647 angeli,
1565 4581 1626 4624 uec
1645 4568 1832 4643 potestates,
1855 4581 1916 4625 uec
1936 4559 2146 4642 principatus,
2174 4578 2280 4639 neque
2298 4583 2398 4642 mors,

1422 4671 1527 4732 neque
1544 4647 1622 4724 vita,
1644 4667 1751 4729 neque
1767 4647 1961 4728 praesentia,
1983 4663 2088 4725 neque
2109 4643 2221 4706 futura
2243 4644 2400 4712 dirimant

1422 4757 1482 4800 nos
1504 4758 1524 4800 a
1546 4733 1718 4798 dilectione
1743 4753 1809 4815 qua
1830 4753 1890 4796 nos
1912 4730 2074 4795 Dominus
2095 4728 2130 4791 in
2152 4726 2286 4795 Christo
2308 4753 2397 4807 com-

1422 4823 1584 4904 plectitur.
1628 4817 1779 4884 Evadere
1811 4821 1973 4882 conantur
2002 4812 2120 4878 frivola
2151 4815 2328 4896 solutione,
2361 4820 2397 4886 id

1423 4907 1575 4972 habuisse
1603 4904 1786 4988 apostolum
1812 4924 1853 4966 ex
1876 4899 2007 4983 speciali
2027 4899 2225 4967 revelatione
2247 4907 2395 4987 gersten.

1422 5005 1486 5070 tes;
1509 4993 1566 5058 sed
1588 4992 1733 5074 pressius
1754 4988 2023 5069 constringuntur
2047 5006 2145 5066 quam
2167 4998 2206 5051 ut
2225 4990 2394 5076 effugiant

1422 5079 1590 5162 Siquidem
1621 5077 1688 5142 illic
1711 5096 1795 5157 quae
1816 5074 1851 5136 in
1869 5090 2040 5136 commune
2061 5073 2225 5139 universis
2245 5077 2395 5145 fidelibus

1421 5187 1461 5230 01
1486 5164 1549 5230 tide
1567 5162 1761 5247 proveniant
1778 5158 1999 5235 bonatraetat,
2022 5177 2088 5222 non
2109 5179 2192 5241 quae
2213 5164 2396 5244 specialiter

1421 5253 1490 5334 ipse
1519 5251 1734 5332 experiatur,
1759 5244 1862 5325 Atqui
1887 5241 1975 5306 idem
2001 5263 2061 5308 1100
2083 5243 2161 5311 alibi
2182 5258 2311 5313 nostrae
2332 5251 2395 5313 im.

1421 5336 1608 5401 becillitatis
1636 5345 1670 5396 et
1690 5328 1926 5395 inconstantiae
1946 5329 2112 5395 mentione
2130 5330 2279 5396 deterret
2325 5332 2393 5414 Qui

1423 5424 1504 5485 benc
1528 5429 1608 5492 stat,
1636 5417 1742 5499 inquit
1764 5414 1796 5499 (1
1818 5412 1892 5478 Cor.
1914 5418 1967 5493 10,
1989 5414 2059 5500 12),
2088 5416 2199 5481 videat
2223 5439 2266 5481 110
2287 5420 2390 5485 cadat

1421 5508 1546 5569 Verum
1571 5514 1634 5565 est:
1663 5513 1698 5565 at
1725 5521 1791 5565 non
1814 5507 2025 5583 terroreque
2047 5511 2307 5579 consternemur,
2335 5506 2393 5570 sed

1421 5614 1484 5673 quo
1507 5589 1668 5652 ‹liscaurus
1689 5608 1749 5652 nos
1771 5588 1831 5653 sub
1852 5587 1977 5671 potenti
1999 5608 2101 5651 manu
2121 5587 2185 5651 Dei
2207 5588 2391 5670 humiliare,

1420 5670 1694 5758 quemadmodum
1714 5674 1836 5739 Petrus
1856 5672 1999 5759 explicat
2019 5671 2052 5756 (l
2071 5673 2161 5738 Petr.
2181 5678 2215 5753 5,
2235 5674 2279 5760 6).
2323 5677 2391 5741 De-
