5600 6809
363 780 424 844 189
728 775 818 842 LIB.
841 773 884 838 II.
926 774 991 839 DE
1015 770 1304 840 ooaNIrlorta
1326 769 1411 838 DEI
1432 770 1777 839 REDEMPTORIS.
1822 772 1922 839 OAP.
1944 772 1990 836 Π.
2303 781 2369 843 leo

360 966 510 1032 tensione
540 965 689 1049 argutiae
716 963 848 1028 laudem
877 963 1002 1046 captat)
1036 959 1156 1026 sensim
1180 959 1235 1024 alii
1262 966 1337 1042 post
1389 961 1509 1041 petitu,
1543 962 1649 1044 magis
1681 967 1792 1025 tamam
1824 961 1867 1026 ad
1892 964 2072 1045 appetitum
2104 964 2247 1030 inclinet
2291 967 2364 1031 Iam

362 1053 444 1117 alios
476 1051 513 1115 in
542 1050 685 1116 deterius
712 1050 866 1115 continuo
892 1047 1016 1130 delapsi
1043 1054 1134 1124 sunt;
1167 1045 1271 1111 donec
1299 1065 1337 1110 eo
1391 1045 1550 1111 habemus
1578 1048 1612 1109 in
1640 1047 1757 1129 quibus
1784 1048 1882 1111 sitam
1910 1068 1980 1113 esse
2008 1049 2144 1114 doceant
2174 1051 2242 1115 vim
2271 1051 2364 1118 liberi

361 1144 500 1204 ventum
522 1143 573 1201 est
593 1144 631 1200 ut
651 1135 750 1219 uulgo
772 1141 953 1217 putaretur,
982 1132 1079 1197 homo
1101 1133 1243 1196 sensuali
1264 1139 1337 1195 tan-
1391 1131 1526 1208 arbitrii,
1549 1133 1585 1195 in
1607 1134 1732 1197 ratione
1751 1133 1873 1197 scilicet
1890 1140 1923 1197 et
1941 1133 2118 1199 voluntate.
2155 1136 2250 1200 Nunc
2266 1158 2367 1218 quen·

362 1231 436 1287 tum
456 1230 549 1305 parte
572 1228 752 1304 corruptus,
775 1220 896 1285 habere
917 1240 1051 1303 prorsus
1071 1216 1267 1282 incolumem
1284 1238 1337 1280 ra·
1390 1222 1457 1282 tum
1477 1219 1603 1298 utrique
1624 1217 1770 1297 uiduata
1793 1219 1925 1282 uate
1944 1220 2112 1284 cidmdum
2133 1229 2279 1305 superest.

363 1310 494 1387 aonam,
517 1308 719 1372 voluntatem
740 1306 839 1370 etiam
860 1306 975 1369 maiori
1002 1326 1044 1368 ex
1065 1309 1167 1385 parte.
1214 1303 1338 1369 Interea
1478 1310 1506 1366 5.
1552 1302 1778 1368 Communiter
1799 1303 1906 1368 solent
1932 1326 1985 1369 res
2006 1305 2144 1386 medias,
2172 1330 2256 1391 quac
2278 1312 2364 1376 scili-

362 1394 502 1459 wittocit
528 1393 610 1458 illud
636 1393 672 1456 iu
693 1390 1100 1468 memoriaemartino
1123 1388 1261 1452 denaia
1287 1388 1338 1451 bo-
1390 1400 1442 1454 cet
1470 1388 1554 1452 nihil
1572 1388 1612 1452 ad
1643 1410 1781 1472 regnum
1804 1387 1867 1454 Dei
1891 1391 2070 1474 pertinent,
2098 1392 2160 1457 sub
2181 1395 2282 1459 libero
2304 1397 2364 1462 ho·

362 1480 447 1544 mine
468 1483 615 1560 ccrrciplo
642 1497 721 1558 esse,
748 1478 1003 1558 supernaturalia
1024 1495 1094 1538 nero
1115 1473 1229 1538 oblata
1277 1473 1338 1538 Sed
1389 1476 1490 1538 minis
1520 1475 1655 1539 consilio
1682 1496 1817 1558 ponere;
1850 1495 1963 1540 veram
1997 1483 2106 1542 autem
2124 1480 2292 1544 ‘iustitiam
2321 1482 2364 1547 ad

363 1584 511 1646 quereum
531 1565 679 1642 tenderet,
708 1565 763 1627 cia
789 1564 969 1626 mutemus
994 1561 1124 1642 quisque
1151 1560 1257 1624 leuiter
1279 1580 1337 1642 qu-
1390 1559 1564 1643 speoialem
1593 1560 1658 1625 Dei
1686 1560 1827 1644 gratiam
1853 1569 1886 1624 et
1913 1561 2117 1644 spiritualem
2145 1569 2364 1649 regeneratio·

242 1677 247 1693 ·
362 1651 465 1716 sterit
516 1649 584 1733 Epo
612 1654 688 1714 certe
709 1650 740 1714 si
766 1649 902 1712 dilucide
920 1648 1041 1712 tradere
1061 1646 1153 1709 celim
1174 1646 1279 1725 qualis
1296 1645 1339 1709 sit
1390 1666 1466 1709 nem
1487 1646 1617 1709 referre.
1663 1644 1759 1726 Quod
1782 1646 1860 1710 dum
1885 1648 1958 1712 vult
1979 1649 2149 1715 ostendere
2170 1661 2267 1715 autor
2288 1673 2364 1735 ope-

362 1741 499 1800 naturoc
530 1736 718 1816 corruptele,
752 1734 803 1797 bis
829 1733 929 1798 verbis
959 1733 1053 1814 facile
1085 1732 1147 1796 sim
1174 1736 1336 1795 mantus.
1390 1732 1436 1796 ris
1458 1731 1498 1795 de
1521 1732 1690 1796 vocatione
1711 1734 1871 1815 gentium,
1894 1733 2056 1816 triplicem
2077 1736 2280 1801 voluntatem
2302 1761 2364 1802 nu-

366 1821 428 1887 Seu
448 1840 633 1904 magnopere
653 1821 778 1885 interest
799 1824 906 1884 ulertte
927 1818 1073 1899 eapertdi,
1096 1818 1174 1897 quid
1200 1817 1338 1881 amon
1389 1826 1509 1882 marat:
1528 1816 1553 1901 ¹)
1586 1818 1728 1899 primam
1760 1818 1966 1896 sensitivam,
2003 1819 2139 1886 alteram
2178 1823 2362 1903 animalem,

362 1906 401 1972 in
431 1906 547 1972 undis
577 1910 710 1970 nunerue
737 1925 814 1970 atae
839 1904 987 1985 partibus
1019 1905 1161 1981 aluus,
1194 1904 1338 1967 adoras
1389 1903 1521 1966 tertiam
1549 1903 1766 1985 spiritualem;
1797 1924 1936 1986 quarum
1966 1906 2091 1987 priores
2124 1907 2205 1972 duas
2237 1909 2364 1974 homini

364 1991 658 2076 supernaturalibus
678 1996 790 2055 curdus
816 1990 923 2055 nebu.
976 1990 1087 2054 Nimis
1111 2009 1180 2071 erpo
1200 1988 1338 2070 plilcsc-
1388 1984 1508 2053 liberas
1527 2009 1597 2053 esse
1619 1987 1728 2065 tradit,
1751 1989 1903 2055 ultimam
1921 2011 2001 2073 opus
2019 2011 2090 2057 esse
2107 1993 2241 2077 spiritus
2259 1996 2363 2060 sancti

251 2086 258 2100 ‘
357 2078 451 2160 ptice
471 2077 529 2142 bne
555 2077 594 2142 de
617 2097 652 2140 re
672 2076 788 2158 loquuti
811 2081 885 2140 arnt
909 2075 965 2157 qui
985 2096 1019 2140 se
1042 2073 1161 2139 Obristi
1181 2075 1338 2138 iactabant
1389 2075 1425 2137 in
1447 2074 1588 2137 bomine.
1634 2072 1731 2154 Quod
1753 2096 1796 2139 an
1817 2096 1933 2139 verum
1955 2077 2006 2155 sit,
2029 2098 2088 2142 suo
2107 2079 2178 2144 lo'co
2208 2082 2363 2146 naabi-

363 2183 429 2229 esse
447 2163 625 2245 disnprclcs.
671 2162 758 2226 Nora
779 2162 873 2244 quusi
890 2161 990 2226 adbuc
1007 2162 1123 2243 utteqer
1138 2165 1234 2224 steret
1249 2160 1336 2224 borno
1389 2167 1459 2239 tur;
1481 2181 1570 2225 nunc
1593 2161 1681 2224 enim
1702 2181 1871 2225 recensere
1890 2162 2036 2226 breviter
2062 2164 2201 2228 aliorum
2230 2174 2362 2230 senten-

363 2269 491 2331 scmpor
512 2246 600 2331 apud
621 2248 760 2312 Latinos
781 2246 876 2312 liberi
904 2246 1031 2311 arbitrii
1060 2267 1179 2310 nomen
1201 2246 1334 2310 exstitit.
1389 2246 1461 2322 tias,
1485 2267 1551 2309 non
1568 2246 1716 2310 refellere
1733 2247 1934 2328 propositum
1953 2255 2010 2313 est.
2031 2248 2120 2314 Hinc
2141 2251 2187 2328 fit,
2205 2258 2243 2314 ut
2260 2273 2362 2334 quum

364 2333 509 2400 Graecos
538 2352 616 2400 vero
643 2353 705 2397 uon
726 2334 846 2413 puduit
873 2332 976 2396 multe
1013 2332 1218 2414 arrogantius
1234 2353 1336 2395 usur·
1389 2329 1429 2394 de
1451 2331 1552 2395 libero
1574 2332 1707 2395 arbitrio
1730 2341 1832 2415 agtmt
1854 2333 2037 2415 scriptores,
2065 2357 2131 2399 non
2154 2335 2232 2418 quid
2253 2337 2296 2401 ad
2316 2339 2362 2403 ci-

361 2440 442 2503 pare
466 2419 676 2496 rotabulum,
704 2418 864 2500 siquidem
889 2415 1073 2496 αὐτεξούσιον
1095 2417 1268 2492 dixerunt,
1297 2438 1335 2482 ac
1388 2417 1471 2481 tiles
1493 2437 1549 2480 seu
1572 2426 1724 2481 extamus
1746 2417 1898 2496 actiones,
1921 2418 1979 2483 sed
1998 2419 2075 2502 quid
2098 2420 2139 2484 ad
2163 2421 2292 2487 divinae
2313 2423 2361 2488 le-

361 2507 557 2588 sipotestas
578 2506 629 2569 sui
650 2503 752 2586 ipsius
773 2524 872 2586 penes
893 2503 1059 2568 hominem
1077 2504 1199 2568 fuisset.
1245 2501 1336 2583 Quo-
1389 2503 1439 2585 gis
1460 2501 1677 2566 obedientiam
1698 2503 1814 2579 valeat,
1832 2505 1869 2568 in
1889 2505 2004 2586 primis
2032 2506 2206 2588 requirant
2252 2506 2362 2588 Quam

359 2590 452 2654 niam
474 2611 552 2674 ergo
574 2589 617 2654 ad
637 2588 758 2672 vulgus
780 2591 878 2653 etiam
899 2589 1007 2672 ipsum
1028 2609 1140 2653 omnes
1161 2588 1222 2652 hoc
1243 2589 1335 2669 prin-
1388 2589 1598 2668 posteriorem
1621 2589 1845 2669 quaestionem
1863 2590 1910 2655 sic
1927 2591 2136 2673 praecipuam
2159 2612 2229 2657 esse
2246 2594 2360 2673 fateor,

360 2676 446 2758 cipio
468 2675 585 2740 imbuti
607 2681 692 2750 sunt,
714 2674 898 2757 praeditum
916 2695 986 2739 esse
1003 2674 1104 2738 libero
1123 2673 1258 2738 arbitrio
1276 2673 1335 2737 ho-
1387 2682 1426 2736 ut
1439 2673 1537 2736 ‘illam
1561 2674 1700 2738 arbitrer
1721 2695 1787 2737 non
1813 2695 1947 2756 prorsus
1973 2677 2210 2760 negligendam.
2256 2677 2362 2744 (luins

363 2762 505 2840 minem,
539 2759 689 2824 nonnulli
716 2767 825 2824 autem
854 2780 966 2824 eorum
998 2760 1053 2842 qui
1081 2759 1192 2824 eximii
1219 2758 1336 2824 volunt
1388 2759 1569 2823 sententiae
1592 2780 1685 2841 spero
1707 2780 1760 2822 me
1782 2762 1939 2842 optimam
1960 2764 2120 2826 rationem
2145 2762 2360 2830 redditurum.

362 2845 484 2923 videri,
513 2865 681 2928 quousque
707 2845 743 2910 id
770 2845 965 2910 extendatur
991 2846 1154 2922 nesciunt,
1184 2865 1243 2909 noe
1265 2844 1335 2909 vim
1388 2842 1542 2908 Obtinuit
1563 2854 1674 2908 antem
1694 2845 1728 2908 in
1751 2845 1869 2910 scholis
1892 2846 2068 2926 distinctio,
2096 2871 2179 2931 quae
2198 2850 2361 2933 triplicem

362 2932 451 2998 vocis
473 2932 565 3014 prius
587 2931 800 3009 excutiamus,
823 2942 894 2995 tum
916 2951 958 2994 ex
980 2932 1158 3013 scripturae
1180 2931 1240 2993 sim
1265 2929 1335 2995 liei·
1387 2928 1572 2994 libertatem
1595 2937 1756 2994 numerat:
1771 2931 1801 3014 ⁸²)
1823 2950 1844 2993 a
1863 2935 2055 2998 necessitate
2073 2936 2231 3015 primam,
2246 2957 2361 3001 seeun-

362 3023 430 3082 aa
451 3037 677 3098 exsequamur,
700 3015 779 3098 qaid
806 3027 918 3097 suapte
946 3023 1064 3081 natura
1090 3015 1188 3079 homo
1213 2952 1264 3079 ad
1278 3015 1335 3079 bo·
1388 3014 1506 3079 (lama
1532 3023 1677 3097 peceato,
1710 3016 1882 3082 tertiama
1911 3018 2056 3097 miseria;
2089 3040 2227 3101 quarum
2254 3022 2362 3105 prima

362 3109 522 3168 nument
547 3100 671 3166 mallim
697 3101 826 3184 polleat
871 3102 1030 3166 Liberum
1057 3101 1228 3165 arbitrium
1257 3100 1335 3182 quid
1388 3101 1434 3165 sic
1468 3101 1592 3165 homini
1624 3101 1817 3166 namraliter
1847 3103 2019 3168 inhaereat
2050 3113 2089 3167 ut
2120 3116 2260 3187 nequeat
2292 3107 2359 3170 ullo

362 3195 456 3269 esset,
478 3208 580 3271 quum
600 3188 635 3252 in
656 3187 805 3251 omnium
826 3188 955 3270 scriptis
976 3184 1156 3251 identidem
1177 3194 1334 3264 occurrat,
1387 3186 1483 3250 modo
1502 3188 1598 3269 eripi,
1628 3186 1712 3252 duae
1734 3187 1856 3252 alterae
1883 3210 1943 3272 per
1969 3195 2139 3271 peccatum
2168 3191 2234 3254 sint
2260 3192 2360 3256 amis·

362 3275 457 3357 pauci
485 3272 692 3338 delinienmt
736 3272 878 3337 Videtur
905 3280 1016 3337 tamen
1044 3271 1205 3354 Origenes
1230 3271 1266 3336 id
1295 3271 1352 3337 de=
1387 3291 1450 3336 sae.
1494 3272 1592 3337 Hanc
1613 3272 1853 3338 distinctionem
1881 3296 1940 3358 ego
1967 3274 2105 3340 libenter
2132 3276 2265 3357 recipio,
2294 3277 2360 3341 nisi

362 3381 427 3443 quo
454 3360 575 3442 passim
596 3360 682 3422 inter
712 3379 766 3424 eos
792 3359 1018 3435 conveniebat,
1048 3359 1209 3441 posuisse,
1233 3378 1334 3439 quum
1386 3357 1473 3440 quod
1490 3358 1556 3423 illic
1584 3358 1760 3424 necessitas
1787 3377 1863 3423 oum
1896 3361 2058 3426 coactione
2126 3381 2255 3443 rperam
2282 3383 2358 3427 con-

361 3445 459 3513 dixit:
473 3445 496 3530 ¹)
517 3444 706 3510 faenltatem
727 3464 798 3509 esse
818 3445 954 3509 rationis
972 3443 1012 3508 ad
1030 3445 1152 3509 bonum
1169 3442 1334 3509 malumve
1385 3442 1547 3522 funditur3
1585 3444 1672 3508 inter
1704 3466 1785 3527 quas
1818 3453 1976 3528 quantum
2009 3447 2052 3511 sit
2106 3447 2112 3458 ’
2151 3446 2293 3524 aminis,
2325 3454 2359 3512 et

361 3530 625 3608 discernendum,
659 3529 837 3595 voluntatis
867 3529 907 3594 ad
940 3528 1102 3594 utrumvis
1136 3528 1331 3612 eligendum.
1385 3549 1484 3611 quam
1506 3530 1688 3595 necessario
1709 3531 1992 3609 considerandum,
2016 3532 2093 3597 alibi
2115 3533 2291 3614 apparebit

359 3615 429 3682 Neo
452 3617 493 3681 ab
516 3636 553 3680 eo
574 3615 683 3682 varica
705 3615 924 3698 Augustinus,
952 3636 1053 3698 quum
1082 3614 1176 3680 dccet
1195 3615 1333 3680 faculta-
1472 3619 1500 3679 6.
1546 3616 1614 3680 Ηοε
1639 3618 1669 3681 si
1690 3617 1847 3698 recipitur,
1875 3626 1970 3682 extra
2002 3619 2256 3691 controversiam
2285 3619 2356 3698 erit,

360 3708 427 3767 tem
449 3722 521 3767 esse
541 3702 677 3766 rationis
698 3709 732 3766 et
752 3701 944 3779 voluntatis,
973 3722 1037 3784 qua
1061 3700 1181 3765 bonum
1200 3700 1333 3784 eligitur
1385 3721 1449 3764 non
1472 3708 1643 3783 suppetere
1665 3702 1706 3766 ad
1727 3703 1812 3767 bona
1833 3723 1932 3785 opera
1948 3702 2087 3767 liberum
2103 3704 2275 3768 arbitrium
2298 3704 2357 3768 ho·

419 3787 466 3852 tia
488 3786 674 3864 saeuiente,
696 3787 835 3866 malum,
864 3807 903 3852 ea
924 3786 1107 3853 desistente.
1153 3784 1332 3851 Obscurius
1383 3786 1475 3865 mini,
1498 3788 1560 3852 nisi
1590 3787 1697 3870 gratia
1724 3787 1910 3867 adiuvetur,
1932 3795 1966 3853 et
1993 3789 2099 3872 gratia
2124 3789 2256 3871 quidem
2285 3811 2357 3871 spe-

392 3871 560 3953 ernardus,
583 3872 661 3937 dum
682 3872 756 3938 vult
778 3878 892 3955 argute
911 3873 1008 3955 loqui,
1031 3873 1084 3955 qui
1104 3872 1151 3936 ait
1168 3892 1238 3937 esse
1256 3894 1332 3936 con·
1384 3872 1473 3950 ciali,
1502 3892 1566 3956 qua
1594 3873 1687 3937 electi
1714 3873 1773 3937 soli
1800 3895 1859 3958 per
1886 3875 2167 3957 regenerationem
2193 3876 2357 3940 ἀοοοοίοιν.

359 3978 508 4037 sensum,
536 3959 578 4023 ob
599 3958 777 4024 voluntatis
803 3958 1050 4024 inamissibilem
1071 3957 1271 4037 libertatem,
1300 3964 1333 4021 et
1385 3958 1473 4021 Nom
1488 3958 1679 4040 phreneticos
1699 3958 1781 4023 nibil
1801 3980 1918 4040 moror,
1946 3961 2002 4042 qui
2021 3962 2162 4044 prolium
2256 3963 2263 3975 '
2330 3965 2359 4026 et

357 4043 497 4110 rationis
515 4043 744 4110 indeclinabile
764 4043 929 4109 iudicium.
974 4045 1043 4110 Nec
1065 4044 1145 4108 satis
1166 4044 1332 4126 popularis
1377 4045 1557 4124 momucue
1595 4045 1766 4125 mpositum
1801 4046 2078 4130 assequerentur)
2122 4045 2167 4112 Se
2210 4047 2358 4112 nondum

357 4129 508 4196 Anselmi
536 4129 695 4209 definitio,
727 4131 783 4212 qui
809 4130 911 4195 tradit
942 4151 1012 4194 esse
1040 4136 1235 4213 potestatem
1263 4151 1331 4194 ser·
1382 4128 1473 4193 istud
1502 4129 1617 4211 liquet:
1648 4131 1732 4195 sitne
1761 4132 1796 4194 in
1817 4138 1923 4196 totum
1949 4132 2098 4214 privatos
2125 4132 2208 4197 bene
2236 4133 2356 4217 agendi

362 4215 465 4283 randi
491 4216 721 4281 rectitudinem
747 4223 881 4298 propter
907 4235 941 4280 se
968 4216 1081 4299 ipsam.
1125 4214 1241 4297 Itaque
1267 4215 1330 4278 Pe-
1382 4214 1544 4293 facultate,
1568 4237 1610 4279 an
1632 4216 1751 4281 habeat
1773 4217 1880 4282 adhuc
1902 4217 2104 4296 nonnullam,
2127 4218 2184 4283 sed
2202 4218 2356 4302 pusillam

359 4308 433 4367 tros
454 4300 701 4387 Lombardus²)
728 4307 762 4366 et
788 4298 982 4367 Scholastici
1010 4300 1187 4383 Augustini
1216 4299 1331 4364 defini·
1382 4308 1417 4364 et
1437 4300 1617 4380 infirmam,
1648 4322 1730 4383 quae
1756 4323 1817 4385 per
1838 4302 2025 4386 sequidem
2045 4304 2130 4368 nihil
2152 4304 2263 4386 possit,
2286 4302 2355 4382 opi·

357 4389 480 4453 tionem
509 4387 615 4472 magis
642 4386 786 4469 amplexi
807 4393 892 4464 sunt,
914 4385 992 4469 quia
1020 4393 1054 4450 et
1081 4385 1224 4469 apertior
1251 4393 1329 4465 erat,
1381 4386 1508 4451 tulante
1529 4407 1607 4451 vero
1635 4388 1743 4471 gratia
1776 4410 1853 4454 suas
1885 4389 1958 4473 ipsa
1982 4410 2109 4472 quoque
2137 4394 2246 4470 partes
2268 4391 2354 4469 agat

358 4481 394 4538 et
409 4472 551 4557 gratiam
568 4473 633 4537 Dei
650 4493 716 4537 non
734 4471 935 4551 excludebat,
958 4472 1029 4537 sine
1048 4492 1114 4554 qua
1129 4470 1331 4537 voluntatem
1382 4470 1423 4535 Id
1444 4471 1522 4536 dum
1544 4471 1619 4538 vult
1640 4473 1793 4556 expedire
1809 4477 1968 4559 magister
1985 4473 2231 4549 sententiarum,
2241 4470 2271 4555 ⁴)
2294 4468 2354 4534 du·

358 4559 421 4625 sibi
448 4580 508 4643 per
535 4579 570 4624 se
597 4580 663 4623 non
691 4558 840 4624 sufficere
867 4558 1029 4623 videbant.
1075 4555 1144 4623 Sua
1165 4563 1276 4620 tamen
1298 4563 1331 4620 et
1381 4557 1499 4641 plicam
1521 4559 1661 4642 gratiam
1690 4561 1908 4625 necessariam
1934 4580 2005 4625 esse
2034 4559 2127 4624 nobis
2149 4555 2257 4635 docet,
2290 4576 2353 4637 quo

356 4645 421 4728 ipsi
448 4645 604 4723 afferunt,
635 4644 704 4710 sive
727 4665 810 4727 quae
837 4644 973 4709 meliora
994 4664 1078 4722 esse,
1111 4645 1179 4710 sive
1208 4641 1330 4725 quael)
1382 4642 1559 4708 reddamur
1586 4644 1627 4709 ad
1654 4645 1774 4709 bonum
1803 4666 1884 4728 opus
1912 4644 2028 4709 idonei.
2080 4642 2231 4706 Alteram
2260 4649 2355 4707 vocat

355 4730 463 4797 aare
488 4731 650 4814 putabant
676 4729 718 4793 ad
743 4730 899 4794 maiorem
928 4729 1186 4811 explicationem.
1230 4728 1329 4792 Prin·
1382 4718 1584 4810 operantdm,
1618 4751 1683 4812 qua
1710 4732 1748 4794 fit
1776 4738 1814 4794 ut
1843 4730 2017 4795 efficaciter
2042 4727 2182 4792 velimus
2215 4725 2353 4808 bonum;

356 4817 442 4900 cipio
469 4816 692 4894 consentiunt,
725 4837 844 4880 nomen
871 4816 999 4881 arbitrii
1025 4816 1130 4898 magis
1158 4814 1199 4880 ad
1229 4814 1329 4878 ratioss
1382 4823 1609 4898 cooperantem
1631 4815 1784 4895 alteram,
1812 4837 1896 4900 qnae
1922 4815 2041 4879 bonam
2069 4812 2271 4877 voluntatem
2301 4834 2352 4878 se-

354 4923 435 4968 nem
455 4899 673 4981 referendum,
696 4903 788 4967 cuius
810 4907 860 4966 est
880 4901 1064 4967 discernere
1085 4903 1172 4966 inter
1194 4902 1279 4965 bona
1296 4908 1330 4964 et
1380 4901 1492 4981 quitur
1513 4901 1706 4966 adiuvando.
1750 4902 1792 4965 In
1815 4922 1880 4985 qua
1901 4898 2075 4982 partitione
2098 4898 2159 4963 hoo
2180 4899 2264 4962 mihi
2286 4899 2352 4964 dis-

354 4988 460 5068 mala3
481 4987 661 5072 epithetum
679 4987 788 5065 liberi,
820 4987 862 5052 ad
881 4988 1082 5054 voluntatem
1105 4989 1234 5071 proprie
1255 5007 1329 5068 pcr—
1380 4985 1486 5068 plicet,
1510 4986 1696 5070 quoddam
1716 4989 1842 5070 gratiae
1864 4985 1929 5050 Dei
1950 4983 2066 5047 tribuit
2088 4985 2252 5050 efficacem
2274 4985 2351 5049 boni

353 5073 471 5153 tinere,
494 5093 576 5156 quae
598 5073 639 5137 ad
659 5081 834 5155 utrumque
851 5073 939 5138 flecti
956 5074 1064 5156 possit.
1100 5072 1210 5154 Quare
1228 5093 1327 5155 quum
1380 5072 1569 5153 appetitum,
1591 5073 1701 5137 innuit
1722 5073 1889 5137 hominem
1909 5071 1975 5133 iam
2003 5077 2116 5153 suapte
2143 5078 2262 5135 natma
2295 5069 2352 5135 bo-

353 5159 491 5225 libortas
513 5160 642 5243 proprie
663 5156 826 5222 voluntati
843 5160 1023 5236 conveniat,
1046 5159 1189 5225 Thomas
1207 5159 1328 5242 optime
1378 5179 1461 5222 num
1478 5157 1723 5241 quodammodo,
1745 5156 1821 5221 licet
1837 5155 2054 5234 inefficaciter,
2077 5164 2244 5240 appetere;
2267 5156 2352 5221 sicut

354 5245 518 5329 quadrare
549 5244 642 5323 dicit,
657 5241 686 5326 ⁴)
706 5243 734 5306 si
750 5241 890 5307 liberum
921 5245 1093 5309 arbitrium
1123 5245 1249 5311 dicatur
1277 5245 1328 5308 vis
1379 5243 1579 5322 Bernardus,
1602 5240 1860 5324 bonamquidem
1878 5241 2082 5306 voluntatem
2100 5263 2181 5324 opus
2198 5241 2262 5307 Dei
2280 5260 2350 5304 esse

354 5331 508 5410 electiva,
536 5350 618 5413 quae
640 5328 744 5392 mixta
766 5327 896 5409 quidem
917 5348 959 5392 ex
980 5330 1196 5412 intelligentia
1218 5339 1251 5395 et
1272 5350 1328 5412 ap·
1380 5349 1538 5405 asserens,
1561 5328 1688 5393 homini
1709 5334 1821 5390 tamma
1843 5326 1904 5392 hoc
1926 5327 2082 5406 concedit,
2105 5335 2142 5391 ut
2162 5334 2253 5390 motu
2274 5345 2349 5407 pro·

1379 5414 1451 5495 prio
1469 5414 1588 5478 bonam
1605 5409 1763 5477 eiusmodi
1781 5412 1984 5478 voluntatem
2001 5419 2142 5495 appetat.
2177 5409 2243 5475 Sed
2261 5407 2350 5474 istud

375 5560 378 5567 “
424 5552 455 5617 1)
472 5553 532 5605 Lib.
549 5549 574 5604 8.
593 5551 628 5604 dc
645 5549 792 5671 prinecbipiis.
832 5546 863 5613 a)
881 5548 941 5602 Lib.
958 5547 982 5601 2.
1002 5548 1077 5601 Sent.
1096 5548 1158 5600 dist.
1176 5546 1327 5601 muscae.
1382 5554 1428 5560 ““
1455 5554 1551 5560 ””“”
1581 5555 1583 5557 ’

351 5619 386 5687 3)
406 5620 538 5675 Eddcu.
552 5618 619 5672 1617
637 5618 695 5673 etl
765 5623 885 5687 quatuor
901 5617 956 5670 ista
973 5616 1119 5671 vocabula:
1136 5618 1326 5681 molioraesse,
1449 5617 1478 5680 1)
1496 5616 1568 5693 libr.
1594 5616 1618 5668 1.
1641 5612 1710 5693 οἳ.
1781 5615 1811 5679 A)
1835 5618 1980 5671 Lombard.
2002 5617 2049 5669 lib.
2073 5614 2098 5667 2.
2123 5613 2185 5668 dist
2209 5611 2250 5666 25.
2319 5612 2350 5681 3)

350 5690 415 5743 sire
433 5706 502 5759 qnae
520 5689 617 5744 citiore
634 5690 766 5742 mittunt.
839 5684 869 5754 4)
888 5686 961 5740 Part.
981 5684 1005 5738 1.
1025 5689 1128 5753 quaest.
1147 5681 1188 5735 83.
1207 5689 1258 5735 art.
1275 5682 1300 5736 3.
1352 5674 1524 5734 Ι[ιοιιιίιιιιιί.
1543 5683 1589 5735 hb.
1608 5683 1631 5735 2.
1651 5682 1712 5734 dut.
1731 5682 1773 5737 26.
1792 5693 1856 5740 sect
1876 5686 1900 5739 7.
1920 5686 1944 5739 8.
1985 5683 2044 5750 ’4)
2062 5683 2121 5736 Lib.
2140 5683 2164 5735 2.
2182 5681 2245 5735 dist.
2263 5680 2304 5735 26.
