5600 6809
463 753 524 820 iar
986 808 988 813 .
1106 745 1370 839 msuluoulo
1393 734 1498 812 Ruu.
1522 741 1702 812 auulsa.
1729 749 1819 809 rasa.
2399 747 2463 808 168

463 938 640 1022 quidquam
667 939 768 1004 fuisse
795 939 897 1022 priori
919 940 1055 1013 Domini
1081 937 1213 1003 oonsilio
1236 936 1436 1020 derogatum,
1484 934 1622 1014 pbrcuit,
1654 934 1701 999 ito
1727 932 1845 1014 factum
1871 938 1928 1010 est,
1960 933 2150 1015 coilipimus,
2178 934 2245 998 eus
2266 931 2466 1014 probationis

462 1025 539 1107 quia
570 1024 656 1107 quod
685 1024 964 1108 promulgaverat,
1002 1024 1132 1087 irritum
1163 1022 1283 1086 fecerit.
1338 1023 1439 1087 Viam
1490 1020 1581 1082 ouius
1601 1024 1693 1083 satan
1715 1020 1876 1083 etsoelesti
1898 1020 2031 1083 latreues
2047 1020 2186 1083 ministri
2200 1020 2336 1099 fuerunt,
2359 1017 2466 1081 Deum

463 1111 551 1174 enim
577 1112 685 1192 potius
715 1118 867 1193 aeternae
895 1132 972 1175 suae
1003 1108 1199 1173 ordinationi
1227 1109 1345 1172 sternit
1369 1109 1439 1173 Do·
1488 1105 1589 1186 fuisse
1609 1110 1754 1168 autorum
1798 1104 1931 1169 Metitur
1958 1110 2050 1168 satan
2075 1110 2216 1168 seudum
2237 1106 2340 1168 virum
2361 1103 2465 1184 despue

461 1197 584 1273 minus,
617 1218 719 1278 quum
739 1217 878 1278 poenam
906 1193 1143 1281 denuntiandO,
1176 1193 1218 1258 ad
1247 1194 1445 1276 resipiscen-'
1490 1192 1609 1254 ratione
1630 1190 1753 1272 adipere
1774 1190 1809 1253 iu
1828 1191 1980 1270 feroran:
2003 1189 2117 1254 Sabaei
2137 1191 2299 1254 crudeliter
2318 1194 2346 1253 et
2366 1189 2465 1270 impie

462 1283 544 1345 tiam
571 1290 681 1346 monot-
703 1303 757 1347 eos
784 1282 901 1364 quibus
929 1281 1001 1344 vult
1027 1300 1174 1361 parcere,
1200 1301 1299 1361 quam
1321 1280 1439 1344 volun·
1491 1277 1527 1340 iu
1553 1276 1658 1339 aliena
1680 1276 1759 1339 boua
1773 1276 1956 1356 praedando
1978 1277 2122 1341 iuooiaut.
2166 1276 2316 1358 Apruscit
2338 1273 2394 1338 lob
2416 1274 2465 1338 di·

461 1373 530 1430 tate
551 1367 727 1448 quidquam
749 1373 867 1443 variet,
902 1388 939 1430 ao
966 1388 1008 1430 ne
1032 1386 1180 1430 sermone
1202 1365 1347 1447 quidem;
1375 1366 1439 1429 nisi
1490 1363 1610 1424 aindas
1630 1382 1663 1425 se
1684 1366 1810 1425 cardum
1830 1381 1895 1425 esse
1915 1361 2058 1426 omuibus
2076 1363 2226 1442 (emaum,
2249 1365 2329 1424 etse
2343 1379 2466 1441 paupe-

463 1451 548 1533 quod
567 1452 753 1536 syllabatim
770 1473 836 1517 non
854 1453 1008 1533 exprimit
1025 1451 1110 1532 quod
1128 1450 1311 1533 intelligere
1329 1459 1439 1515 tamen
1490 1467 1556 1511 rem
1582 1450 1701 1527 (aetum
1728 1448 1804 1527 quia
1832 1448 1878 1512 sie
1899 1447 2056 1528 placuerit
2077 1447 2153 1511 Deo.
2197 1447 2282 1529 Erqo
2310 1443 2466 1526 quidquid

462 1546 649 1619 promptum
672 1546 729 1602 est.
765 1535 934 1618 Siquidem
954 1536 1038 1600 illud
1059 1536 1184 1601 Iesaiae
1205 1536 1271 1618 (14,
1291 1537 1346 1619 27)
1368 1556 1438 1599 ma·
1490 1533 1604 1614 aqitent
1625 1531 1779 1609 homines,
1806 1532 1854 1596 uel
1875 1537 1967 1596 satan
1988 1534 2068 1614 ipso,
2096 1531 2185 1596 Deus
2212 1538 2314 1596 tamen
2341 1531 2466 1595 clavum

462 1644 541 1686 nere
561 1644 677 1687 verum
699 1631 839 1704 oportet,
868 1620 1031 1686 Dominus
1056 1622 1259 1686 exercituum
1281 1621 1446 1686 delibera·
1490 1623 1580 1694 tenet,
1607 1622 1643 1680 ut
1670 1617 1712 1681 ad
1738 1619 1930 1698 assequenda
1956 1639 2017 1682 sua
2043 1618 2164 1683 iudicio
2187 1621 2337 1682 conratat
2358 1635 2467 1680 eorum

462 1709 526 1783 vit,
551 1716 584 1771 et
605 1709 676 1790 quis
696 1708 815 1789 poterit
836 1706 1033 1772 dissolvere?
1060 1727 1180 1771 manus
1202 1707 1272 1772 eius
1294 1714 1437 1785 extenta,
1490 1707 1625 1767 modus.
1677 1702 1751 1767 Vult
1777 1701 1867 1766 Deus
1892 1703 2050 1784 pertidum
2081 1725 2180 1786 repom
2206 1702 2315 1767 Acbab
2345 1700 2467 1783 decipi:

462 1801 496 1857 et
517 1794 589 1905 ψ
611 1800 737 1858 avertet
757 1792 850 1856 eam?
1004 1807 1008 1813 ’
1489 1808 1614 1869 operam
1645 1808 1738 1852 suam
1768 1788 1856 1868 offert
1879 1788 2021 1855 auleas
2047 1789 2090 1852 ad
2118 1809 2187 1853 eam
2217 1809 2298 1867 rem,·
2327 1786 2468 1851 mittitur

750 1893 756 1904 ¹
1490 1894 1560 1937 cum
1591 1879 1670 1937 certo
1701 1874 1862 1951 marrdato,
1894 1879 1931 1938 ut
1959 1876 2002 1938 sit
2027 1875 2161 1954 spiritus
2186 1875 2320 1939 murdac
2351 1874 2388 1936 iu
2413 1892 2467 1936 ore

1491 1960 1629 2057 ameriam
1644 1959 1870 2040 prophetarum
1891 1959 1923 2042 (l
1943 1960 2026 2043 Reg.
2048 1963 2104 2057 22,
2126 1964 2166 2024 20
2185 1959 2297 2042 seqq).
2341 1956 2379 2022 Si
2400 1956 2468 2022 Dei

791 2098 1098 2166 OAPUTXVIH·
1490 2045 2469 2212 tittttttttttttttttattt‘at

460 2241 602 2321 Deum
640 2240 701 2322 ita
730 2240 957 2351 impiorum
987 2272 1116 2354 opera
1145 2243 1231 2348 uti,
1269 2253 1314 2323 et
1349 2243 1439 2323 aui-
1489 2216 1987 2382 fflfflmlffnmlm
2008 2218 2190 2368 mm
2200 2216 2368 2366 mm
2388 2212 2470 2363 Ἢ

459 2389 551 2441 mos
583 2359 754 2441 flectere
786 2361 840 2442 ad
871 2363 1140 2472 exsequenda
1171 2392 1248 2445 aua
1272 2362 1437 2468 iudicia,
1490 2388 1580 2452 darie
1593 2351 1790 2469 propomam
1811 2392 1855 2451 est
1878 2323 2042 2452 Claudii
2058 2388 2268 2470 astrapaea
2288 2349 2418 2451 Padus
2439 2389 2470 2450 a

495 2490 546 2560 ut
575 2508 708 2589 purus
739 2479 830 2590 ipse
861 2483 914 2563 ab
944 2484 1057 2564 omni
1087 2483 1183 2564 labe
1213 2493 1392 2563 maneat.
1489 2470 2471 2639 Zsslffffmzzlfflomnpfflssfflmwmm

550 2648 576 2708 1.
621 2642 676 2708 Eu
703 2645 779 2708 aliis
807 2647 898 2724 loeis,
926 2645 980 2717 ubi
1000 2646 1090 2711 Deras
1113 2651 1258 2712 satanam
1279 2648 1384 2728 ipsum
1410 2653 1438 2712 et
1489 2664 1592 2708 munes
1620 2645 1735 2724 impios
1760 2645 1826 2709 uisi
1854 2644 1936 2725 quod
1956 2664 2070 2708 manus
2096 2649 2125 2708 et
2145 2608 2309 2709 eonsilium
2328 2641 2394 2707 Dei
2416 2642 2501 2714 aa.

460 2749 562 2795 omues
581 2728 724 2810 reprobos
744 2750 800 2795 suo
821 2731 953 2797 arbitrio
970 2733 1087 2812 (testem
1106 2734 1155 2798 oei
1174 2732 1295 2797 trabere
1312 2733 1436 2812 dieitm,
1489 2736 1646 2794 oreouaut
1672 2728 1760 2814 (Aet
1782 2735 1817 2808 4,
1837 2728 1903 2813 28).
1956 2729 2056 2795 Sicuti
2083 2731 2150 2794 iam
2176 2734 2247 2794 aute
2272 2728 2471 2793 emtum-r

461 2814 625 2896 difficilior
653 2817 778 2897 emerpit
803 2819 949 2896 quaestio.
997 2818 1151 2898 Quourodo
1179 2820 1263 2882 euim
1283 2839 1344 2899 per
1364 2819 1437 2883 iilos
1487 2817 1593 2898 fuerat
1627 2815 1754 2894 Petrus,
1788 2814 1914 2895 delinito
1946 2817 2076 2882 eousdio
2106 2821 2135 2880 et
2161 2814 2373 2898 praescientia
2400 2812 2471 2879 Det

461 2920 556 2982 opens
583 2899 705 2965 uuliom
732 2921 771 2964 ec
804 2921 908 2966 eorum
934 2903 1010 2968 vitio
1038 2903 1138 2969 labem
1166 2903 1340 2982 cumulat,
1373 2905 1436 2968 imo
1487 2902 1639 2965 traditum
1664 2901 1766 2984 fuisse
1792 2906 1829 2965 ut
1855 2901 2079 2983 interficeretur
2100 2900 2191 2983 (ibid.
2213 2905 2247 2978 2,
2272 2899 2345 2985 23),·
2376 2920 2415 2965 ac
2438 2899 2471 2965 si

460 2986 496 3048 iu
518 3005 605 3066 opere
626 2987 780 3050 eorumuui
806 2987 845 3051 ab
866 2990 950 3053 omni
970 2989 1065 3070 eulpa
1085 2989 1128 3053 sit
1144 2991 1311 3067 inmunis,
1339 2991 1436 3055 mini·
1487 2988 1607 3065 diceret
1629 2985 1735 3051 Deum
1756 2986 1861 3072 (quem
1877 2986 1961 3052 nibil
1981 2989 2020 3052 ab
2036 2989 2128 3052 initio
2145 2984 2252 3070 mtait)
2274 2987 2418 3051 scientem
2442 2988 2472 3049 et

459 3076 540 3134 stros
566 3075 669 3134 autem
688 3092 763 3136 suos
781 3072 862 3138 iuste
882 3075 1022 3152 dorma,
1050 3075 1105 3139 aiu
1132 3077 1217 3156 capit
1239 3095 1437 3157 seususear-
1487 3073 1633 3137 rotonum
1654 3073 1800 3138 stataime
1820 3074 1901 3154 quod
1923 3073 2038 3139 Iudaei
2060 3073 2221 3156 exsequuti
2241 3077 2320 3138 suut.
2363 3070 2472 3137 Sirmi

459 3156 520 3218 uis.
553 3155 640 3219 Hine
661 3161 784 3236 reperta
797 3159 962 3229 ,distinctio
983 3161 1065 3224 inter
1084 3181 1173 3242 apere
1195 3165 1224 3224 et
1239 3162 1436 3242 permittere:
1488 3157 1566 3222 aiibi
1588 3158 1728 3242 (ibid.3,
1751 3157 1805 3243 18)
1827 3160 1943 3240 repetit,
1966 3157 2057 3224 Deus
2078 3161 2133 3239 qai
2148 3158 2388 3240 praenuntiavit
2404 3176 2472 3238 per

323 3274 328 3327 T
455 3242 534 3322 quia
555 3239 606 3304 die
626 3242 726 3306 uodus
742 3244 852 3308 multis
868 3245 1100 3326 inexplicabilis
1117 3247 1205 3310 uiues
1222 3251 1274 3326 est,
1296 3247 1353 3311 aab
1371 3247 1437 3313 Dei
1488 3264 1591 3309 omues
1616 3264 1691 3309 suos
1712 3244 1883 3326 propbetas
1909 3265 2086 3325 passerum
2117 3265 2182 3309 esse
2210 3242 2384 3321 Christum,
2421 3242 2472 3308 ita

225 3357 230 3369 ·
298 3368 323 3415 .·
454 3345 552 3391 mauu
579 3330 607 3389 ct
632 3327 764 3408 inperio
791 3333 937 3394 satanam
960 3335 989 3395 et
1014 3332 1131 3413 impios
1157 3352 1261 3397 onnus
1288 3333 1334 3396 ita
1362 3353 1436 3412 esse,
1486 3330 1634 3411 impleut.
1662 3329 1813 3394 Absaiom
1829 3330 1942 3395 iruesto
1961 3332 2051 3409 coita,
2127 3331 2175 3395 ris
2198 3333 2298 3395 torum
2308 3328 2470 3409 polluam,

453 3416 489 3475 ut
518 3432 624 3477 eorum
654 3413 813 3479 malitiam
838 3416 874 3478 iu
899 3435 1109 3497 quancunque
1135 3419 1239 3482 risum
1267 3424 1312 3483 est
1341 3418 1436 3499 (inem
1486 3415 1660 3480 ddestabrle
1691 3415 1793 3481 scelus
1817 3421 1978 3497 perpetrat
2010 3418 2044 3501 (2
2097 3437 2159 3480 am.
2188 3421 2242 3494 16,
2268 3415 2341 3497 22),·
2373 3413 2472 3480 Deus

453 3497 631 3580 diripat,.et
651 3497 815 3564 seelenbus
830 3505 937 3565 matur
953 3502 997 3566 ad
1012 3503 1208 3584 exsequenda
1226 3523 1286 3568 sua
1303 3504 1433 3569 iudicia.
1487 3506 1590 3567 tamen
1616 3501 1670 3567 boc
1696 3520 1775 3580 opus
1800 3520 1894 3566 suum
1922 3522 1986 3567 esse
2005 3496 2202 3583 pronuntiat.
2253 3500 2354 3566 Verba
2380 3501 2472 3564 euim

455 3583 506 3648 Ac
528 3583 717 3681 excusabilis
735 3584 814 3666 forte
834 3592 911 3651 esset
931 3607 1037 3652 eonem
1056 3589 1222 3666 nrodestia,
1248 3610 1325 3670 quos
1345 3595 1436 3654 terret
1487 3593 1560 3652 sunt
1581 3587 1673 3671 (ibid
1696 3590 1744 3666 12,
1766 3587 1837 3672 12).·
1864 3591 1900 3651 tu
1918 3588 2019 3669 fecisti
2042 3589 2168 3666 ocadte;
2195 3608 2247 3669 epo
2268 3606 2338 3651 vero
2350 3585 2472 3665 putam

454 3669 661 3765 absurditates
682 3671 805 3750 species,
828 3673 894 3736 uisi
914 3674 997 3755 quod
1010 3694 1180 3756 perperam
1202 3676 1358 3740 mendacii
1373 3698 1435 3758 pa-
1484 3674 1619 3755 (mium,
1647 3678 1676 3737 et
1701 3692 1807 3738 coram
1832 3673 1894 3738 sote
1920 3672 1982 3750 boc.
2029 3674 2190 3755 Quidquid
2211 3673 2358 3737 suediae
2377 3691 2471 3735 arer-

455 3758 584 3817 trocruro
602 3774 739 3819 asserere
756 3760 873 3821 tentant
888 3758 952 3823 Dei
970 3761 1127 3825 iustitiam
1143 3761 1183 3824 ab
1200 3762 1285 3824 anui
1301 3763 1436 3826 sinistra
1486 3763 1551 3823 cent
1574 3758 1725 3824 Obadtaei
1751 3759 1788 3822 iu
1816 3757 1954 3839 Iudaea,
1988 3780 2065 3840 opus
2092 3759 2157 3824 Dei
2188 3779 2254 3823 osse
2280 3757 2472 3839 momordiat

455 3842 536 3902 uota.
572 3837 764 3936 ¹Absardum
784 3842 920 3921 videtu,
947 3846 1063 3910 uobeute
1091 3864 1128 3910 ao
1153 3846 1273 3911 iuberem
1294 3845 1362 3911 Deo
1382 3868 1435 3912 ea-
1486 3844 1640 3909 Ieremias
1661 3845 1732 3928 (50,
1751 3845 1817 3927 25).
1864 3846 1933 3926 Qua
1958 3847 2078 3909 ratione
2108 3844 2352 3910 Nabucadueeer
2377 3861 2473 3908 voea-

455 3941 578 3987 caecara
599 3922 765 4022 Ιιιιιιιιιιιιι,
795 3930 850 4008 qui
872 3950 944 3994 moa
965 3932 1123 3997 caecitates
1144 3952 1221 3996 suae
1237 3952 1357 4015 poeuas
1378 3935 1435 4000 da-
1485 3935 1537 3994 tur
1559 3931 1623 3996 Dei
1644 3950 1761 3994 suuis.
1807 3928 1932 3994 Clamat
1946 3931 2075 4010 passim
2096 3929 2195 4008 Deus,
2218 3949 2275 3994 suo
2297 3928 2397 4008 subdo,
2421 3933 2473 3994 tu·

408 4088 414 4098 ¹
455 4012 554 4104 turus·
567 4014 618 4072 est.
655 4009 897 4108 Terproorsaudo
919 4017 1024 4096 itaque
1045 4019 1206 4101 effupiuut,
1228 4017 1292 4083 Dei
1314 4023 1435 4083 tautam
1485 4018 1540 4081 bae
1561 4037 1637 4081 arae
1659 4016 1809 4098 clauqore,
1829 4017 1960 4097 imperio
1981 4022 2010 4081 et
2030 4018 2121 4081 iussu
2138 4016 2268 4080 aratori·
2284 4015 2402 4097 impios
2425 4015 2476 4081 aa

449 4113 624 4176 parnasse,
656 4114 717 4157 nou
749 4102 844 4162 etiam
876 4101 1029 4167 uoluntate
1057 4104 1122 4168 troc·
1136 4103 1217 4184 (ieri.
1261 4103 1336 4187 Ipse
1362 4126 1434 4170 uero
1484 4102 1610 4181 belium;
1631 4102 1805 4184 Assyrium
1821 4107 1907 4167 uocat
1922 4103 2045 4186 oirqom
2059 4103 2182 4184 furoris
2201 4101 2262 4179 sui,
2283 4106 2313 4166 et
2328 4101 2472 4165 securim

448 4179 566 4262 palam
585 4199 618 4243 se
637 4179 740 4278 facua
755 4187 981 4264 prouardiaus,
1004 4189 1153 4271 effuqium
1174 4190 1257 4254 iliud
1276 4193 1432 4272 repudiat.
1484 4209 1580 4270 quam
1611 4209 1710 4252 mauu
1742 4209 1803 4252 sua
1833 4193 1929 4253 movet
1961 4189 2038 4272 (Ias.
2066 4193 2100 4267 5,
2126 4191 2166 4250 26
2194 4195 2226 4253 et
2251 4193 2306 4264 10,
2333 4191 2351 4248 5
2376 4191 2470 4271 eta).

456 4264 658 4362 Quodam
668 4264 749 4330 urbii
766 4267 904 4363 efficiant
915 4270 1053 4337 lemnius
1062 4276 1128 4338 uisi
1138 4295 1254 4340 arcano
1265 4274 1330 4341 Dei
1342 4284 1433 4358 nutu,
1486 4273 1616 4340 Cladem
1642 4273 1733 4339 urbis
1764 4280 1891 4339 sauctae
1923 4279 1950 4338 et
1981 4275 2085 4356 templi
2113 4275 2244 4338 ruinam
2270 4276 2358 4337 amat
2384 4291 2471 4354 optas

452 4350 703 4433 necquidquam
729 4353 925 4450 deliberando
948 4359 1063 4440 oqitent
1083 4361 1148 4424 uisi
1175 4362 1256 4440 quod
1276 4364 1344 4443 ipse
1365 4365 1433 4428 iam
1483 4381 1586 4425 saum.
1630 4360 1740 4425 David
1762 4381 1825 4425 uon
1854 4360 2030 4441 obstrepens
2050 4359 2136 4438 Deo,
2163 4360 2217 4424 sed
2238 4362 2357 4423 iustum
2378 4358 2471 4423 iudi·

453 4437 541 4533 apud
558 4457 591 4501 se
604 4438 793 4537 'demeruit'
811 4444 840 4503 et
860 4461 979 4538 arcana
999 4464 1059 4507 arra
1080 4446 1244 4510 directique
1260 4449 1432 4526 constituat,
1484 4467 1546 4511 oem
1568 4467 1748 4529 aquescens,
1775 4467 1814 4511 eu
1839 4447 1929 4511 iltius
1949 4453 2052 4510 tamen
2073 4447 2166 4509 iussu
2181 4446 2348 4526 ριιιιιιιιι
2367 4443 2470 4508 mate-

452 4542 627 4620 ruuumerrs
648 4523 792 4589 etaloris
810 4529 994 4592 memoriis
1005 4529 1165 4610 probatur.
1198 4532 1285 4612 Quod
1302 4540 1373 4598 aute
1389 4535 1433 4600 oi-
1482 4533 1566 4598 diota
1588 4531 1689 4597 Serrei
1704 4533 1821 4613 fatetur
1835 4531 1869 4614 (2
1889 4529 1977 4596 Sam.
2001 4535 2048 4605 16,
2071 4530 2134 4614 10).
2163 4530 2330 4607 Dominus,
2347 4530 2467 4610 iuquit,

452 4611 588 4672 lauimus
610 4629 648 4706 eac
667 4609 804 4689 Psalmo,
826 4610 931 4675 Deum
951 4633 1147 4696 quaecuuque
1168 4618 1234 4682 aurit
1253 4618 1363 4698 saeue,
1388 4619 1432 4685 ad
1482 4619 1578 4683 iussit
1604 4638 1675 4682 curn
1694 4617 1884 4682 maledicere.
1931 4616 2066 4698 Saepius
2090 4618 2126 4679 iu
2147 4638 2240 4682 sacra
2261 4615 2393 4681 historia
2416 4635 2469 4681 oe-

452 4711 555 4756 oruues
572 4701 706 4759 adamus
721 4695 883 4794 luoruiuum
900 4701 1055 4780 pertinere
1072 4708 1187 4766 certum
1204 4708 1255 4768 est.
1286 4702 1324 4768 Si
1340 4704 1432 4770 Deus
1482 4705 1594 4781 currit,
1623 4704 1778 4783 quidquid
1803 4703 1939 4779 accida,
1962 4702 2122 4782 ριοριιῗειι
2142 4725 2163 4767 a
2184 4702 2337 4780 Domino,
2365 4702 2468 4767 siurti

452 4776 607 4876 bellorum·
626 4785 653 4843 et
673 4802 768 4861 paors
795 4789 896 4849 certus
922 4788 966 4848 est
992 4786 1122 4867 arbiter,
1154 4793 1189 4852 ut
1217 4789 1284 4854 illic
1304 4791 1429 4869 dicutur,
1481 4788 1740 4855 decemtribuum
1763 4788 2310 4869 defectionem,iuteritumfiliorum
2326 4787 2412 4866 Heli,
2435 4792 2466 4852 d

452 4863 546 4960 adque
578 4885 644 4928 saue
672 4867 741 4931 ulia
774 4871 959 4950 exceptione,
992 4892 1025 4936 eo
1052 4873 1152 4942 inscio
1183 4881 1239 4938 aut
1262 4877 1432 4956 quiescente
1481 4877 1620 4940 eiusdem
1638 4875 1761 4957 pauoris
1776 4875 1947 4953 perurulta.
1995 4875 2056 4954 (lui
2085 4876 2279 4941 mediocriter
2299 4874 2465 4938 medati

452 4946 590 5045 lromrucs
611 4970 697 5046 caeco
718 4959 801 5049 motu
822 4961 931 5021 temam
955 4956 1037 5037 ferri
1063 4961 1135 5041 quis
1162 4960 1262 5025 dicere
1282 4963 1430 5027 audebit?
1480 4966 1554 5026 suut
1574 4961 1610 5022 iu
1631 4961 1811 5039 scripturis,
1836 4961 1941 5024 uident
1961 4981 2009 5024 me
2030 4981 2068 5024 ea
2088 4961 2195 5026 multis
2210 4980 2317 5041 pauca
2338 4963 2464 5023 ἰαιιίιιιιι

455 5031 516 5111 Sed
542 5055 576 5097 ru
594 5037 787 5135 specialibus
808 5043 956 5124 exemplis
972 5043 1050 5125 plus
1076 5045 1157 5109 lucis
1178 5048 1244 5110 erit.
1286 5047 1340 5111 Ea
1356 5050 1429 5127 pri
1474 5045 1619 5127 proferre
1639 5045 1830 5122 testimonia,
1857 5051 1893 5109 ut
1914 5046 2056 5110 brevitati
2076 5047 2252 5125 consulam;
2278 5066 2317 5111 ea
2343 5045 2462 5125 quibus

451 5137 501 5183 rno
528 5126 628 5218 capite
650 5120 705 5184 Iob
731 5143 847 5219 surmus
873 5134 1021 5194 satanam
1046 5151 1080 5196 se
1107 5151 1213 5196 eoram
1232 5132 1300 5196 Deo
1321 5133 1429 5198 sistere
1480 5139 1583 5197 tamen
1602 5131 1683 5194 satis
1703 5150 1858 5210 superque
1877 5131 1973 5212 liquot
1992 5133 2107 5214 uuqori
2124 5154 2174 5198 eos
2191 5138 2220 5197 et
2239 5131 2379 5214 ineptire,
2402 5132 2462 5212 qui

451 5205 494 5269 ad
520 5207 703 5304 eacrprerula
729 5229 833 5306 cussa,
859 5235 921 5278 uou
947 5216 1055 5281 miuus
1080 5237 1176 5298 quam
1202 5220 1341 5300 auqelos,
1371 5221 1429 5299 qai
1478 5219 1514 5281 iu
1541 5217 1640 5281 locum
1662 5217 1879 5295 providortiae
1900 5217 1964 5282 Dei
1991 5218 2110 5282 riudam
2125 5218 2364 5299 permissiorum
2385 5217 2461 5281 sub·

450 5298 555 5369 sponte
574 5292 732 5390 obediurrt;
758 5294 877 5361 deraso
904 5301 1029 5381 quidem
1057 5303 1092 5368 id
1113 5303 1203 5368 modo
1223 5309 1250 5368 et
1268 5304 1344 5384 bue,
1373 5305 1429 5368 sed
1478 5303 1626 5379 stituuut,
1656 5321 1692 5364 ac
1718 5303 1749 5366 si
1774 5303 1809 5366 iu
1834 5305 1956 5383 sperum
1978 5306 2085 5369 sedens
2106 5309 2291 5386 suspectaret
2309 5304 2461 5385 fortuitos

449 5379 551 5441 tamen
573 5399 610 5441 ue
631 5378 710 5477 quid
731 5381 859 5477 appredi
877 5387 990 5468 possit,
1012 5389 1078 5453 uisi
1099 5390 1213 5455 volente
1233 5389 1310 5453 Deo.
1352 5389 1429 5454 Etsi
1478 5393 1617 5466 mortus,
1643 5392 1736 5479 atque
1756 5389 1803 5452 ita
1824 5391 1893 5455 eius
1915 5391 2035 5455 iudicia
2050 5391 2220 5471 perderent
2240 5391 2279 5454 ab
2295 5389 2460 5454 boninum

449 5466 537 5529 uada
552 5482 723 5562 permissio
744 5465 854 5563 dando
873 5470 987 5534 subiici
1008 5474 1143 5555 ordetm,
1165 5480 1199 5539 ut
1220 5481 1362 5541 sanetum
1381 5477 1427 5539 oi-
1478 5474 1617 5539 arbitrio.

449 5565 522 5613 rum
544 5549 781 5648 ofllrpat,·qura
802 5557 905 5649 tamen
926 5576 999 5619 cera
1020 5565 1064 5622 est
1084 5561 1144 5626 ilia
1165 5562 1316 5626 sententia
1339 5561 1423 5645 (Iob.
1563 5563 1592 5624 2.
1640 5560 1798 5640 Qreautam
1820 5563 1863 5627 ad
1884 5581 2016 5626 arcanos
2036 5566 2137 5626 motus
2157 5566 2287 5642 medat,
2314 5561 2397 5643 quod
2417 5561 2459 5628 de

448 5634 476 5715 1,
498 5633 570 5719 21).·
602 5634 759 5701 Dominus
785 5637 884 5718 dedit,
911 5638 1070 5707 Dominus
1091 5647 1231 5728 abstulit,
1257 5648 1338 5712 siuet
1357 5645 1426 5712 Deo
1476 5648 1565 5713 eorde
1585 5647 1668 5730 repis
1683 5648 1849 5728 praedicat
1872 5647 1993 5712 Solonio
2014 5647 2126 5730 (Prov.
2146 5651 2204 5727 21,
2226 5647 2273 5732 l),
2293 5647 2374 5728 (mati
2394 5647 2458 5715 buo
