5600 6809
399 779 460 840 693
620 773 709 840 Lm.
732 772 797 837 111.
841 774 905 839 DE
926 771 1063 839 MODO
1085 771 1436 839 PnRoffmNDAn
1457 769 1650 838 cna-Isiu
1671 771 1890 840 cutmen.
1935 772 2035 841 GAP.
2057 773 2175 841 ΧΧΠ.
2335 777 2399 841 694

397 982 454 1045 pue
470 961 568 1026 buius
582 960 776 1025 rectionem
790 961 1033 1042 dispensatorem
1049 966 1079 1025 et
1095 959 1250 1025 arbitrum
1268 960 1372 1041 facere
1422 959 1500 1041 quio
1527 959 1564 1023 in
1590 961 1799 1047 eorpsonanda
1825 981 1932 1026 eorum
1957 962 2057 1027 salute
2077 964 2158 1043 quod
2173 964 2334 1045 pollicitus
2353 971 2401 1030 est

396 1068 429 1113 se
456 1047 572 1124 colem,
593 1046 735 1127 praecise
762 1050 854 1128 nepot
879 1066 912 1110 se
939 1046 998 1109 uni
1020 1048 1128 1128 potius
1157 1067 1253 1127 qinom
1279 1045 1371 1110 alteri
1417 1044 1609 1127 praestabit·
1634 1066 1741 1127 nonme
1767 1053 1886 1111 maeret
1905 1045 1970 1111 Dei
1992 1050 2162 1128 pomatium
2188 1069 2269 1130 quae
2294 1051 2400 1114 maior

395 1135 462 1216 fore
477 1133 704 1198 misericordem
721 1133 786 1197 nisi
802 1132 878 1212 quio
895 1131 941 1195 ita
958 1131 1096 1210 libuerit·
1113 1133 1191 1212 quia
1208 1131 1262 1196 ubi
1279 1151 1371 1211 qnae
1422 1131 1565 1194 omnibus
1585 1135 1637 1195 ast.
1682 1131 1769 1195 Nam
1789 1133 1870 1212 quod
1891 1132 1970 1197 alibi
1996 1134 2072 1197 dicit
2099 1133 2227 1216 (Ioann.
2254 1139 2302 1211 17,
2329 1134 2398 1218 12)·

396 1221 477 1285 renti
498 1217 713 1282 misericordia
735 1218 878 1294 occurrit
906 1217 964 1281 etsi
984 1218 1146 1298 repulsam
1167 1238 1228 1282 non
1244 1217 1371 1297 patitur
1416 1220 1511 1295 pater
1531 1235 1570 1279 ea
1591 1216 1643 1280 bis
1664 1237 1742 1297 quos
1761 1218 1877 1282 dedidi
1897 1218 1975 1281 mibi
1996 1239 2083 1282 nemo
2099 1221 2197 1298 periit
2217 1220 2282 1283 nisi
2306 1219 2398 1301 filius

397 1306 450 1370 ille
467 1303 599 1385 quictem,
615 1304 754 1384 [comem
770 1308 880 1380 tamen,
901 1304 992 1366 euius
1010 1303 1135 1367 laudem
1151 1303 1213 1366 sibi
1231 1302 1372 1366 vendicat
1416 1300 1616 1380 perditionis,
1637 1304 1694 1366 etsi
1715 1302 1932 1387 καταχρηστική
1954 1309 1998 1368 cst
2019 1305 2162 1385 muntia,
2184 1305 2275 1369 nulla
2293 1311 2398 1369 tamen

397 1390 496 1467 Deus,
518 1393 574 1452 aut
589 1389 763 1470 praeuenit,
786 1393 842 1451 out
862 1409 901 1452 eo·
919 1393 1010 1471 parte
1028 1388 1090 1453 sibi
1112 1389 1255 1468 acquirit.
1422 1387 1621 1468 ombipuitatc
1639 1388 1765 1451 laborat.
1799 1389 1929 1453 Summo
1946 1394 1999 1466 est,
2021 1390 2127 1454 Deum
2141 1391 2284 1473 potuita
2302 1392 2398 1471 adop·

484 1478 512 1537 7.
548 1474 642 1538 Nunc
660 1474 698 1538 de
719 1495 753 1538 re
774 1479 835 1538 tota
851 1473 1032 1555 pronuntiet
1052 1494 1216 1554 supremus
1237 1474 1371 1555 oopnitor
1421 1472 1501 1536 tione
1523 1493 1626 1536 creare
1647 1493 1723 1554 quos
1743 1475 1809 1537 cult
1830 1474 1941 1538 babere
1955 1475 2054 1556 filiam
2074 1477 2142 1540 eius
2162 1496 2233 1539 cero
2254 1476 2398 1541 intrinse-

397 1581 435 1625 ac
451 1561 607 1642 mapister.
643 1559 778 1623 l‘orrlom
795 1560 831 1623 in
847 1560 918 1622 suis
935 1559 1130 1624 auditoribus
1145 1560 1292 1623 duritiem
1309 1578 1371 1621 cer-
1422 1576 1491 1622 eam
1512 1577 1577 1621 esse
1597 1559 1633 1620 in
1654 1560 1723 1639 ipso
1741 1579 1878 1637 causam,
1902 1562 1979 1641 quia
2001 1580 2117 1624 creone
2137 1581 2194 1625 suo
2215 1560 2398 1643 beneplaciti

398 1667 483 1724 neris,
504 1650 540 1709 ut
560 1646 647 1725 apud
667 1644 791 1709 turbam
812 1645 905 1708 cerba
922 1665 1021 1724 prope
1044 1646 1112 1709 sine
1137 1644 1243 1725 fructu
1262 1645 1370 1725 fundo·
1421 1648 1575 1707 eontentus
1595 1649 1648 1708 est.

397 1736 503 1810 retal
517 1732 675 1795 medeatur
691 1729 763 1794 linio
778 1729 1105 1807 sandaamadomot
1121 1730 1249 1813 (Ioann.
1260 1733 1288 1807 6,
1299 1729 1371 1813 37)·
1508 1733 1537 1791 8.
1581 1729 1629 1792 At
1650 1728 1853 1808 Ambrosius,
1877 1728 2049 1812 Origenes,
2072 1730 2298 1814 Hieronymus
2320 1752 2397 1795 cen-

397 1816 552 1899 quidquid
571 1817 626 1880 dat
646 1815 725 1879 mibi
742 1820 842 1896 paler,
864 1814 907 1878 cd
927 1835 975 1880 me
995 1817 1106 1894 aenid;
1128 1816 1203 1880 baec
1223 1817 1306 1880 enim
1326 1819 1371 1879 est
1422 1821 1570 1891 sumunt,
1591 1812 1701 1878 Deum
1721 1835 1816 1878 suam
1834 1816 1975 1897 gratiam
1992 1816 2080 1879 inter
2097 1815 2247 1880 homines
2264 1816 2397 1898 dispen-

397 1903 539 1968 coluntas
552 1902 668 1980 patris,
690 1906 726 1964 ut
747 1901 901 1982 quidquid
920 1901 1039 1965 dederit
1058 1901 1138 1965 mibi
1158 1921 1220 1966 non
1235 1903 1370 1981 perdam
1422 1918 1503 1975 sare,
1530 1908 1631 1981 prout
1656 1920 1695 1963 ea
1723 1921 1886 1982 quemque
1916 1900 1999 1965 bene
2020 1922 2158 1966 usurum
2189 1900 2396 1982 praeviderit

397 2010 435 2053 ea
457 2009 490 2052 eo
510 1987 689 2067 quidquam.
726 1986 860 2050 Obseraa
877 1987 1017 2068 epatris
1039 1987 1203 2051 donatione
1221 1987 1293 2066 fieri
1312 1987 1371 2050 ini·
1421 1983 1526 2061 Adde,
1550 1993 1584 2047 et
1604 1986 1829 2067 Augustinum
1841 1986 1866 2069 ¹)
1889 1987 1923 2049 in
1945 2006 1984 2049 ea
2005 1987 2105 2050 fuisse
2127 1985 2300 2067 aliquando
2321 2008 2397 2051 sen·

397 2076 483 2150 tium,
505 2077 541 2135 ut
556 2073 591 2135 in
611 2070 729 2136 Oloristi
744 2071 838 2151 fidam
859 2092 896 2136 ac
914 2071 1084 2136 clientelam
1100 2074 1275 2137 tradamur.
1310 2071 1370 2135 Re-
1422 2069 1540 2147 tentia;
1573 2068 1630 2133 sed
1662 2091 1764 2151 quum
1791 2071 1910 2135 melius
1938 2072 1975 2135 in
2001 2073 2182 2153 scripturae
2210 2072 2397 2153 cognitione

396 2160 493 2224 calcet
512 2156 562 2222 bic
583 2157 662 2238 forte
679 2157 839 2238 quispiam
855 2157 1013 2234 airadum,
1035 2163 1127 2239 atque
1146 2158 1283 2238 excipiet,
1305 2178 1370 2222 een-
1422 2155 1627 2236 profecisset,
1654 2177 1721 2220 non
1750 2157 1939 2221 retractavit
1967 2157 2064 2221 modo
2086 2164 2126 2220 ut
2146 2156 2315 2221 evidenter
2336 2157 2397 2221 fal·

395 2246 459 2310 seri
480 2245 515 2307 in
531 2244 638 2322 patris
654 2244 777 2324 peculio
798 2263 849 2306 eos
870 2243 1024 2307 duruerat
1043 2263 1175 2324 quorum
1190 2244 1370 2309 uoluntaria
1422 2261 1502 2316 sam,
1526 2240 1582 2304 sed
1604 2241 1733 2305 fortiter
1753 2243 1940 2307 confutavit.
1982 2240 2071 2322 Quin
2093 2250 2223 2324 etpost
2244 2250 2398 2308 retracta-

396 2351 434 2395 ea
455 2328 516 2408 tide
535 2328 600 2409 fuit
619 2328 741 2393 dmitio.
774 2327 874 2408 Atqui
896 2330 931 2392 in
952 2349 985 2393 ec
1006 2333 1126 2393 wntum
1142 2328 1262 2393 loborat
1281 2327 1370 2393 Olori-
1421 2327 1553 2403 tionem,
1576 2325 1772 2410 Pelagianos
1794 2328 2046 2410 praestringens,
2069 2327 2155 2411 quod
2176 2328 2212 2390 in
2230 2347 2268 2392 eo
2286 2347 2398 2394 errem

397 2421 482 2491 stus,
514 2415 638 2477 etiamsi
668 2414 848 2495 defectiones
879 2414 1053 2496 inperitiam
1080 2413 1242 2478 turbarum
1274 2418 1370 2477 mlum
1421 2412 1648 2492 persisterent:
1672 2414 1745 2494 quis
1765 2414 1876 2493 istum,
1898 2414 2013 2495 inquit,
2023 2416 2052 2494 ²)
2075 2414 2300 2478 solutissimum
2322 2435 2397 2478 sen-

397 2500 549 2565 mundum
565 2500 745 2577 concutiant,
764 2498 893 2579 dmum
913 2505 1015 2564 tamen
1036 2499 1184 2580 coelisque
1204 2501 1286 2581 ipsis
1305 2505 1370 2563 sta·
1422 2518 1497 2561 sum
1526 2498 1671 2578 apostolo
1701 2498 1841 2563 defuisse
1876 2520 1942 2563 non
1979 2498 2141 2562 miretur?
2185 2520 2263 2563 nam
2296 2520 2398 2581 quum
2517 2551 2521 2554 .

398 2584 495 2650 bilius
514 2584 583 2665 fore
602 2585 768 2649 consilium
790 2583 861 2663 Dei,
884 2605 922 2649 ne
940 2605 1083 2665 unquam
1103 2585 1241 2650 labascat
1261 2585 1369 2650 electio.
1422 2603 1493 2646 rem
1514 2582 1713 2665 stupendam
1734 2585 1958 2666 proposuisset
1980 2585 2020 2648 dc
2042 2585 2107 2648 illis
2129 2583 2277 2648 nondum
2299 2585 2397 2664 natis,

398 2671 501 2735 Electi
527 2671 674 2734 dicontur
701 2675 773 2734 ante
799 2670 901 2751 faisse
920 2671 1028 2753 patris
1052 2691 1147 2752 quam
1173 2691 1223 2736 eos
1243 2672 1372 2736 donaret
1422 2675 1456 2731 ct
1487 2666 1604 2731 dcindc
1632 2667 1693 2731 sibi
1725 2671 1950 2752 quaestionem
1983 2670 2150 2735 obiiceret:
2185 2669 2263 2752 quid
2296 2668 2398 2754 ergo?
2519 2711 2522 2718 ·

397 2756 554 2838 unipenito
576 2754 652 2835 filio.
698 2756 866 2836 Quaeritur
886 2776 929 2820 an
949 2756 1178 2821 naturatimo
1198 2757 1254 2837 qui
1274 2757 1372 2820 alieni
1423 2751 1583 2833 numquid
1608 2761 1658 2817 cst
1683 2753 1840 2836 iniquitas
1868 2755 1956 2837 apud
1983 2753 2114 2820 Deum?
2146 2762 2219 2819 erat
2245 2756 2335 2820 locus
2360 2761 2401 2820 ut

397 2847 487 2908 erard
506 2841 653 2905 babendo
672 2861 745 2906 aras
764 2840 850 2922 facit.
894 2840 1004 2905 Maior
1023 2842 1104 2906 inest
1125 2839 1244 2907 Obristi
1271 2842 1371 2923 verbis
1423 2836 1642 2921 responderet,
1655 2837 1767 2903 Deum
1777 2840 1978 2920 praevidisse
1995 2842 2164 2922 utriusque
2182 2842 2312 2919 merita3
2331 2860 2400 2904 non

397 2928 535 3006 claritas,
564 2946 660 3008 quam
680 2931 716 2989 nt
745 2926 975 3009 terpioersando
1006 2926 1082 2991 ullis
1112 2927 1231 2992 nebulis
1262 2927 1371 2992 obduci
1423 2931 1537 2988 tamen
1564 2923 1626 2989 hoe
1653 2923 1746 3002 dicit,
1776 2924 1833 2990 sed
1849 2925 1902 2990 *ad
1923 2926 1987 2989 Dei
2014 2925 2134 2989 iudicia
2160 2933 2195 2989 et
2215 2926 2399 2990 misericor-

397 3018 496 3095 pueat.
530 3012 638 3090 Neruo,
661 3012 763 3092 iuquit
784 3012 914 3094 (Ioann.
939 3017 972 3089 6,
996 3013 1069 3093 44),
1085 3017 1185 3093 potest
1203 3014 1308 3078 venire
1328 3013 1372 3078 ad
1424 3009 1513 3073 diam
1534 3011 1689 3091 confugit
1733 3011 1781 3074 Et
1802 3010 1934 3094 alibi,⁸)
1962 3032 2065 3092 quum
2086 3011 2197 3074 omnia
2217 3018 2293 3075 ante
2315 3012 2429 3077 elce-1

397 3119 453 3175 nee,
474 3099 539 3163 nisi
554 3103 648 3179 pater
667 3099 801 3162 traxerit
820 3117 908 3178 eum;
932 3098 989 3178 qui
1008 3102 1110 3162 cumin
1131 3099 1255 3163 audiuit
1274 3103 1304 3163 et
1324 3098 1372 3163 dia
1423 3095 1548 3159 tionem
1570 3095 1688 3159 merita
1709 3096 1910 3160 sustulisset:
1941 3096 1995 3159 hic
2023 3103 2124 3172 certe,
2151 3096 2275 3177 inquit,
2304 3104 2401 3160 vacat

397 3184 474 3248 dicit
501 3205 522 3247 a
587 3189 645 3260 tre,
675 3183 728 3246 illc
749 3182 792 3246 ad
812 3204 861 3248 me
881 3184 971 3247 venit.
991 3232 996 3241 .
1017 3182 1055 3246 Si
1071 3185 1248 3265 prmeisaoe
1268 3203 1372 3248 onmes
1424 3200 1512 3246 vana
1532 3177 1663 3244 illorum
1686 3181 1891 3247 ratiocinatio
1912 3181 1968 3264 qui
1989 3181 2241 3263 praescientiam
2258 3180 2324 3244 Dei
2344 3180 2400 3245 de-

397 3288 502 3333 coram
550 3268 647 3333 bristo
665 3289 747 3351 penu
764 3268 930 3348 dederam,
959 3270 1130 3333 communis
1157 3274 1234 3334 essct
1254 3270 1373 3348 clodia·
1423 3265 1564 3331 fendunt
1592 3272 1707 3331 contra
1735 3267 1877 3350 gratiam
1904 3267 1986 3344 Dei,
2020 3274 2055 3331 et
2086 3266 2159 3330 ideo
2187 3264 2302 3329 dicum
2339 3287 2400 3331 nos

397 3373 480 3417 nune
500 3353 535 3415 in
550 3355 711 3433 paucitate
730 3355 919 3419 medentium
935 3354 1105 3436 manifesta
1122 3360 1254 3435 apparet
1270 3355 1372 3419 diver-
1424 3352 1544 3416 eleetos
1571 3358 1648 3416 ante
1675 3352 1792 3416 mundi
1818 3352 2098 3429 constitutionem,
2126 3351 2203 3434 quia
2224 3350 2401 3433 praescivit

398 3440 487 3504 sitas.
532 3438 643 3519 Imque
659 3444 829 3519 postquam
849 3439 1021 3522 discipulas
1041 3441 1096 3520 qui
1116 3440 1179 3504 sibi
1199 3441 1268 3505 dati
1288 3444 1371 3517 suut,
1424 3437 1516 3502 Deus
1538 3437 1664 3502 dituros
1684 3459 1744 3502 nos
1763 3437 1873 3516 bonos,
1895 3458 1963 3502 non
1981 3459 2016 3502 se
2033 3438 2141 3520 ipsum
2159 3456 2218 3501 nos
2235 3438 2401 3501 facturum

398 3525 535 3589 asseruit
562 3522 706 3589 Obristns
724 3524 824 3604 fuisse
850 3524 916 3591 Dei
936 3525 1046 3607 patris
1065 3526 1243 3607 peculium,
1272 3525 1372 3608 paula
1423 3523 1532 3587 bonos.
1576 3521 1652 3587 Non
1675 3523 1737 3587 hoc
1758 3523 1839 3588 dicit
1859 3524 1916 3606 qui
1936 3523 2031 3588 dicit:
2056 3542 2123 3587 non
2144 3542 2204 3588 vos
2225 3542 2278 3586 nie
2300 3521 2401 3606 elegi·

392 3615 465 3692 post
492 3610 595 3674 addit:
622 3630 683 3674 non
703 3630 767 3690 pro
793 3611 910 3675 mundo
936 3630 1022 3694 repo,
1048 3611 1104 3676 sed
1125 3631 1189 3691 pro
1216 3611 1267 3676 bis
1294 3631 1372 3693 quos
1424 3609 1501 3687 stis,
1529 3607 1587 3673 sed
1615 3629 1676 3692 ego
1704 3608 1790 3694 elegi
1816 3630 1876 3675 vos
1910 3608 2039 3692 (Ioann.
2073 3613 2126 3685 15,
2161 3607 2234 3692 16);
2266 3629 2344 3672 nam
2372 3607 2402 3673 si

397 3696 512 3761 dedisti
531 3695 620 3773 mibi,
641 3695 718 3777 quio
736 3697 786 3760 tui
805 3701 878 3760 arnt
898 3696 1027 3776 (Ioann.
1042 3701 1091 3775 17,
1103 3697 1148 3781 9).
1182 3695 1268 3763 Unde
1282 3697 1321 3778 fa
1336 3701 1373 3760 ut
1423 3701 1598 3779 propterea
1620 3715 1679 3760 nos
1700 3695 1862 3778 elegisset,
1885 3695 1963 3779 quia
1984 3695 2085 3760 bonos
2106 3695 2235 3758 futuros
2258 3694 2400 3777 praesci-

398 3786 480 3846 totus
500 3783 639 3846 mundus
660 3781 703 3845 ad
723 3801 819 3846 suum
839 3788 1005 3847 creatorum
1025 3802 1087 3847 non
1107 3784 1278 3865 pertineat,
1305 3783 1372 3848 nisi
1423 3786 1532 3859 verat;
1560 3780 1660 3845 simul
1686 3781 1787 3845 etiam
1813 3781 2043 3864 praescivisset
2062 3778 2149 3862 quod
2171 3799 2302 3844 eramus
2323 3800 2401 3845 eum

399 3868 481 3947 quod
503 3888 524 3930 a
545 3866 758 3932 maledictione
784 3868 886 3932 etira
906 3868 972 3934 Dei
992 3887 1029 3933 ac
1049 3875 1145 3935 morte
1166 3874 1373 3934 aeternonon
1424 3867 1574 3943 electuri,
1611 3873 1646 3930 et
1672 3887 1756 3948 quae
1784 3867 1820 3930 in
1846 3887 1921 3931 eam
1946 3887 2018 3930 rem
2045 3872 2237 3948 sequuntur.
2281 3865 2403 3930 Valeat

398 3953 512 4016 multos
532 3952 626 4033 eripit
645 3953 763 4034 pratia,
783 3954 839 4033 qui
860 3954 980 4034 alioqui
997 3954 1136 4034 perituri
1156 3959 1261 4034 erant
1282 3975 1373 4019 mun·
1424 3952 1606 4035 Augustini
1640 3951 1864 4016 testimoninm
1895 3951 1984 4033 apud
2016 3972 2071 4016 eos
2104 3951 2161 4034 qui
2192 3950 2333 4015 libenter
2365 3951 2402 4015 in

399 4038 474 4102 dum
494 4042 598 4101 amau
618 4038 654 4101 ia
674 4057 731 4102 suo
750 4039 894 4118 interitu,
923 4039 976 4103 eui
996 4040 1170 4105 destinatus
1189 4044 1249 4119 est,
1278 4041 1372 4105 relin-
1423 4049 1556 4120 patrum
1577 4038 1752 4102 autoritate
1774 4039 1994 4121 acquiescunt.
2042 4037 2230 4117 Quanquam
2256 4056 2319 4101 non
2340 4057 2402 4118 pa-

399 4125 474 4203 pnit.
520 4122 644 4188 interea
671 4125 816 4203 quamuis
845 4123 1041 4188 semodium
1071 4123 1216 4191 Christus
1243 4126 1370 4202 inserat,
1423 4125 1503 4188 titur
1530 4123 1730 4206 Aupustinus
1760 4142 1794 4187 se
1820 4146 1841 4190 a
1869 4124 2002 4204 reliquis
2028 4123 2186 4205 disinnpi;
2218 4123 2273 4186 sed
2305 4122 2402 4187 elaris

398 4209 460 4273 eibi
477 4214 580 4273 tamen
595 4210 649 4274 ius
665 4208 798 4291 elipandi
815 4204 1015 4274 emimunitdr
1030 4211 1172 4275 vedum
1188 4231 1258 4275 eum
1270 4217 1371 4292 patre.
1422 4210 1606 4274 testimoreiis
1622 4209 1790 4273 diuortium
1806 4208 1869 4287 boc,
1890 4211 1982 4274 cuius
1998 4208 2122 4273 inuidia
2136 4208 2310 4289 probabant
2329 4225 2401 4271 eum

400 4295 475 4359 Non
495 4295 533 4359 de
553 4293 703 4372 manibus,
724 4295 827 4375 inquit
847 4294 977 4375 (ioann.
1003 4299 1051 4373 13,
1078 4295 1141 4379 18),
1163 4295 1287 4378 ῑοᾳαονε
1308 4297 1371 4361 scio
1425 4294 1605 4378 Pelopiam,
1632 4295 1764 4359 ostendit
1787 4295 1907 4376 falsum
1932 4314 2006 4359 esse.
2052 4292 2136 4359 Gitat
2157 4293 2240 4356 enim
2260 4312 2298 4355 ca
2320 4291 2402 4354 Anc-

398 4400 474 4460 quos
495 4380 646 4464 cleperim.
691 4378 729 4443 Si
750 4381 821 4459 puis
842 4385 925 4463 repet
944 4381 1028 4447 unde
1054 4382 1190 4464 deperit,
1220 4382 1298 4447 olibi
1324 4401 1371 4446 re·
1422 4379 1537 4444 brasio:
1550 4379 1579 4463 ⁴)
1615 4378 1759 4444 Gbristus
1784 4400 1874 4461 quem
1900 4381 2071 4445 miseratur
2100 4382 2195 4442 cocat.
2241 4375 2336 4454 Imm,
2369 4377 2400 4441 si

397 4466 523 4544 spondet
544 4466 675 4550 (Ioann.
702 4470 750 4544 15,
776 4465 846 4549 19)·
867 4485 906 4531 ec
926 4467 1059 4547 mundo,·
1079 4487 1169 4547 quma
1190 4489 1211 4531 a
1229 4466 1372 4548 precibus
1422 4465 1580 4545 aduisset,
1608 4485 1647 4529 ca
1666 4466 1818 4531 indevotis
1836 4466 1959 4548 fecisset
1979 4465 2114 4539 ceroma
2136 4463 2190 4526 sed
2211 4460 2300 4524 Deus
2321 4481 2399 4542 quos

397 4552 468 4615 suis
499 4553 634 4617 excludit
664 4551 718 4616 ubi
750 4551 921 4632 dmerpulos
941 4553 1034 4634 patri
1062 4553 1259 4618 commendat.
1303 4551 1371 4618 Hoc
1422 4551 1573 4634 dipnatur
1592 4555 1692 4629 amat,
1719 4557 1749 4615 et
1769 4572 1860 4632 quern
1880 4553 1948 4616 cult
1968 4550 2148 4632 relipiosum
2166 4547 2252 4626 facit.
2299 4546 2337 4610 Si
2357 4566 2398 4611 ec

397 4636 522 4714 quiden
537 4639 700 4702 tenendum
721 4642 773 4716 est,
794 4637 849 4702 ubi
870 4637 1010 4719 ofrirrnat
1029 4659 1062 4703 se
1082 4639 1163 4704 scire
1183 4659 1260 4720 quos
1279 4638 1371 4720 clepe-
1422 4636 1602 4719 Aupustino
1614 4637 1770 4719 inteprum
1785 4638 1926 4703 columen
1943 4641 2098 4701 mirarere
2114 4632 2214 4709 libeat,
2233 4631 2398 4698 miluo

397 4721 449 4798 rit,
471 4722 600 4799 somena
621 4723 761 4803 aliquam
781 4725 885 4788 notari
905 4723 1069 4807 inponere
1089 4724 1240 4802 humanm·
1261 4723 1371 4788 Made
1422 4723 1577 4787 ostendere
1602 4727 1784 4803 proruptum
1816 4729 1905 4800 esset,
1937 4721 2016 4784 mibi
2038 4737 2100 4781 reon
2120 4717 2186 4779 nisi
2206 4717 2276 4781 eius
2296 4717 2398 4783 cabis

397 4806 557 4869 mandisti
621 4808 634 4868 i
654 4810 803 4886 qualitate
823 4829 957 4874 ararum
977 4810 1144 4888 virtutum
1171 4810 1227 4874 sm
1252 4809 1370 4874 ooebsti
1422 4827 1501 4888 opus
1520 4826 1600 4887 esse,·
1620 4808 1674 4872 sed
1694 4829 1745 4874 eos
1761 4809 1946 4888 prolixitate
1966 4823 2095 4869 onerare
2115 4801 2192 4864 nolo.
2235 4800 2304 4867 Sed
2386 4853 2396 4883 ,

396 4892 519 4987 decreto
557 4826 656 4954 wado
676 4894 832 4973 seqnitur,
859 4896 965 4961 nultos
982 4897 1114 4978 proprio
1133 4900 1232 4960 morte
1252 4896 1300 4960 cel
1320 4897 1369 4959 in·
1421 4895 1586 4977 fingamus
1613 4894 1702 4976 ipsos
1729 4914 1796 4957 non
1821 4892 1924 4973 loqui:
1953 4888 1994 4953 ad
2023 4909 2094 4952 rem
2115 4887 2221 4987 ipsam
2242 4823 2397 4954 inuidio-

396 4971 523 5040 dustria
549 4974 709 5054 eucellere,
735 4980 857 5056 quando
883 5000 916 5045 se
944 4979 1089 5048 Christus
1116 4981 1269 5047 electionis
1292 4981 1371 5062 facit
1420 5000 1505 5044 mus.
1540 4979 1694 5044 Difficilis
1715 4978 1863 5062 quaestio
1884 4982 1974 5039 mota
1995 4982 2075 5051 erat,
2099 4994 2182 5037 num
2202 4981 2289 5038 ruste
2311 4975 2397 5041 face·

396 5066 542 5126 autorem.
588 5059 675 5122 Nam
695 5062 775 5141 quod
795 5063 873 5127 alibi
894 5065 1011 5130 Iudam
1031 5069 1111 5132 inter
1131 5068 1237 5133 eloam
1263 5087 1370 5131 nume-
1421 5073 1474 5130 ret
1490 5065 1583 5130 Deus
1600 5065 1658 5147 qui
1679 5075 1784 5129 certos
1806 5061 1955 5126 homines
1978 5080 2037 5125 sua
2058 5058 2166 5142 gratia
2187 5058 2397 5142 dignaretur;

395 5152 455 5225 rat,
477 5165 574 5226 quum
590 5144 732 5210 diabobus
748 5153 825 5210 esset
845 5148 1096 5236 (leonnato),
1118 5151 1173 5218 boo
1189 5156 1307 5217 tontum
1323 5172 1370 5217 rc-
1421 5172 1488 5234 qua
1508 5171 1543 5217 se
1565 5171 1632 5215 uno
1653 5148 1753 5215 verbo
1774 5146 1930 5228 expedire
1950 5145 2077 5212 Paulus
2097 5154 2240 5226 poterat,
2268 5145 2298 5210 si
2319 5166 2397 5227 ops-

394 5233 497 5323 fertur
516 5232 560 5296 od
580 5251 696 5296 munus
715 5232 924 5313 apostolieum,
945 5237 1026 5314 quod
1046 5238 1105 5301 etsi
1124 5237 1245 5303 illustre
1264 5259 1370 5319 specie
1421 5259 1497 5302 rum
1516 5248 1701 5319 respectum
1721 5231 1928 5298 attendisset
1963 5231 2033 5298 cur
2050 5251 2128 5315 ergo
2150 5228 2185 5293 id
2207 5252 2273 5294 non
2293 5229 2395 5295 facit?

396 5317 465 5386 lum
482 5322 527 5381 est
541 5316 663 5397 favoris
679 5315 768 5397 Dei(
792 5317 798 5329 '
855 5319 910 5382 'in
927 5338 988 5383 sua
999 5341 1138 5403 persona
1157 5325 1245 5387 toties
1260 5345 1369 5407 apnos-
1421 5324 1503 5406 quin
1524 5340 1708 5387 sermonem
1729 5319 1839 5401 potius
1860 5318 2031 5383 continuat
2052 5317 2167 5400 quiin
2188 5315 2303 5381 eadem
2330 5315 2395 5381 dif-

396 5401 1202 5486 citPoulus,nontomenspeminseconbinet
1227 5415 1369 5474 adernae

396 5489 521 5554 salutis.
587 5490 665 5554 oluit
686 5508 756 5573 erpo
778 5488 889 5569 Indae,
910 5509 1007 5571 quum
1022 5488 1143 5573 perfide
1163 5490 1369 5571 apostolatum
1420 5492 1624 5508 .......-

394 5580 524 5673 perard
551 5574 673 5672 dadolo
694 5595 759 5641 ⁶⁸⁸⁶
779 5576 926 5655 adomm-
951 5577 1006 5641 sed
1026 5595 1105 5673 11493
1125 5577 1258 5675 *Μᾶ
1276 5579 1370 5675 semet
1491 5610 1520 5673 1)
1537 5609 1612 5689 mor.
1626 5608 1650 5661 1.
1665 5609 1785 5662 meme
1799 5626 1821 5662 o.
1834 5609 1860 5662 a.
1912 5609 1942 5678 n)
1959 5610 2047 5678 ltpist.
2063 5607 2165 5661 maan
2184 5607 2290 5660 surum
2306 5606 2396 5677 (194).

399 5657 541 5725 drudus
563 5681 599 5724 m
615 5681 729 5743 corpus
744 5680 973 5741 &adustorum
989 5681 1141 5728 nemmem
1152 5681 1260 5745 pelve
1274 5667 1370 5742 abach
1422 5678 1453 5744 3)
1470 5678 1571 5730 Hamil.
1590 5695 1619 5731 m
1637 5678 1730 5732 locun.
1748 5676 1773 5731 8.
1826 5677 1857 5744 4)
1875 5680 1949 5733 Libr.
1968 5679 2002 5758 de
2020 5677 2156 5745 praedest.
2174 5684 2258 5730 muct.
2276 5692 2299 5730 a
2318 5675 2360 5732 la.

2138 5758 2191 5815 440
