5600 6809
405 753 466 814 666
1048 742 1644 812 mammaemammal.
1670 746 1763 819 1666.
2003 791 2006 796 .
2055 839 2058 842 ᾗ
2091 786 2096 795 .
2347 748 2408 808 666

404 961 445 1004 ex
466 944 541 1001 voto
562 937 740 1001 fluentibus
757 936 848 1002 nulla
869 941 1040 1020 turpantur
1062 954 1153 1012 arra,
1183 933 1273 998 nullo
1296 933 1381 998 desi·
1434 955 1472 997 66
1493 934 1705 1012 6666661616,
1735 954 1807 998 1661
1834 933 1982 998 6111616111
2010 933 2277 998 absurdissimam
2303 932 2409 998 dicere

404 1023 493 1088 66116
505 1029 657 1099 uruntur,
680 1022 767 1087 nullo
783 1024 893 1088 timore
911 1027 1062 1086 66616661.
1098 1019 1253 1102 Optimus
1271 1025 1382 1084 autem
1434 1041 1494 1083 nos
1516 1028 1643 1101 putant.
1679 1020 1782 1102 Atqui
1806 1019 1834 1083 si
1857 1019 1962 1084 ullum
1981 1040 2079 1084 verae
2099 1019 2293 1102 precationis
2313 1040 2410 1083 usum

402 1108 444 1173 ad
478 1109 719 1172 invocationem
752 1108 815 1172 Dei
850 1109 1002 1173 stimulus
1040 1107 1161 1171 6666616
1198 1117 1261 1182 666,
1303 1105 1381 1170 dum
1435 1104 1609 1184 heberent,
1639 1105 1861 1188 intelligerent
1881 1108 2039 1187 prolecto,
2067 1106 2137 1169 6166
2163 1106 2260 1168 firmo
2281 1105 2338 1181 illo
2360 1105 2411 1170 di·

402 1193 595 1259 necessitate
614 1215 675 1258 sua
695 1193 834 1259 616611661
857 1214 986 1259 6661166
1006 1190 1262 1274 irrequietudine
1279 1190 1302 1275 ¹)
1325 1212 1381 1256 66-
1434 1191 1531 1255 61666
1565 1191 1811 1256 benevolentiae
1846 1211 1945 1255 sensu
1978 1212 2045 1255 non
2076 1212 2172 1273 posse
2206 1190 2316 1254 Deum
2348 1193 2411 1256 rite

402 1288 533 1357 rantur,
562 1288 595 1344 et
622 1286 752 1343 tantum
778 1300 846 1343 non
875 1278 1146 1361 exanimantur2)
1168 1278 1204 1340 in
1231 1298 1265 1340 66
1292 1277 1385 1358 ipsis,
1434 1278 1588 1342 invocari.
1644 1275 1758 1357 Quum
1788 1297 1868 1340 vero
1900 1275 1977 1340 fidei
2011 1277 2081 1340 vim
2112 1277 2195 1341 bene
2227 1277 2411 1359 perspicere

402 1367 495 1431 doum
515 1371 684 1446 opportune
703 1365 782 1445 66166
798 1366 968 1444 succurrit;
990 1364 1067 1445 quia
1080 1364 1166 1427 inter
1181 1362 1263 1427 tales
1275 1383 1380 1444 angu-
1434 1383 1530 1425 nemo
1551 1369 1658 1444 queat,
1681 1362 1746 1425 nisi
1764 1363 1819 1444 qui
1837 1363 2061 1443 experimento
2079 1383 2152 1426 eam
2173 1362 2210 1425 111
2231 1362 2326 1427 corde
2348 1383 2410 1428 suo

403 1453 482 1517 stias
504 1453 552 1515 ita
573 1452 653 1534 ipsis
675 1451 812 1533 affulget
833 1451 898 1514 Dei
921 1448 1064 1526 bonitas,
1094 1456 1132 1513 ut
1158 1449 1380 1530 praesentium
1434 1449 1550 1525 sentit,
1585 1447 1664 1529 quid
1698 1469 1771 1511 cum
1803 1447 1960 1511 eiusmodi
1994 1447 2182 1512 hominibus
2215 1447 2410 1530 disputando

403 1538 528 1620 quidem
549 1537 711 1601 melorum
732 1535 894 1618 gravitate
915 1536 1045 1619 fatigati
1054 1535 1084 1618 ³)
1106 1541 1255 1618 gemant,
1279 1534 1380 1597 maio·
1433 1534 1601 1615 proficias,
1630 1534 1687 1615 qni
1719 1543 1829 1614 aperte
1862 1532 2048 1612 ostendunt,
2083 1534 2168 1597 nihil
2202 1555 2236 1598 se
2264 1554 2412 1616 unquam

301 1662 303 1666 ι
402 1621 1168 1698 166166161661661616661666666166166661;
1189 1618 1248 1683 1116
1270 1625 1380 1682 tamen
1433 1629 1563 1700 praeter
1580 1639 1701 1683 666661
1718 1619 1985 1701 imaginationem
2003 1618 2177 1684 habuisse?
2216 1617 2305 1699 Quid
2323 1621 2411 1684 enim

402 1710 493 1788 freti,
516 1715 549 1772 66
577 1706 768 1771 tolerantiae
790 1705 1016 1771 difficultatem
1038 1705 1195 1770 sublevent
1215 1725 1252 1769 66
1273 1705 1380 1769 solen·
1432 1705 1542 1769 valeat
1563 1715 1596 1769 et
1617 1725 1717 1786 quam
1739 1705 1923 1769 necessaria
1944 1705 1987 1768 sit
2010 1705 2069 1768 illa
2091 1727 2191 1787 quam
2212 1705 2410 1787 requirimus

402 1803 472 1870 tur,
501 1801 535 1857 et
564 1793 689 1856 exitum
716 1790 1006 1873 liberationemque
1027 1800 1168 1874 sperent.
1214 1792 1269 1855 Ex
1291 1798 1380 1854 utro-
1433 1790 1602 1867 certitudo,
1625 1812 1668 1854 616
1684 1791 1889 1855 invocatione
1906 1791 2113 1872 potissimum
2131 1790 2275 1856 discitur.
2312 1789 2410 1870 Quod
2461 1836 2465 1847 ·

402 1900 466 1962 que
495 1899 572 1961 ergo
599 1878 718 1942 affeetu
746 1885 894 1960 emergat
919 1879 965 1959 pii
995 1877 1137 1941 hominis
1166 1877 1269 1940 oratio
1301 1896 1379 1940 con·
1432 1876 1488 1957 qui
1510 1897 1576 1940 non
1599 1874 1703 1953 videt,
1731 1874 1827 1939 66166
1855 1875 2021 1958 stupidam
2050 1876 2168 1941 habere
2189 1897 2222 1940 66
2242 1879 2409 1942 conscien-

401 1965 508 2043 venit,
541 1970 718 2045 utrumque
751 1965 851 2028 etiam
884 1965 1049 2027 contineat
1081 1971 1115 2027 et
1141 1968 1378 2046 repraesentet;
1433 1962 1513 2026 tiam
1529 1962 1645 2043 prodit.
1688 1961 1757 2025 Nos
1778 1962 1894 2043 igitur,
1925 1963 2043 2048 omisso
2072 1963 2133 2026 hoc
2160 1980 2330 2026 caecorum
2352 1984 2409 2046 ge-
2481 2029 2484 2032 ,

401 2071 508 2133 nempe
529 2059 566 2113 ut
587 2049 683 2114 malis
702 2050 919 2131 praesentibus
939 2049 1095 2133 ingemat,
1119 2056 1152 2112 et
1169 2049 1298 2112 666616
1316 2047 1379 2112 sibi
1431 2069 1525 2123 nere,
1549 2047 1648 2111 666111
1669 2045 1785 2110 161116
1807 2047 1903 2111 Ρ6611
1925 2049 2090 2111 sententia
2111 2048 2318 2126 haereamus,
2341 2070 2410 2113 non

311 2179 314 2184 ,
402 2137 499 2201 anxie
521 2137 649 2214 timeet;
672 2142 785 2199 tamen
806 2135 973 2218 confugiat
993 2135 1091 2199 simul
1113 2134 1154 2198 66
1176 2132 1295 2211 Deum,
1317 2133 1379 2195 mi-
1433 2153 1529 2215 posse
1550 2132 1592 2197 ab
1613 2132 1686 2197 aliis
1707 2133 1853 2196 invocari
1875 2132 2000 2211 Deum,
2028 2134 2091 2196 nisi
2113 2135 2170 2214 qui
2192 2134 2260 2197 eius
2281 2135 2409 2198 miseri—

401 2223 490 2287 nime
513 2219 667 2285 dubitans
684 2221 764 2302 quin
783 2220 977 2284 auxiliarem
994 2220 1049 2284 ille
1067 2240 1202 2283 61611616
1221 2219 1381 2301 perripere
1432 2218 1576 2283 cordiam
1598 2240 1639 2282 ex
1659 2217 1830 2300 evangelio
1853 2219 2017 2301 cognitam
2039 2217 2176 2297 habent,
2199 2227 2232 2283 et
2253 2241 2325 2283 6616
2345 2221 2409 2285 sibi

403 2309 446 2373 sit
469 2311 615 2388 paratus.
659 2307 786 2371 Mirum
814 2306 903 2370 enim
931 2327 1029 2388 quam
1058 2305 1239 2370 diffidentia
1267 2312 1380 2368 nostra
1432 2313 1582 2387 parate-m
1604 2325 1675 2369 esse
1697 2312 1786 2367 certo
1808 2305 1955 2386 persuasi
1978 2313 2064 2368 sunt.
2102 2303 2218 2384 Qualis
2239 2307 2410 2369 animarit

402 2394 551 2457 irritetur
568 2393 671 2470 Deua,
694 2393 721 2456 si
743 2411 916 2473 poscamus
939 2413 959 2456 a
980 2413 1015 2456 se
1037 2412 1135 2473 quam
1157 2411 1380 2471 6666166666-
1431 2391 1497 2455 ista
1524 2390 1647 2454 6166161
1693 2389 1723 2453 O
1751 2390 1908 2467 Domine,
1937 2410 1998 2471 ego
2023 2390 2154 2471 quidem
2183 2391 2409 2456 anexaudire
2514 2389 2521 2398 ’

402 2487 511 2543 661666
529 2477 762 2558 beneficentiam.
795 2478 911 2559 Itaque
928 2476 1011 2542 61111
1027 2479 1131 2560 mapis
1147 2481 1380 2541 consentaneum
1431 2498 1485 2540 me
1512 2475 1594 2540 velis
1621 2474 1739 2540 dubius
1767 2496 1855 2554 sum;
1889 2476 1947 2540 sed
1975 2476 2051 2557 quia
2077 2477 2242 2541 anxietate
2269 2498 2407 2558 premor,

395 2564 616 2647 precationum
632 2569 773 2642 naturae,
791 2583 886 2643 quam
907 2564 1003 2645 tapam
1019 2563 1099 2627 lanc
1119 2563 1187 2627 illis
1203 2560 1380 2643 praescribi
1433 2560 1530 2625 6666
1553 2562 1720 2644 confugio,
1749 2570 1786 2624 ut
1813 2562 1842 2625 si
1868 2559 1989 2644 dignus
2016 2583 2091 2625 sum
2117 2562 2201 2626 mihi
2227 2583 2407 2628 succurras.

402 2650 551 2727 etstatui,
573 2670 611 2713 ne
632 2653 741 2713 1616666
756 2654 975 2729 prormnpant,
996 2649 1051 2713 sed
1069 2649 1163 2729 fidem
1179 2651 1381 2727 precamen
1432 2647 1508 2711 Non
1528 2649 1576 2710 166
1597 2647 1682 2711 661161
1701 2648 1726 2729 ¹)
1749 2654 1828 2710 sunt
1849 2667 1962 2711 omnes
1984 2648 2101 2725 saneti,
2129 2668 2269 2729 quorum
2289 2650 2409 2713 oratio·

402 2740 580 2816 separaretur.
624 2734 680 2798 Aa
706 2734 760 2798 boc
786 2734 984 2815 principuum
1011 2754 1068 2798 nos
1094 2753 1198 2798 omnes
1226 2731 1380 2798 Christus
1432 2754 1492 2797 1166
1513 2734 1548 2796 16
1571 2733 1741 2815 scripturis
1762 2733 1911 2815 legimus.
1947 2733 2017 2797 Neo
2037 2734 2083 2797 166
2105 2754 2165 2798 666
2185 2735 2331 2798 instituit
2350 2755 2410 2817 per

402 2825 497 2899 66661,
516 2820 574 2885 lac
591 2821 739 2884 seruientia
758 2820 892 2903 (Matth.
910 2824 957 2898 11,
970 2819 1042 2904 24);
1067 2818 1257 2895 6166661116,
1280 2839 1380 2900 quae·
1433 2818 1615 2900 apostolum
1637 2818 1753 2902 (Hebr.
1774 2824 1803 2896 4,
1831 2818 1885 2901 16)
1913 2819 2046 2901 spiritus
2074 2828 2207 2884 sanctus
2235 2821 2292 2902 qui
2318 2821 2411 2886 iubet

403 2928 530 2988 cunque
551 2906 677 2987 petitis,
706 2905 829 2971 credite
856 2925 914 2970 vos
942 2916 1145 2988 accepturos,
1174 2916 1209 2968 66
1228 2905 1381 2968 evenient
1433 2925 1493 2968 nos
1520 2904 1610 2968 66116
1636 2904 1679 2968 66
1707 2904 1863 2967 thronum
1895 2905 2068 2969 coelestem
2095 2925 2170 2968 6661
2203 2906 2336 2984 666616,
2369 2916 2411 2970 66

402 2993 502 3058 661116.
548 2991 638 3056 Idern
663 2997 691 3055 et
717 2989 979 3075 α11111(11116.21,
1003 2991 1059 3073 22)
1088 2991 1266 3070 continuat:
1292 2990 1381 3070 quid
1433 2991 1573 3074 gratiam
1600 3010 1851 3071 consequamur;
1879 2996 1912 3054 et
1938 3012 2039 3073 quum
2066 2991 2144 3056 alibi
2172 2991 2271 3076 (llph.
2296 2995 2325 3071 3,
2352 2991 2407 3075 12)

401 3078 479 3160 quid
493 3077 652 3159 petieritis
672 3079 708 3141 in
728 3078 867 3141 oratione
887 3078 1049 3156 6666166166,
1073 3081 1122 3140 616.
1169 3075 1231 3141 Oui
1250 3076 1381 3139 concinit
1433 3076 1527 3140 docet
1544 3097 1604 3140 nos
1622 3075 1742 3140 habere
1762 3074 1934 3141 audaciam
1955 3085 1988 3140 et
2009 3076 2134 3140 aditum
2155 3077 2190 3140 in
2209 3077 2328 3141 fiducia
2347 3098 2409 3159 per

402 3162 536 3228 Iacobus
557 3163 603 3247 (1,
624 3163 673 3247 5);
707 3163 832 3244 siquis
852 3164 971 3246 indipet
991 3163 1161 3244 sapientia,
1187 3161 1321 3242 postulet
1341 3159 1380 3222 ab
1432 3162 1531 3225 fidem
1554 3159 1690 3225 Ohristi.
1713 3160 1832 3244 ΧΗ666
1854 3182 1932 3244 ergo
1960 3162 2129 3226 obtinendi
2156 3162 2239 3244 quod
2265 3164 2409 3245 petimus

401 3270 435 3313 eo
456 3249 584 3328 quidet
601 3247 743 3313 66161166
759 3249 952 3330 simpliciter,
974 3269 1029 3312 aec
1049 3248 1232 3328 exprobrat:
1248 3245 1381 3327 postulet
1433 3249 1641 3312 securitatem
1670 3246 1783 3330 (quam
1812 3255 1846 3309 et
1878 3268 1938 3311 sua
1967 3268 2046 3312 6666
2072 3248 2236 3312 Dominus
2262 3248 2408 3328 mandat,

402 3336 563 3399 6616116111
581 3335 651 3415 fide,
673 3333 756 3397 nihil
775 3335 943 3398 haesitans.
988 3333 1050 3400 Ubi
1071 3332 1381 3412 166611611661116616
1434 3339 1468 3396 et
1488 3353 1601 3397 omnes
1623 3333 1729 3397 sancti
1751 3332 1900 3414 exemplo
1922 3353 1981 3397 suo
2000 3331 2131 3417 docent)
2150 3340 2288 3418 utraque
2308 3356 2410 3399 manu

401 3440 570 3502 opporttno,
597 3421 663 3484 uim
689 3421 758 3484 eius
784 3420 949 3500 aptissime
974 3420 1130 3500 exprimit.
1175 3418 1248 3482 Non
1275 3419 1382 3482 minus
1432 3425 1544 3483 tenere
1571 3439 1631 3482 nos
1658 3425 1800 3500 oportet,
1829 3419 1857 3481 si
1884 3440 1960 3483 cum
1988 3419 2097 3483 fructu
2124 3440 2218 3485 orare
2246 3421 2407 3486 volumus.

402 3508 496 3571 etiam
518 3507 691 3571 ructandum
713 3505 794 3587 quod
813 3505 910 3584 addit,
933 3505 1013 3569 nibil
1029 3505 1180 3585 proficere
1200 3505 1256 3585 qui
1277 3503 1382 3568 Deum
1433 3505 1486 3569 Ila
1512 3505 1600 3569 enim
1629 3502 1761 3567 demum
1790 3510 1921 3586 accepta
1947 3503 2019 3569 Deo
2048 3511 2098 3569 est
2125 3507 2230 3570 616616
2256 3528 2340 3589 quae
2366 3528 2409 3572 ex

332 3597 334 3601 ’
397 3592 543 3675 perplexi
564 3596 593 3655 et
613 3591 702 3656 dubii
719 3593 869 3670 invocant,
892 3610 947 3655 nec
964 3595 1105 3655 61616661
1122 3591 1158 3654 in
1175 3591 1294 3654 animis
1312 3589 1381 3652 suis
1433 3591 1507 3669 teli,
1527 3597 1565 3654 ut
1586 3589 1634 3653 ita
1654 3589 1782 3671 loquar,
1806 3592 2072 3672 praesumptione
2093 3591 2170 3656 6661
2191 3593 2349 3671 nascitur,
2370 3599 2410 3656 “et

402 3678 591 3743 6666616661
623 3679 687 3741 sint
718 3697 818 3742 necne.
863 3675 954 3757 Quos
984 3678 1084 3741 etiam
1111 3675 1265 3740 fluetibus
1294 3695 1380 3739 com·
1432 3674 1596 3758 intrepida
1617 3676 1687 3758 spei
1708 3673 1905 3740 certitudine
1926 3675 2065 3741 1666666
2086 3685 2144 3742 est
2189 3677 2315 3742 Poterat
2333 3680 2410 3742 sim·

402 3770 498 3844 parat
515 3763 570 3844 qui
588 3764 678 3827 66116
696 3769 871 3829 moventur
889 3785 909 3827 6
925 3769 1024 3828 vento
1043 3769 1077 3827 et
1094 3762 1378 3827 611666116166661.
1427 3763 1508 3844 plici
1526 3761 1602 3841 fidei
1618 3762 1742 3829 nomine
1758 3781 1823 3826 esse
1840 3767 1996 3827 6616166166
2002 3787 2012 3841 ,·
2033 3764 2122 3844 atqui
2138 3784 2200 3827 non
2221 3765 2310 3830 modo
2329 3764 2411 3843 fidu-

411 3845 497 3912 Unde
524 3847 603 3911 alibi
624 3848 715 3932 (11116.
737 3855 765 3926 5,
788 3848 842 3933 15)
865 3849 1034 3914 cratonem
1058 3849 1134 3929 fidei
1155 3868 1216 3929 pro
1243 3847 1381 3930 lepitima
1433 3849 1515 3912 61616
1536 3848 1668 3925 addidit,
1699 3847 1754 3911 sed
1781 3867 1850 3911 eam
1877 3868 1997 3928 quoquc
2023 3851 2176 3913 instruait
2201 3851 2338 3915 1611661616
2363 3849 2412 3914 vel

403 3937 570 4012 uurwupat.
614 3933 752 4013 Deinde,
774 3956 878 4016 quum
899 3936 991 4000 Deus
1012 3935 1179 3999 secundum
1200 3955 1293 3998 suam
1311 3933 1380 3997 cui-
1434 3934 1580 4011 6666616,
1609 3938 1645 3996 ut
1671 3932 1828 3996 16666616
1854 3933 2040 3998 discerneret
2065 3936 2201 3999 6661116
2227 3936 2411 4014 incredrdcs,

404 4038 466 4100 que
496 4016 595 4082 fidem
622 4039 654 4082 66
682 4022 832 4085 daturum
858 4021 953 4085 toties
980 4021 1137 4097 affirmet,
1173 4020 1255 4084 citra
1282 4017 1380 4083 66616
1434 4021 1489 4100 qui
1506 4018 1611 4084 Deum
1627 4019 1807 4100 6666616666
1827 4019 1953 4098 quidem
1973 4019 2132 4084 nobiscum
2153 4022 2414 4102 6166166616-

403 4102 486 4167 nihil
509 4105 662 4186 consequi
684 4126 745 4168 nos
774 4125 868 4187 posse
889 4107 1008 4170 innuit.
1053 4106 1206 4186 Denique
1228 4104 1309 4169 fides
1331 4111 1382 4168 est
1434 4106 1518 4168 tuito.
1566 4105 1635 4186 Qua
1663 4105 1783 4169 ratione
1808 4109 1871 4168 tota
1897 4106 2025 4170 eulesio
2052 4108 2088 4170 in
2117 4106 2246 4172 Psalmo
2268 4108 2333 4190 (33,
2354 4106 2412 4190 22)

403 4209 487 4272 quae
511 4190 668 4272 impetrat
695 4191 853 4273 quidquid
878 4191 1001 4256 orando
1029 4192 1209 4257 comeditur.
1252 4190 1294 4254 Id
1319 4189 1381 4254 sibi
1433 4196 1516 4255 orat:
1543 4192 1586 4254 sit
1613 4190 1829 4254 misericordia
1853 4195 1908 4254 tua
1934 4212 2031 4272 super
2057 4212 2128 4271 nos,
2155 4194 2414 4274 quemadmodum

402 4275 475 4340 vult
501 4275 628 4340 66161616
653 4277 711 4339 1116
733 4277 830 4341 Ρ6611
858 4276 1310 4361 sententia(Rem.10,14),
1339 4276 1381 4340 ad
1433 4278 1629 4359 sperammus
1650 4276 1685 4338 in
1705 4281 1741 4340 16.
1778 4275 1902 4341 Eadem
1918 4278 2013 4341 ctiam
2033 4279 2167 4344 66661116
2188 4278 2265 4342 alibi
2279 4278 2414 4357 ponitur

402 4381 498 4442 quam
529 4362 665 4443 insipidi
698 4363 836 4428 leontinae
863 4384 984 4443 parum
1015 4364 1191 4428 6116666611
1223 4361 1381 4445 quomodo
1434 4385 1455 4427 a
1471 4363 1624 4446 propbeta
1641 4360 1744 4445 (Psel.
1765 4366 1815 4440 56,
1838 4361 1909 4446 10).·
1930 4384 1991 4444 qua
2009 4364 2059 4429 die
2076 4364 2255 4440 damauero,
2277 4363 2331 4426 boc
2346 4361 2414 4426 6616

388 4447 566 4512 'invocabit
580 4438 742 4529 'quispiam
758 4450 794 4513 in
812 4471 910 4532 quem
926 4469 993 4512 non
1012 4447 1171 4521 eredidit?
1190 4449 1263 4529 quis
1279 4453 1382 4513 661616
1434 4451 1515 4530 quod
1533 4448 1623 4513 Deus
1639 4468 1765 4512 nucem
1802 4447 1882 4512 Item
1903 4448 1995 4533 (ibid.
2016 4454 2045 4527 5,
2064 4450 2114 4532 4).·
2134 4469 2225 4513 mane
2245 4447 2415 4528 disponam

403 4534 500 4597 6166161
520 4535 586 4599 nisi
606 4534 768 4599 audierit?
811 4535 909 4599 Fides
926 4542 1031 4599 autem
1048 4555 1087 4599 erc
1107 4535 1229 4613 auditu,
1253 4535 1382 4600 66611166
1434 4535 1492 4599 tibi
1513 4541 1542 4600 et
1560 4533 1745 4616 speculabor.
1790 4533 1845 4598 Ea
1860 4533 1912 4598 bis
1929 4538 2013 4601 euin
2029 4534 2131 4600 666616
2147 4535 2288 4599 elicimus
2303 4554 2414 4616 preces

340 4650 350 4667 x
403 4619 646 4683 6666161161.
693 4620 779 4684 Nam
799 4621 954 4701 6666616611
980 4621 1143 4684 exordium
1165 4641 1203 4685 66
1223 4621 1285 4694 1166
1309 4641 1382 4704 pra·
1435 4623 1471 4686 in
1492 4628 1594 4686 anem
1618 4620 1747 4701 frustra
1766 4621 1894 4701 pratici,
1922 4623 1989 4687 nisi
2008 4641 2080 4703 spes
2100 4621 2144 4684 611
2164 4641 2303 4698 anama,
2329 4621 2413 4684 uude

403 4705 503 4769 datim
524 4705 682 4783 deducens,
705 4711 809 4787 aperte
830 4705 998 4771 contendit
1014 4728 1081 4771 non
1100 4728 1194 4788 posse
1211 4707 1323 4771 Deum
1340 4706 1381 4770 ab
1434 4708 1515 4772 uelut
1537 4728 1553 4771 6
1573 4705 1697 4787 merula
1714 4704 1821 4769 Deum
1841 4708 1938 4787 quieti
1955 4712 2170 4789 exspectemus
2208 4706 2327 4788 Quibus
2344 4726 2413 4770 corr-

403 4788 477 4853 aliis
497 4790 622 4855 sincere
644 4792 805 4870 invocari,
835 4793 900 4856 nisi
929 4792 1046 4873 quibus
1068 4792 1231 4876 evangelii
1252 4791 1382 4875 praedi·
1435 4794 1518 4858 66611
1544 4793 1641 4857 series
1670 4791 1825 4872 paulinae
1856 4793 2089 4859 6616611666.
2136 4793 2223 4858 Nam
2248 4798 2414 4874 6616666111

404 4875 530 4938 catione
552 4875 713 4941 sternentia
737 4879 806 4942 eius
829 4878 1017 4959 etfacilitas
1037 4880 1220 4958 innotuerit,
1249 4880 1312 4943 ima
1333 4878 1381 4942 fa»
1433 4878 1541 4959 11616166
1560 4879 1604 4943 ad
1619 4877 1813 4957 precandum
1833 4877 1869 4940 iu
1890 4880 2009 4961 spiritu
2026 4880 2167 4947 sollicitet
2182 4880 2415 4960 omnitempore

404 4958 571 5024 miliariter
594 4962 694 5025 166116
716 4966 864 5044 exposita.
1435 4984 1506 5028 cum
1522 4963 1688 5046 uipilautia
1705 4967 1734 5025 et
1750 4963 1944 5044 assiduitate,
1967 4967 2004 5029 in
2019 4968 2140 5048 primis
2156 4965 2239 5030 iubet
2255 4982 2415 5030 assumere

495 5049 542 5108 12.
587 5045 684 5113 Η666
716 5051 943 5115 necessitatem
977 5051 1112 5116 minime
1144 5050 1291 5132 cogitant
1324 5048 1381 5113 ad-
1435 5055 1555 5114 scutum
1570 5049 1655 5130 116161,
1676 5048 1800 5130 paleam
1817 5050 1941 5129 salutis,
1964 5053 2155 5135 etpladium
2170 5053 2311 5134 66161166,
2333 5049 2416 5133 quod

405 5132 542 5195 versarii
570 5134 683 5197 nostri.
728 5136 845 5219 Itaque
877 5158 979 5219 quum
1007 5148 1098 5202 certa
1130 5135 1230 5200 animi
1263 5133 1382 5199 fiducia
1435 5141 1479 5201 est
1507 5135 1633 5201 cabum
1659 5133 1724 5198 Dei
1752 5134 1909 5218 (66116,
1937 5137 2001 5222 16).
2046 5137 2203 5203 Meruore'a
2234 5159 2331 5220 porro
2362 5135 2415 5199 liic

404 5215 871 5300 6661661666616666666616,
895 5221 1004 5287 Deum
1026 5222 1089 5287 sibi
1110 5220 1289 5304 propitium
1310 5241 1381 5285 esse
1434 5226 1573 5302 repetant
1593 5221 1716 5286 16616666
1743 5223 1825 5302 quad
1851 5229 1923 5288 ante
1949 5223 2034 5304 61161,
2064 5224 2199 5288 61161166
2224 5220 2416 5299 labefactari

917 5338 920 5343 ·
1385 5349 1386 5352 =
1437 5307 1552 5388 66616,
1592 5305 1649 5372 ubi
1686 5327 1763 5371 oum
1794 5309 1960 5389 miseriae,
1999 5310 2169 5394 egestatis,
2205 5309 2416 5391 sordiumque

404 5409 481 5418 -ο-ᾼ
508 5413 531 5419 --
541 5414 607 5420 ω...-

472 5526 501 5593 l)
521 5528 594 5580 Edd.
614 5527 689 5581 1617.
709 5524 873 5580 16561667
893 5534 919 5583 et
942 5528 1162 5584 1161661666
1186 5529 1381 5598 inquietudine.

404 5593 434 5661 2)
453 5597 643 5648 examinantur
662 5593 843 5654 1592-,1611
910 5595 1383 5664 transcenderemus
1507 5599 1536 5667 1)
1566 5599 1640 5656 11661.
1667 5601 1829 5655 recentiores
1854 5601 2002 5655 6661661166
2022 5599 2140 5670 pessime
2166 5598 2286 5651 66161661
2313 5595 2416 5652 soliciti

404 5661 504 5717 babent
520 5664 670 5733 defatigati.
1436 5667 1716 5736 (maniaticus
1736 5668 1848 5723 166761
1871 5668 1966 5733 11161).
2056 5683 2058 5689 ’
