5600 6809
435 743 497 803 407
1083 732 1349 801 ΙΝΒΤΙΤΠΉΟ
1371 735 1476 800 REL.
1499 732 1679 801 OHRISn
1705 738 1795 799 1559.
2369 738 2433 801 ees
2468 717 2470 720 ⁴

434 927 577 1008 stinquit,
599 931 634 990 ut
650 924 694 990 ad
712 924 846 990 solidum
858 926 995 1005 effectum
1015 924 1240 1006 etfruitienem
1261 944 1322 987 nen
1337 943 1411 1003 per-
1462 922 1608 999 ereutiat,
1636 928 1664 985 et
1689 923 1733 987 ad
1754 923 1975 1004 poenitentiam
2001 924 2149 989 sollicitet.
2194 921 2306 1002 Itaque
2332 925 2434 989 eodan

435 1012 567 1076 ueniant.
623 1011 696 1074 Non
728 1011 810 1074 enim
834 1011 903 1075 ideo
935 1032 968 1074 se
996 1010 1171 1091 propitium
1198 1009 1264 1073 illis
1291 1009 1411 1073 dunen-
1461 1011 1594 1086 tempore
1615 1013 1643 1071 et
1664 1008 1782 1071 iratum
1802 1009 1872 1086 sibi,
1895 1009 1941 1073 cel
1955 1011 2090 1091 pacatis
2111 1009 2188 1087 suis,
2216 1012 2245 1072 et
2261 1010 2434 1090 propitium

435 1101 528 1174 strat,
557 1097 634 1176 quia
662 1116 730 1160 oere
757 1116 794 1159 ea
817 1099 912 1159 morte
933 1101 1048 1176 ereptos
1069 1096 1104 1158 in
1124 1095 1296 1160 custodiam
1318 1115 1411 1159 suam
1462 1093 1651 1172 concipiunt:
1679 1094 1756 1173 quia
1782 1114 1844 1158 non
1868 1095 1935 1175 ficte
1961 1097 2044 1159 iram
2065 1095 2132 1158 eius
2154 1093 2370 1175 deprecantur,
2392 1097 2435 1159 ad

435 1182 581 1263 recipiat,
607 1182 662 1246 sed
682 1186 803 1245 tantum
824 1181 890 1245 iltis
911 1181 1090 1261 manifestat
1104 1185 1300 1262 praesentem
1320 1181 1412 1244 misc·
1462 1198 1553 1259 quem
1574 1183 1675 1242 tamen
1701 1199 1771 1243 eum
1798 1181 1972 1261 tranquilla
1998 1180 2118 1260 fiducia
2139 1180 2327 1261 eonfuqiunt.
2371 1181 2436 1244 His

434 1267 614 1332 ricerdiam.
668 1267 747 1330 Vico
775 1271 878 1330 autern
896 1267 971 1346 (idei
991 1266 1096 1330 radice
1117 1266 1197 1330 solos
1218 1266 1323 1330 clectos
1344 1266 1411 1347 diq-
1463 1264 1588 1344 quidem
1617 1269 1746 1343 cerestat,
1779 1265 1928 1344 quosdam
1958 1272 2021 1330 nen
2051 1265 2203 1329 simulare
2232 1264 2340 1344 fidem
2382 1267 2437 1347 qui

435 1357 543 1429 natur,
576 1358 611 1416 ut
643 1355 678 1416 in
708 1352 802 1431 hnenr
834 1371 931 1431 usque
951 1356 1153 1433 perseverent.
1198 1350 1251 1414 Ita
1279 1350 1412 1414 diluitur
1462 1354 1563 1413 tamen
1589 1369 1664 1413 cera
1689 1350 1751 1430 hde
1778 1357 1897 1429 carent,-
1926 1352 1980 1416 sed
2007 1350 2082 1415 dum
2107 1349 2206 1413 subito
2234 1350 2293 1414 reli
2320 1353 2437 1433 inipetu

436 1438 559 1503 obiectio
585 1438 657 1516 illa,
685 1439 714 1502 si
742 1458 810 1501 vere
835 1438 971 1519 qratiam
994 1457 1085 1500 suern
1105 1437 1292 1500 demmrstrat
1313 1437 1410 1513 Deris,
1461 1436 1621 1517 suuntur,
1648 1455 1681 1497 se
1707 1436 1793 1516 ipses
1817 1436 1905 1517 falsa
1925 1438 2067 1518 opinione
2087 1436 2251 1517 decipiunt.
2296 1437 2361 1501 Nec
2381 1438 2437 1500 du

436 1523 491 1587 hoc
507 1529 656 1604 perpetue
681 1524 783 1602 tinum
810 1541 890 1586 esse:
917 1523 994 1602 quia
1020 1522 1101 1586 nihil
1129 1522 1225 1586 obstat
1245 1523 1412 1602 queminus
1462 1521 1550 1584 bium
1576 1525 1633 1598 est,
1660 1521 1738 1601 quin
1765 1522 1851 1600 ipsos
1876 1526 1995 1604 occupet
2022 1521 2177 1599 socordia,
2204 1541 2241 1584 ne
2267 1541 2318 1585 cer
2343 1543 2437 1586 snum

431 1610 590 1689 qrraesenti
619 1608 740 1692 qratiae
772 1627 848 1672 suae
878 1628 984 1686 sensu,
1022 1608 1078 1689 qui
1108 1611 1218 1688 postea
1249 1608 1411 1685 morencii,
1458 1607 1562 1688 probe,
1583 1610 1619 1667 ut
1633 1626 1700 1686 par
1721 1611 1797 1684 erat,
1819 1609 2003 1672 examinent.
2050 1607 2142 1671 Tales
2161 1606 2262 1688 fuisse
2278 1608 2439 1688 probabile

437 1692 527 1759 Deus
549 1695 671 1774 aliquos
691 1693 831 1756 ilustret.
1463 1696 1520 1768 est,
1549 1691 1661 1772 quibus
1683 1690 1769 1775 (teste
1792 1690 1924 1777 Ioanne)
1948 1691 2091 1757 Christus
2111 1712 2145 1754 se
2165 1694 2271 1772 ipsum
2293 1713 2355 1757 non
2376 1714 2438 1757 ere·

526 1783 573 1842 12.
622 1779 807 1859 Quanquam
830 1778 922 1842 etiarn
941 1778 1021 1858 fiaes
1041 1779 1168 1842 diuinae
1194 1799 1267 1860 erqa
1288 1797 1344 1843 nes
1365 1776 1413 1841 be-
1464 1776 1566 1855 debat,
1594 1797 1693 1858 quum
1718 1781 1818 1841 tanren
1840 1778 1875 1840 in
1894 1778 2000 1861 ipsum
2021 1779 2190 1856 mederum
2217 1778 2293 1857 quia
2314 1785 2441 1842 nmerat

436 1864 619 1927 neoolemiae
646 1864 757 1926 notitia
785 1868 843 1940 cst,
872 1869 900 1927 et
923 1869 1005 1928 certa
1031 1865 1069 1928 de
1096 1865 1165 1927 eius
1191 1864 1316 1927 veritate
1340 1883 1414 1942 per-
1464 1882 1576 1940 munes,
1599 1868 1628 1925 ot
1647 1863 1759 1927 sceau
1780 1863 1856 1942 quid
1877 1869 1954 1928 esset
1975 1865 2010 1927 αα
2031 1863 2152 1927 homine
2173 1863 2302 1946 (Ionnn.
2322 1868 2351 1941 2,
2372 1867 2438 1946 24).

436 1950 558 2026 suasio,
586 1970 648 2013 non
676 1950 793 2011 rnirrrnr
819 1953 918 2011 tauron
946 1954 989 2013 est
1016 1950 1118 2014 divini
1146 1950 1263 2013 amoris
1290 1968 1414 2012 sunum
1469 1949 1556 2029 Quod
1583 1949 1650 2011 nisi
1676 1969 1697 2012 a
1724 1948 1876 2012 communi
1902 1948 1965 2029 fide
1990 1949 2082 2013 multi
2101 1947 2273 2012 maduerit
2293 1949 2440 2033 (commu-

436 2036 471 2097 in
492 2035 692 2115 temporariis
708 2055 897 2112 ‘eearrescere
919 2037 974 2115 qui
996 2035 1066 2099 licet
1080 2033 1414 2115 presumentem
1465 2054 1535 2097 nem
1562 2033 1696 2112 appelle,
1729 2035 1805 2114 quia
1832 2054 1948 2116 maqna
1974 2039 2020 2098 est
2046 2033 2219 2098 similitude
2247 2039 2275 2097 et
2295 2035 2440 2116 affinitas

436 2140 473 2183 ea
501 2125 602 2183 tannen
630 2120 762 2183 multum
790 2120 902 2200 differt.
954 2119 1102 2184 Voluntas
1124 2118 1189 2184 Dei
1209 2119 1415 2183 immutabilis
1464 2118 1539 2200 (idei
1569 2118 1749 2200 temperatis
1778 2120 1851 2183 cuni
1866 2121 1949 2183 *eiua
1976 2118 2192 2204 etperpetua)
2223 2121 2440 2185 uendidisset

443 2210 495 2284 cst,
516 2206 625 2287 fauor,
652 2210 819 2284 etsemper
839 2205 908 2268 eius
927 2206 1042 2270 ceritas
1062 2205 1124 2269 sibi
1146 2209 1269 2270 constat.
1313 2204 1415 2284 Atqui
1468 2202 1612 2269 Christus
1632 2204 1815 2285 discipulis.-
1835 2205 1865 2268 si
1885 2225 1939 2268 nos
1960 2206 2141 2270 eumenus
2158 2206 2195 2268 in
2211 2223 2347 2269 sermone
2363 2226 2437 2284 mco,

442 2311 516 2372 nepo
537 2291 695 2371 hucusque
708 2291 857 2372 proqredi
873 2289 1021 2372 reprobos,
1044 2296 1079 2354 ut
1097 2292 1133 2355 iu
1154 2310 1303 2354 arcanam
1323 2289 1415 2354 illam
1466 2310 1535 2353 cere
1563 2288 1712 2371 discipuli
1742 2292 1803 2352 mei
1829 2291 1920 2370 estis,-
1951 2296 1979 2355 et
2006 2291 2187 2373 coqnoseetis
2213 2291 2384 2369 ceritatem,
2412 2297 2441 2355 et

441 2376 654 2440 renotationem
679 2380 853 2455 penetrent,
892 2397 988 2456 quarn
1018 2377 1095 2441 solis
1127 2377 1225 2440 electis
1257 2376 1415 2456 scriptura
1466 2376 1582 2438 ceritas
1613 2396 1666 2439 cos
1697 2374 1809 2439 liberes
1839 2376 1943 2440 reddet
1974 2376 2065 2460 (ibid.
2091 2378 2126 2453 8,
2152 2375 2217 2458 31).
2262 2375 2328 2441 Eos
2358 2377 2441 2441 enim

441 2462 588 2525 oendnat.
635 2461 720 2543 Neqo
741 2462 839 2543 iqitur
862 2482 911 2525 ees
931 2463 979 2526 uel
999 2460 1063 2525 Dei
1085 2462 1279 2544 uoluntatem,
1308 2467 1344 2525 ut
1370 2465 1415 2525 est
1466 2461 1633 2541 mmpedat,
1654 2461 1709 2540 qui
1728 2460 1866 2542 ampleui
1887 2466 1975 2525 eram
1992 2463 2062 2526 eius
2082 2461 2268 2539 doctrinam,
2291 2462 2441 2526 etherta-

441 2547 659 2624 immutabilis,
682 2566 805 2627 capere,
829 2547 874 2611 cel
896 2549 963 2611 eius
983 2549 1141 2612 ceritatem
1158 2551 1329 2611 constamer
1350 2567 1416 2609 ane·
1465 2551 1518 2609 tur
1545 2546 1588 2610 ad
1608 2547 1779 2628 profectum
1805 2545 1895 2626 fidu,
1928 2567 1967 2611 ne
1997 2552 2116 2629 torpore
2147 2567 2203 2611 suo
2229 2546 2333 2611 lumen
2359 2549 2441 2628 quod

436 2632 544 2712 plecti,
574 2633 649 2712 quia
675 2632 824 2696 insensu
847 2632 975 2696 evanida
995 2633 1175 2712 subsidunt,
1202 2633 1296 2697 sicuti
1322 2632 1415 2697 arbor
1465 2631 1573 2695 datum
1592 2637 1644 2707 cst,
1666 2633 1873 2713 eastinquant.
1903 2631 1978 2697 Ideo
2001 2631 2126 2696 Paulus
2145 2632 2226 2715 (Tit.
2245 2637 2272 2711 l,
2294 2634 2327 2716 l)
2347 2633 2442 2712 fidam

441 2737 503 2780 nen
523 2718 602 2781 satis
623 2716 682 2780 alte
697 2717 858 2797 plantata,
881 2723 916 2781 ut
935 2719 1025 2783 eicos
1045 2719 1167 2782 radices
1189 2723 1274 2801 aqut,
1303 2722 1415 2799 tempo-
1465 2717 1566 2780 electis
1581 2717 1785 2796 peculiariter
1805 2717 1959 2796 mendicat,
1981 2717 2164 2801 siqnitieans
2184 2718 2296 2783 muhos
2316 2739 2440 2782 euanes-

441 2803 489 2864 ris
510 2822 651 2868 successu
671 2804 795 2879 arescit,
821 2804 889 2867 licet
907 2824 965 2884 per
986 2804 1105 2884 aliquot
1125 2822 1223 2867 annos
1244 2823 1306 2868 non
1321 2803 1415 2882 fleres
1465 2822 1538 2880 cere,
1561 2803 1639 2883 quia
1659 2803 1764 2865 cinam
1784 2803 1922 2867 radicem
1942 2824 2004 2868 nen
2023 2808 2196 2868 mouerunt.
2226 2803 2328 2867 Sicuti
2345 2806 2440 2867 etiarn

440 2884 560 2950 tantum
585 2892 612 2950 et
638 2887 718 2967 folia
746 2889 877 2967 emittat,
905 2889 960 2953 sed
985 2890 1080 2953 etiam
1100 2888 1229 2968 fructus.
1271 2888 1415 2968 Denique
1456 2887 1602 2967 loquitur
1631 2886 1775 2952 Christus
1802 2890 1889 2969 apud
1916 2888 2112 2953 Matthaeum
2141 2888 2211 2971 (lb,
2238 2889 2309 2970 13).·
2338 2891 2440 2952 omnis

439 2974 521 3036 sicut
546 2973 650 3052 primi
683 2971 817 3036 heminis
843 2974 1007 3055 defectione
1034 2975 1129 3038 deleri
1150 2976 1254 3053 potnit
1281 2995 1319 3037 ecc
1347 2974 1414 3036 eius
1465 2973 1559 3037 arbor
1584 2993 1679 3053 quarn
1706 2993 1767 3036 nen
1788 2973 1946 3055 mauldoit
1966 2980 2061 3056 pater
2085 2994 2206 3052 meus,·
2221 2974 2437 3038 uaduahitur.

439 3062 537 3122 ruente
569 3062 597 3120 et
627 3059 738 3121 areima
768 3059 871 3141 inape
898 3058 975 3137 Dei,
1007 3061 1053 3123 ita
1078 3060 1197 3123 mirum
1224 3080 1286 3124 nen
1314 3064 1358 3124 cst
1384 3059 1415 3124 si
1467 3059 1510 3122 In
1536 3058 1612 3122 aliis
1639 3060 1779 3123 crassius
1805 3065 1849 3123 est
1871 3061 2081 3139 mendacium,
2110 3079 2188 3140 quos
2207 3058 2276 3124 Deo
2297 3064 2324 3122 et
2342 3059 2439 3123 horrei

440 3143 627 3223 quibusdam
645 3144 768 3223 qratiae
791 3165 868 3208 suae
887 3146 993 3210 radiis
1012 3144 1151 3225 reprobis
1171 3145 1309 3224 illuceat,
1338 3163 1415 3225 quas
1466 3145 1558 3208 nens
1589 3143 1720 3209 illudere
1751 3165 1813 3208 nen
1838 3146 1943 3226 pudet.
1988 3145 2030 3209 In
2059 3144 2113 3210 hoe
2141 3164 2239 3228 qenus
2269 3145 2438 3223 hominum,

434 3234 544 3310 postea
573 3229 729 3311 eastinqui
750 3231 882 3309 patitur.
929 3230 995 3294 Nec
1022 3250 1091 3296 cero
1119 3230 1290 3312 quidquam
1320 3231 1415 3310 impe
1466 3229 1521 3311 qui
1540 3229 1651 3311 fallaci
1666 3234 1830 3312 praetentu
1848 3231 1944 3311 impie
1963 3230 2057 3311 fidem
2071 3231 2260 3313 profanant,
2283 3231 2441 3294 inuehitur

440 3313 487 3377 dit
507 3315 674 3394 queminus
694 3314 800 3378 leniter
822 3315 902 3380 alios
928 3317 1027 3398 tinqat
1048 3316 1199 3398 coanqelii
1219 3317 1272 3380 sui
1293 3317 1413 3393 notitia,
1467 3315 1601 3379 Iacobus
1617 3314 1662 3398 (2,
1684 3320 1748 3380 14.
1778 3314 1843 3380 Nec
1866 3315 1990 3380 Paulus
2009 3317 2041 3400 (l
2063 3316 2146 3380 Tim.
2168 3321 2196 3395 1,
2216 3315 2250 3401 5)
2272 3318 2442 3398 requireret

440 3398 521 3463 alios
535 3400 665 3479 penitus
682 3400 807 3463 imbuat.
841 3400 909 3466 Hoc
926 3402 1051 3466 interim
1072 3402 1232 3466 tenendum
1248 3407 1300 3482 est,
1318 3421 1416 3482 quan-
1467 3422 1488 3464 a
1517 3401 1598 3481 neeis
1617 3401 1691 3467 Dei·
1831 3421 1892 3466 non
1916 3401 2037 3482 haam,
2064 3404 2131 3466 nisi
2158 3404 2236 3483 quia
2262 3403 2353 3466 multi
2380 3403 2441 3465 sibi

440 3486 556 3550 tumois
575 3486 687 3567 eatque
708 3486 749 3549 sit
771 3507 807 3550 ae
827 3486 936 3551 debilis
956 3488 992 3550 in
1009 3487 1109 3552 electis
1116 3487 1202 3567 fides,
1224 3489 1415 3568 quintamen
1467 3487 1613 3551 audacter
1634 3491 1783 3570 arroqant
1802 3487 1884 3566 quod
1904 3509 1966 3552 nen
1987 3487 2113 3567 labent,
2141 3493 2170 3551 et
2189 3490 2282 3552 inani
2301 3488 2372 3567 fuce
2394 3488 2441 3551 oet

441 3571 575 3651 spiritus
602 3571 666 3635 Dei
699 3576 780 3635 certa
811 3571 878 3636 illis
905 3572 1005 3637 arrha
1030 3577 1074 3637 est
1105 3594 1142 3639 ac
1170 3574 1312 3656 mqillum
1338 3592 1415 3638 suae
1466 3572 1546 3637 alies
1577 3572 1624 3637 cel
1655 3571 1810 3636 iraterdum
1841 3592 1874 3636 se
1905 3574 1992 3655 ipsos
2016 3573 2142 3655 fallunt.
2192 3573 2304 3654 Itaque
2330 3574 2440 3637 bonam

442 3656 629 3736 adeptionis,
659 3676 821 3738 uunquam
847 3678 885 3720 eu
912 3678 1017 3722 eorum
1043 3658 1187 3724 cordibus
1208 3659 1304 3725 deleri
1320 3678 1415 3741 pesse
1465 3658 1681 3723 conscientiam
1701 3677 1793 3722 arcae
1814 3663 1988 3739 comparat,
2015 3659 2052 3723 in
2079 3680 2144 3739 qua
2170 3660 2343 3724 custoditm
2362 3659 2440 3739 heles

442 3742 510 3805 enus
531 3741 738 3821 sculpturam
764 3743 907 3823 reprobos
934 3763 1005 3809 uero
1026 3745 1085 3810 tali
1106 3744 1171 3809 luce
1192 3746 1315 3828 asperqi
1335 3765 1416 3825 quae
1467 3742 1557 3829 (ibid.
1587 3741 1658 3827 19):
1686 3743 1762 3824 quio
1788 3744 1880 3809 nmlti
1905 3743 1945 3809 ab
1972 3745 2031 3810 illa
2058 3745 2223 3810 excidendo
2249 3746 2333 3809 circa
2361 3746 2441 3808 hanc

438 3831 547 3908 postea
568 3826 729 3907 dispercat.
764 3828 870 3908 Neque
891 3834 995 3894 tamen
1013 3829 1158 3911 fallaum
1174 3851 1238 3895 esse
1254 3831 1415 3912 spiritum:
1466 3829 1672 3912 naufraqium
1689 3829 1833 3909 fecerunt.

440 3911 518 3993 quia
549 3930 651 3975 seruere
678 3914 759 3991 quod
785 3914 860 3978 iacit
888 3916 923 3979 in
944 3935 1049 3980 eorum
1070 3916 1227 3994 cordibus,
1255 3937 1314 3980 nen
1333 3918 1414 3980 eivi-
1555 3919 1602 3978 13.
1639 3914 1790 3979 Tenenda'
1803 3916 1897 3979 etiam
1917 3921 1962 3981 est
1982 3915 2130 4000 erebique
2150 3916 2236 3981 cubi
2245 3917 2440 4000 siqnihmtio.

438 3999 521 4077 (icat,
543 4001 578 4058 ut
599 4017 717 4077 semper
737 4005 860 4063 maneat
876 4001 1117 4081 incorruptibile,
1139 4003 1233 4066 sicuti
1253 4004 1288 4067 in
1305 4002 1414 4067 electis.
1469 3999 1567 4081 Saepe
1596 4002 1679 4065 enim
1709 4001 1788 4081 fides
1817 4001 1997 4066 unomen
2026 4003 2106 4067 calet
2136 4022 2173 4066 ae
2203 4023 2285 4066 sana
2312 4004 2442 4082 pictatis

449 4079 542 4150 Ultra
561 4082 709 4163 procede:
736 4104 810 4148 nam
837 4106 933 4166 quurn
959 4106 997 4150 eu
1023 4089 1198 4168 scripturae
1223 4088 1362 4152 doctrina
1389 4093 1417 4153 et
1466 4086 1614 4165 dedeina,
1636 4087 1716 4152 sicut
1736 4107 1880 4169 ecquem
1900 4108 2001 4168 nuper
2011 4088 2176 4153 citaoimm
2192 4088 2261 4167 lece,
2284 4093 2314 4150 et
2334 4088 2441 4150 eadem

442 4167 621 4251 quotidiano
637 4188 699 4232 usu
710 4175 828 4247 constet,
851 4171 995 4253 reprobes
1012 4173 1169 4237 interdum
1186 4173 1273 4255 affici
1289 4174 1416 4239 diuinae
1467 4172 1610 4252 epistola
1643 4173 1698 4236 ubi
1727 4172 1853 4239 Pardus
1877 4174 2023 4239 diawnes
2048 4179 2147 4239 tenue
2170 4173 2236 4236 cult
2259 4172 2440 4252 mysterium

438 4254 563 4336 qratiae
589 4274 696 4331 sensu,
724 4256 879 4335 quoddam
900 4258 1004 4322 mutui
1025 4259 1142 4323 ameris
1163 4260 1352 4325 desiderium
1380 4259 1416 4322 in
1464 4257 1539 4338 fidei
1566 4259 1602 4323 in
1623 4279 1712 4338 pura
1741 4261 1924 4326 conscientia
1953 4258 1985 4344 (l
2007 4260 2090 4324 [eim.
2116 4261 2151 4335 3,
2170 4258 2213 4342 9).
2262 4257 2355 4332 Item,
2386 4254 2439 4316 “bl

441 4339 568 4403 illerum
589 4339 732 4404 cudibus
753 4342 882 4404 eneitari
903 4362 1022 4408 neeesse
1040 4349 1091 4408 est.
1128 4343 1181 4409 Sic
1202 4346 1238 4409 in
1254 4343 1350 4409 Saule
1372 4345 1416 4408 ad
1466 4343 1628 4408 denuntiat
1652 4346 1849 4425 quarumdam
1875 4345 2069 4426 defectionem
2096 4364 2118 4406 a
2141 4343 2203 4423 tide
2225 4340 2314 4426 (ibid.
2337 4346 2371 4416 4,
2394 4339 2437 4423 l).

439 4428 562 4506 tempus
577 4426 679 4507 niquit
687 4428 767 4506 pius
786 4428 911 4508 affectus
926 4432 962 4491 ut
977 4428 1082 4492 Deum
1098 4435 1224 4510 amaret,
1242 4452 1263 4495 a
1283 4451 1344 4512 quc
1355 4451 1416 4510 pa-
1468 4428 1522 4492 Ee
1541 4430 1678 4512 opposito
1704 4437 1808 4496 auten
1834 4431 1911 4495 dicit
1931 4428 2217 4510 medritumsuisse
2247 4425 2441 4489 Timotheum

439 4515 524 4575 terne
545 4531 577 4575 se
597 4512 726 4576 tractari
747 4513 855 4590 sciens,
877 4512 986 4592 aliqua
1007 4514 1153 4580 bonitatis
1171 4517 1240 4581 eius
1256 4516 1417 4582 dulcedine
1467 4514 1568 4580 verbis
1592 4515 1668 4596 (idei
1694 4515 1785 4600 (ibid.
1810 4538 1841 4583 v.
1867 4514 1910 4600 6).
1953 4514 2045 4592 Item,
2077 4513 2132 4577 ubi
2163 4513 2253 4589 dicit,
2281 4512 2441 4592 profanas

432 4595 629 4675 capiebatur.
675 4596 720 4661 At
751 4598 1009 4678 quemadmodum
1041 4602 1196 4666 radicitus
1226 4622 1287 4665 nen
1312 4601 1416 4668 haeret
1467 4601 1634 4666 inanitates
1653 4607 1681 4666 et
1701 4602 1904 4683 oppositiones
1922 4600 2006 4682 falso
2026 4600 2202 4663 nerninatae
2218 4598 2381 4674 scientiae,
2405 4598 2441 4660 in

444 4681 479 4744 in
500 4681 637 4762 reprobis
658 4683 696 4747 de
710 4688 842 4764 paterne
863 4683 928 4749 Dei
949 4706 1054 4751 amore
1073 4689 1254 4767 persuasio:
1280 4689 1327 4752 ita
1353 4708 1416 4751 nen
1466 4707 1564 4753 causa
1589 4706 1654 4752 esse
1681 4692 1717 4751 ut
1741 4686 1832 4751 multi
1857 4707 1879 4749 a
1897 4685 1960 4766 fide
1980 4684 2140 4748 damant
2160 4683 2195 4768 (2
2214 4683 2298 4747 Tim.
2319 4686 2347 4761 2,
2371 4682 2441 4765 16).·

442 4765 540 4830 selide
561 4786 629 4831 eum
649 4769 812 4832 reclamant
832 4774 866 4832 ut
884 4770 974 4850 filii,
991 4774 1045 4837 sed
1071 4774 1257 4837 mercernarie
1283 4775 1416 4854 quedam
1467 4793 1545 4853 quos
1571 4772 1648 4836 olibi
1668 4771 1810 4854 reprobos
1825 4775 1912 4835 occat
1931 4770 2015 4834 circa
2032 4768 2135 4848 lidan.
2181 4768 2283 4834 Sicuti
2303 4789 2440 4848 norsum,

443 4853 552 4930 affectu
584 4853 744 4917 ducuntur.
791 4855 877 4918 Nam
909 4857 969 4921 seli
998 4855 1123 4922 Christo
1151 4858 1209 4923 hac
1234 4859 1296 4942 (αα
1321 4860 1416 4924 datus
1466 4858 1521 4922 uhi
1545 4859 1615 4922 Tite
1629 4854 1787 4938 praecepit
1805 4854 1882 4940 (Tit.
1905 4860 1932 4934 1,
1954 4858 1992 4917 13
2010 4861 2044 4919 et
2062 4858 2091 4933 2,
2111 4854 2162 4936 2).·
2183 4856 2314 4921 admone
2335 4875 2385 4919 eos
2406 4858 2440 4916 ut

443 4941 487 5000 est
507 4939 641 5017 spiritus
661 4939 712 5002 ille
728 4942 856 5018 amores,
876 4947 911 5004 ut
932 4963 1002 5006 eum
1022 4944 1168 5009 numbris
1188 4945 1257 5010 suis
1277 4944 1414 5010 instillet.
1465 4943 1539 5007 sani
1559 4943 1621 5007 sint
1642 4943 1678 5005 in
1696 4943 1770 5021 (ide,
1794 4941 1942 5005 sanitatis
1968 4960 2037 5004 uoce
2064 4941 2147 5005 nihil
2171 4942 2262 5005 aliud
2288 4939 2439 5022 intelliqit,

446 5020 511 5085 Neo
536 5027 611 5086 certe
639 5024 761 5107 lonqius
788 5047 882 5107 quam
909 5028 952 5091 ad
972 5028 1077 5093 electos
1103 5035 1192 5110 patet
1212 5031 1294 5096 illud
1316 5030 1415 5094 Pauli
1465 5048 1559 5110 quam
1580 5027 1737 5091 doctrinae
1758 5027 1943 5108 puritatem,
1971 5046 2051 5107 quae
2070 5027 2230 5091 hominum
2251 5027 2371 5090 lenitate
2390 5025 2440 5107 fa·

443 5105 554 5192 (Rem.
574 5113 607 5186 b,
628 5108 678 5194 b):
702 5112 822 5193 diffusa
849 5117 894 5176 est
914 5115 1031 5179 caritas
1052 5113 1116 5179 Dei
1137 5117 1174 5179 in
1194 5117 1287 5181 cerda
1307 5121 1414 5180 nostra
1465 5113 1521 5177 cile
1542 5112 1751 5192 corrumpitur
1772 5117 1800 5176 et
1820 5111 1986 5194 deperierat.
2021 5111 2141 5194 Nempe
2160 5114 2237 5194 quia
2257 5113 2294 5176 in
2307 5110 2439 5187 Oleristo,

295 5250 302 5264 .
435 5214 497 5272 per
515 5195 665 5273 spiritum
685 5203 837 5276 sanctum,
860 5200 914 5278 qui
936 5200 1027 5263 datus
1046 5206 1090 5265 est
1109 5201 1212 5281 nobis,·
1237 5221 1344 5283 nempe
1363 5219 1415 5264 ca
1464 5218 1554 5281 quem
1575 5197 1715 5279 possidet
1738 5197 1829 5279 fides,
1862 5197 2033 5263 absconditi
2065 5203 2138 5262 sunt
2169 5218 2272 5263 omnes
2300 5195 2440 5260 thesauri

442 5279 522 5343 ritas
543 5302 622 5361 quae
642 5282 739 5361 illam,
760 5305 853 5365 quam
875 5305 975 5366 supra
993 5287 1090 5369 attiqi,
1113 5287 1314 5353 invocationis
1332 5285 1415 5366 fidu·
1464 5285 1611 5349 scientiae
1636 5288 1665 5348 et
1691 5284 1865 5365 sapientiae
1886 5284 1970 5369 (001.
1991 5288 2025 5360 2,
2052 5283 2102 5369 3),
2131 5284 2240 5349 merite
2264 5282 2439 5346 mturditur

441 5366 523 5428 dam
542 5373 674 5448 qenerat.
720 5368 819 5434 Sr'cuti
843 5390 881 5447 ep
902 5372 1038 5452 eqrpcsr'to
1059 5373 1208 5452 uidemus,
1230 5371 1335 5435 Deum
1355 5371 1414 5434 mi-
1465 5369 1508 5436 ad
1539 5374 1634 5436 totam
1666 5370 1802 5435 coelestis
1832 5371 1990 5434 mannae
2021 5390 2190 5446 summam,
2227 5389 2248 5432 a
2282 5387 2346 5449 qua
2377 5386 2440 5430 nen

441 5449 582 5517 rabiliter
602 5455 698 5517 irasci
718 5454 797 5533 filiis
814 5452 882 5518 sues
903 5476 978 5537 ques
995 5478 1103 5523 arnare
1123 5480 1185 5524 non
1203 5456 1331 5527 desinit:
1351 5476 1414 5520 non
1458 5461 1560 5537 potest
1590 5457 1743 5539 separari.
1789 5453 1904 5520 Contra
1937 5457 1980 5521 ad
2004 5456 2202 5536 particulare
2233 5453 2361 5534 aliquod
2389 5450 2439 5516 ob

442 5537 523 5614 qued
543 5539 631 5617 apud
651 5559 685 5602 se
706 5560 755 5604 eos
771 5541 877 5615 oderit,
900 5541 953 5605 sed
969 5543 1045 5623 quia
1067 5548 1180 5610 terrere
1196 5563 1246 5609 ees
1264 5541 1330 5609 cult
1345 5542 1414 5607 irae
1464 5542 1577 5607 lectum
1614 5540 1785 5624 aliquando
1823 5542 2029 5624 restrinqitur.
2086 5539 2185 5604 Sicuti
2228 5559 2325 5619 quma
2363 5539 2441 5603 dicit

442 5640 518 5684 suae
545 5641 649 5702 sunu,
678 5629 712 5687 ut
738 5625 928 5704 snperbiam.
943 5630 1049 5692 carnis
1076 5629 1229 5709 benedict,
1263 5635 1415 5710 torporem
1465 5627 1645 5694 Matthaeus
1667 5629 1712 5712 (9,
1732 5631 1750 5690 2
1769 5626 1882 5713 seqq),
1907 5625 2064 5692 Christum
2078 5625 2173 5706 fidem
2189 5644 2296 5690 eorum
2312 5624 2439 5702 uidisse,
