5600 6809
394 759 475 821 1091
1044 745 1751 817 sstSTITUTIOREL.0HRJST.1oaa
2319 749 2409 832 1092

392 944 517 1026 pletum
535 943 570 1005 in
587 941 721 1007 Christo
739 953 773 1006 et
790 942 826 1005 in
843 941 937 1006 nobis
954 947 1101 1004 testatur,
1116 938 1250 1016 Paulus,
1268 957 1371 1019 quum
1422 960 1499 1003 rum
1519 941 1638 1003 seriem
1666 938 1725 1003 uni
1753 940 1857 1003 errori
1889 937 2124 1004 attexuenmt?
2151 947 2190 1002 ut
2212 937 2302 1004 dicas
2320 939 2411 1003 nihil

393 1027 541 1093 membra
562 1049 621 1092 nos
644 1048 714 1092 esse
732 1029 777 1091 ait
799 1027 942 1109 corporis
964 1026 1042 1102 eius,
1063 1024 1102 1088 de
1121 1045 1219 1089 carne
1241 1023 1320 1101 eius,
1339 1035 1372 1087 et
1424 1024 1513 1089 aliud
1532 1046 1631 1107 quam
1649 1025 1930 1090 abominationum
1946 1022 2104 1089 latebram
2123 1024 2311 1107 quaesiisse,
2324 1024 2410 1089 dum

394 1113 434 1178 de
461 1113 588 1178 ossibus
614 1114 699 1192 eius,
724 1113 867 1195 adeoque
900 1132 1001 1175 unam
1029 1112 1201 1192 cumipse
1230 1129 1370 1172 carnem.
1424 1111 1672 1175 amatrimcnio
1698 1121 1942 1176 sacramentum
1963 1110 2119 1175 fecenmt.
2164 1109 2231 1175 Ubi
2258 1111 2348 1174 enim
2371 1111 2410 1174 id

393 1198 543 1267 Tandem
559 1198 776 1281 epiphonema
793 1199 971 1264 subnectit:
994 1217 1153 1279 magnum
1170 1196 1232 1259 hoc
1249 1201 1371 1278 myste-
1425 1196 1526 1260 semel
1544 1196 1724 1272 obtinuere,
1747 1196 1968 1279 coniugalium
1989 1216 2163 1260 causarum
2183 1196 2411 1279 cognitionem

393 1284 498 1363 rium,
521 1292 563 1362 et,
586 1306 628 1348 ne
651 1286 724 1367 quis
747 1283 988 1367 amphibologia
1009 1282 1192 1358 falleretur,
1216 1280 1373 1362 exprimit
1425 1281 1467 1346 ad
1485 1302 1520 1345 se
1537 1289 1726 1347 traxerunt:
1750 1283 1871 1364 quippe
1893 1290 1946 1346 re's
1969 1280 2147 1364 spiritualis
2169 1289 2241 1346 erat
2257 1282 2409 1364 profanis

394 1390 430 1436 se
451 1391 518 1434 non
541 1369 581 1434 de
603 1371 726 1434 carnali
750 1371 813 1435 viri
836 1378 870 1434 et
890 1368 1040 1432 mulieris
1073 1367 1302 1432 coniunctione
1324 1364 1372 1429 lo·
1424 1366 1585 1434 iudicibus
1617 1389 1685 1431 non
1717 1366 1932 1432 attrectanda.
1977 1369 2062 1431 Tum
2097 1367 2185 1450 leges
2221 1377 2410 1432 sanxerunt

394 1456 464 1538 qui,
494 1456 552 1521 sed
581 1455 621 1520 de
651 1456 810 1538 spirituali
832 1455 959 1520 Christi
981 1461 1014 1518 et
1035 1452 1189 1518 ecclesiae
1211 1451 1371 1534 coniugio.
1425 1453 1544 1535 quibus
1572 1452 1782 1537 tyrannidem
1811 1473 1905 1517 suam
1932 1454 2124 1531 firmarunt,
2147 1452 2205 1518 sed
2226 1454 2347 1534 partim
2371 1455 2409 1517 in

393 1542 440 1606 Et
470 1562 548 1606 sane
575 1564 653 1608 vere
685 1562 739 1605 ma
763 1563 843 1605 num
878 1539 1072 1624 mysterium
1099 1544 1162 1616 est,
1195 1536 1281 1622 quod
1311 1535 1373 1600 sibi
1424 1537 1537 1602 Deum
1569 1539 1743 1603 manifeste
1774 1538 1910 1620 impias,
1942 1540 2063 1620 partim
2093 1540 2128 1602 in
2156 1538 2307 1604 homines
2340 1540 2409 1602 ini-

394 1626 549 1693 (lhristus
578 1635 702 1692 costam
732 1564 862 1690 detrahi
890 1645 1006 1708 passus
1031 1633 1081 1689 est
1104 1622 1191 1687 unde
1215 1624 1372 1687 formare-
1425 1625 1605 1707 quissimas.
1652 1622 1775 1704 Quales
1802 1632 1893 1702 sunt,
1916 1633 1956 1688 ut
1977 1625 2130 1707 coniugia
2157 1624 2245 1688 inter
2274 1624 2408 1690 adules-

394 1733 485 1777 mur:
511 1713 573 1777 hoc
595 1721 653 1790 est,
677 1734 778 1794 quum
799 1712 893 1776 fortis
915 1720 1009 1790 esset,
1033 1710 1147 1775 debilis
1170 1730 1240 1774 esse
1258 1708 1371 1786 voluit,
1425 1711 1581 1788 centulos,
1604 1719 1780 1792 parentum
1800 1711 1928 1774 iniussu
1950 1718 2127 1788 contracta,
2149 1712 2246 1775 firma
2267 1720 2408 1792 rataque

319 1830 324 1838 ·
396 1819 460 1881 quo
483 1819 542 1862 sua
564 1797 754 1862 fortitudine
783 1798 1021 1874 roboraremur,
1044 1796 1170 1860 utiam
1192 1816 1260 1858 non
1280 1794 1372 1859 viva·
1424 1804 1596 1874 maneant;
1632 1817 1675 1860 ne
1702 1795 1789 1860 inter
1823 1804 1992 1879 cognatos,
2022 1795 2064 1860 ad
2093 1796 2269 1878 septimum
2301 1816 2408 1878 usque

395 1905 471 1949 mua
492 1884 564 1965 ipsi,
588 1882 645 1948 sed
668 1885 760 1949 vivat
781 1884 851 1966 ipse
873 1885 910 1947 in
931 1883 1033 1947 nobis.
1426 1881 1574 1965 gradmn,
1597 1882 1745 1965 legitima
1762 1882 1830 1946 sint
1851 1882 2070 1952 matrimonia.
2089 1890 2122 1946 st
2138 1901 2221 1963 quae
2238 1889 2409 1946 contracta

482 1972 531 2033 36.
577 1969 738 2052 Imposuit
758 1969 824 2034 illis
846 1969 1043 2034 sacramenti
1069 1987 1198 2031 nomen.
1245 1966 1373 2029 Verum
1426 1976 1520 2046 sunt,
1549 1967 1784 2046 dissolvantur3
1813 1966 1935 2050 gradus
1958 1988 2036 2033 vero
2056 1969 2157 2050 ipsos,
2185 1977 2300 2031 contra
2322 1988 2405 2051 gen·

396 2076 579 2136 aequumne
607 2062 678 2119 erat
701 2066 873 2119 uteorum
905 2053 1054 2119 inscitiae
1080 2073 1203 2135 poenas
1230 2059 1299 2115 tcta
1320 2072 1372 2116 eo·
1426 2055 1509 2117 tium
1536 2057 1683 2119 omnium
1704 2054 1793 2131 iura,
1816 2061 1850 2117 et
1863 2052 1974 2117 ‘Mosis
1996 2074 2124 2135 quoque
2150 2052 2298 2136 politiam
2325 2073 2405 2119 con-

396 2140 494 2205 clesia
513 2140 690 2222 penderet?
736 2141 935 2224 Mysterium
957 2139 1087 2204 dixerat
1107 2138 1249 2202 Paulus:
1273 2156 1372 2218 quam
1425 2140 1573 2222 fingunt;
1593 2161 1635 2203 ne
1648 2139 1721 2204 viro
1738 2140 1794 2221 qui
1812 2135 1996 2203 adulteram
2013 2137 2246 2221 repudiaverit,
2265 2138 2406 2203 alteram

390 2223 570 2291 dictionem
593 2247 695 2307 quum
717 2226 903 2307 relinquere
932 2236 1041 2307 posset
1062 2226 1238 2306 interpres,
1261 2222 1373 2286 latinis
1425 2223 1583 2290 inducere
1608 2225 1721 2303 liceat;
1746 2246 1789 2289 ns
1817 2224 2006 2307 spirituales
2035 2225 2166 2308 cognati
2193 2225 2405 2289 matrimonio
2485 2294 2491 2300 ,

396 2312 530 2376 auribus
553 2332 619 2375 non
637 2312 887 2394 infrequentem,
909 2311 963 2376 vel
986 2331 1142 2376 arcanum
1164 2316 1302 2386 vertere,
1321 2329 1374 2372 sa·
1426 2311 1619 2393 copulentur
1626 2335 1634 2390 ;
1656 2333 1700 2376 ne
1721 2332 1742 2375 a
1763 2311 2004 2394 septuagesima
2025 2310 2068 2375 ad
2088 2319 2220 2376 octavas
2252 2310 2404 2392 paschae,

396 2405 601 2462 crementum
634 2418 755 2479 ponere
787 2398 918 2475 maluit,
952 2417 1019 2461 non
1045 2404 1157 2459 tamen
1183 2394 1246 2457 alic
1274 2415 1374 2458 sensu
1426 2397 1532 2462 tribus
1559 2395 1817 2462 hebdomadibus
1838 2407 1915 2460 ante
1936 2396 2083 2461 natalem
2110 2395 2260 2473 Ioannis,
2282 2395 2323 2459 ab
2345 2395 2405 2459 ad-

399 2504 498 2565 quam
520 2503 636 2566 graece
658 2483 793 2547 aPaulo
814 2474 1010 2566 mysterium
1032 2481 1157 2545 dictum
1174 2487 1253 2544 erat.
1285 2480 1375 2543 aaut
1426 2490 1530 2546 ventu
1551 2482 1592 2548 ad
1615 2482 1839 2566 epiphaniam,
1862 2481 1997 2563 nuptiae
2017 2481 2233 2557 celebrentur,
2256 2489 2291 2545 et
2311 2482 2404 2545 simi-

399 2589 505 2646 nunc,
534 2575 568 2630 et
594 2567 783 2650 linguarum
812 2568 964 2650 peritiam
991 2567 1131 2632 clamose
1163 2566 1374 2642 insectentur,
1426 2568 1474 2632 les
1501 2569 1709 2646 innumerae,
1737 2589 1818 2650 quas
1844 2587 2014 2633 recensere
2044 2568 2075 2631 lo
2102 2589 2181 2631 trum
2204 2568 2312 2632 fuerit.
2355 2568 2404 2631 Et

399 2674 538 2735 quarum
567 2653 753 2736 ignorantia
771 2654 807 2717 in
829 2674 865 2717 re
886 2653 974 2718 facili
994 2660 1028 2717 et
1050 2652 1154 2717 cuivis
1176 2649 1273 2716 obvia
1289 2658 1375 2715 tam·
1427 2675 1470 2717 ex
1490 2675 1604 2718 eorum
1624 2674 1723 2718 coeno
1743 2652 1919 2736 aliquando
1939 2589 2172 2736 emergeiidum
2195 2662 2259 2731 est,
2277 2653 2314 2716 in
2336 2672 2403 2735 quo

400 2739 457 2804 diu
488 2736 672 2803 foedissime
705 2739 896 2804 hallucinati
927 2747 1012 2803 sunt
1064 2736 1133 2802 Sed
1160 2757 1221 2803 cur
1246 2738 1283 2800 in
1309 2757 1375 2800 uno
1427 2739 1494 2804 iam
1527 2738 1650 2804 diutius
1686 2738 1794 2804 haesit
1830 2739 1935 2804 oratic
1968 2760 2068 2821 quam
2100 2738 2230 2803 animus
2266 2738 2402 2803 ferebat
2444 2747 2447 2752 '

400 2823 553 2888 hocloco
576 2825 770 2888 sacramenti
797 2821 947 2890 voculam
973 2831 1143 2905 tantopere
1163 2830 1292 2905 urgent,
1316 2821 1375 2886 ali·
1426 2825 1681 2907 Aliquantulum
1715 2832 1825 2889 tamen
1851 2824 1935 2888 mihi
1961 2824 2134 2906 profecisse
2159 2823 2286 2902 videor,
2315 2823 2404 2906 quod

400 2909 527 2992 quoties
548 2910 731 2992 neglectam
751 2910 984 2992 praetereunt?
1018 2910 1106 2974 Nam
1127 2917 1161 2974 et
1182 2907 1376 2989 inepistola
1426 2910 1531 2976 leonis
1562 2910 1683 2993 pellem
1703 2911 1776 2976 istis
1797 2911 1898 2976 asinis
1920 2910 2060 2993 quadam
2084 2930 2126 2973 ex
2147 2916 2241 2994 parte
2262 2910 2403 2973 detraxi.

400 2994 442 3060 ad
475 2995 684 3059 Timotheum
717 2997 826 3078 priore
856 2996 905 3081 (3,
931 2993 965 3080 9)
994 2995 1164 3078 evulgari
1195 2995 1375 3076 interprete

399 3081 505 3163 posita
534 3088 599 3159 est3
628 3082 721 3146 acin
742 3080 857 3145 eadem
883 3084 955 3164 ipsa
976 3080 1017 3145 ad
1045 3080 1208 3163 Ephesios
1239 3078 1376 3161 epistola

345 3237 349 3248 Ι
400 3165 445 3251 (l,
466 3170 483 3229 9
503 3175 537 3229 ct
555 3171 583 3244 3,
607 3167 651 3248 9),
674 3166 794 3248 ubique
815 3188 875 3250 pro
896 3167 1062 3251 mysterio.
1090 3165 1304 3231 (londonetur
1324 3172 1375 3229 ta·

399 3273 477 3316 men
504 3252 570 3318 illis
596 3251 650 3317 hic
677 3253 801 3335 lapsus:
837 3252 954 3316 saltem
981 3250 1155 3317 mendaces
1187 3257 1376 3333 oportuerat
1764 3251 1916 3318 OAPUT
1938 3250 2018 3317 XX.
2034 3251 2063 3335 ¹)

400 3357 472 3402 esse
494 3358 664 3402 memores.
711 3339 959 3403 Matrimonium
984 3360 1078 3416 vero,
1107 3336 1306 3403 sacramenti
1333 3336 1374 3400 ti-
2001 3392 2003 3399 .

400 3422 469 3487 tulo
491 3424 771 3502 commendatum,
801 3411 1192 3506 immunditiem'postoa,
1214 3421 1375 3521 etqpcllu-
1577 3412 1645 3493 De
1675 3411 1848 3524 politica
1878 3411 2252 3493 administratione.

399 3509 532 3587 tionem,
556 3516 589 3573 et
611 3510 758 3575 carnales
780 3510 893 3575 sordes
914 3529 1032 3575 vocare
1054 3530 1153 3591 quam
1175 3509 1376 3591 vertiginosa

400 3601 451 3660 est
474 3594 612 3660 levitas?
658 3594 769 3675 Quam
799 3594 978 3662 absurdum
1005 3604 1056 3660 est
1082 3615 1193 3660 arcere
1221 3615 1241 3657 a
1268 3612 1375 3658 sacra·
1518 3602 1543 3660 1.
1588 3596 1711 3673 Porro,
1740 3616 1843 3678 quum
1875 3594 1999 3677 duplex
2027 3595 2062 3659 in
2094 3594 2226 3658 homine
2256 3595 2407 3678 regimen

399 3686 511 3744 mento
532 3679 738 3746 sacerdotes?
782 3681 822 3748 Si
843 3704 863 3747 a
884 3688 1090 3748 sacramento
1117 3702 1151 3746 se
1179 3699 1290 3745 arcere
1317 3698 1375 3742 ne-
1428 3683 1578 3765 superius
1600 3681 1826 3760 statuerimus,
1850 3687 1885 3744 et
1906 3679 1946 3746 de
1970 3680 2072 3745 altero
2094 3679 2165 3759 illc,
2188 3677 2275 3762 quod
2297 3687 2350 3744 est
2369 3680 2407 3744 in

401 3773 495 3847 gent,
524 3765 581 3831 sed
609 3768 755 3832 accitus
783 3775 913 3833 tantum
945 3766 1099 3845 libidine,
1123 3787 1191 3831 uon
1220 3766 1267 3829 ita
1293 3763 1377 3828 mihi
1428 3769 1552 3846 anima,
1575 3787 1634 3832 seu
1653 3767 1804 3831 interiori
1832 3766 1965 3831 homine
1986 3767 2143 3849 positum,
2172 3764 2407 3849 aeternamque

401 3849 584 3915 elabuntur.
629 3852 716 3918 Nam
738 3862 771 3918 et
792 3854 913 3919 coitum
941 3853 1050 3936 ipsum
1075 3859 1203 3935 partem
1230 3872 1301 3916 ease
1324 3870 1375 3915 sa·
1428 3855 1533 3919 vitam
1564 3852 1711 3934 respicit,
1740 3853 1819 3917 satis
1846 3851 1952 3916 multa
1981 3853 2083 3918 verba
2109 3851 2186 3916 alibi
2218 3851 2404 3931 fecerimus,

400 3938 561 4001 crementi
582 3938 725 4017 tradunt,
739 3940 764 4024 ¹)
779 3953 887 4021 ‘coque
909 3939 1041 4004 demum
1062 3939 1200 4022 figurari
1220 3937 1376 4002 unionem
1429 3939 1470 4004 de
1487 3939 1590 4003 altero
1613 3938 1721 4016 etiam,
1743 3937 1831 4020 quod
1848 3936 1889 4002 ad
1911 3936 2145 4002 instituendam
2167 3935 2306 4003 civilem·
2321 3936 2407 4002 dun-
2490 4015 2494 4021 ¹

401 4042 483 4102 quae
510 4021 603 4088 nobis
631 4032 681 4088 est
708 4046 782 4089 eum
810 4025 957 4103 Christo,
979 4025 1015 4089 in
1036 4033 1175 4089 naturae
1202 4022 1377 4090 conformi·
1428 4033 1523 4090 taxat
1546 4031 1781 4107 externamque
1808 4045 1940 4089 mamm
1959 4024 2119 4090 iustitiam
2145 4023 2302 4106 pertinet,
2322 4044 2407 4087 ncn-

399 4113 481 4172 tate:
504 4109 580 4190 quia
596 4110 649 4175 vir
666 4118 700 4173 et
716 4111 835 4176 mulier
855 4133 922 4176 nou
942 4111 1008 4175 nisi
1029 4110 1153 4176 carnali
1173 4109 1290 4192 copula
1310 4128 1378 4172 una
1429 4110 1514 4176 nihil
1535 4118 1572 4174 ut
1593 4109 1800 4189 disseramus,
1822 4110 1913 4176 loeus
1933 4110 1987 4175 hic
2002 4110 2142 4193 appetit
2186 4107 2261 4173 Etsi
2282 4111 2366 4174 enim
2383 4130 2405 4173 a

399 4214 474 4259 carc
496 4195 585 4259 fiant
632 4192 830 4278 Quanquam
849 4197 912 4262 duo
933 4203 1140 4261 sacramenta
1167 4194 1299 4279 quidam
1322 4214 1376 4257 eo-
1429 4196 1594 4278 matach
1623 4196 1700 4278 fidei
1730 4197 1885 4274 (1011111111,
1918 4216 2015 4277 qaam
2047 4195 2243 4261 frodoardum
2271 4194 2400 4272 escwi,

397 4300 473 4343 rum
506 4280 561 4346 hic
594 4293 804 4363 repererunt,
840 4283 980 4347 alterum
1013 4281 1078 4345 Dei
1110 4288 1143 4346 et
1168 4280 1312 4359 animae,
1340 4279 1376 4342 in
1428 4287 1577 4364 separata
1593 4302 1658 4347 esse
1674 4282 1796 4346 videtur
1811 4281 1908 4346 tutas
1923 4281 2098 4364 arysouenti
2114 4281 2206 4360 ratio,
2218 4289 2404 4362 prmreccas

399 4386 516 4447 sponso
544 4374 578 4431 ct
599 4388 733 4449 sponsa:
763 4368 904 4433 alterum
933 4366 1060 4433 Christi
1087 4376 1121 4431 et
1141 4366 1312 4443 ecclesiae,
1340 4364 1376 4428 iu
1428 4374 1532 4434 tomen
1553 4368 1694 4445 ostendet,
1716 4369 1825 4432 merito
1846 4390 1867 4432 a
1887 4388 1936 4432 me
1957 4367 2119 4449 castanei,
2142 4367 2205 4430 imo
2224 4364 2404 4430 matuta

398 4452 516 4515 marito
545 4461 578 4516 et
605 4473 716 4517 uxore.
761 4454 951 4536 Utcunque,
985 4453 1090 4519 coitus
1125 4461 1238 4518 tamen
1265 4472 1374 4516 sacra·
1428 4475 1477 4519 me
1497 4454 1617 4535 impelli
1637 4458 1672 4517 ut
1691 4453 1728 4517 fd
1746 4453 1882 4535 faciem:
1899 4453 2090 4535 praesertim
2111 4453 2256 4533 quoniam
2277 4450 2316 4515 ab
2333 4470 2404 4514 aaa

397 4545 546 4601 mentum
569 4534 632 4615 ost,
657 4560 676 4602 a
697 4561 760 4622 quo
782 4540 887 4604 ullum
910 4538 1136 4604 Christianum
1158 4539 1263 4604 areeri
1283 4538 1375 4602 nefas
1423 4545 1519 4622 parte
1538 4545 1674 4604 omeatm
1694 4544 1723 4603 et
1744 4540 1872 4604 barbari
1896 4539 2033 4604 homines
2059 4538 2208 4602 ordinem·
2221 4536 2301 4600 bauo
2321 4536 2403 4600 dici·

398 4621 468 4686 fuit.
517 4623 591 4688 Nisi
630 4624 713 4688 forte
751 4624 1016 4690 Christianorum
1054 4632 1258 4689 sacramenta
1294 4622 1375 4688 adeo
1428 4627 1516 4690 uitas
1538 4625 1694 4689 eamdam
1720 4624 1843 4706 furiose
1869 4630 2001 4689 wetere
2030 4627 2196 4702 emtoatm,
2220 4623 2405 4705 paneam

398 4708 485 4773 male
507 4709 723 4785 conveniunt,
754 4719 840 4776 stare
862 4719 900 4775 ut
921 4711 1021 4776 simul
1044 4729 1110 4773 non
1133 4711 1267 4792 possint.
1312 4709 1376 4773 Est
1428 4732 1498 4776 cero
1516 4710 1703 4788 αᾱαῑαεονεε,
1725 4731 1831 4775 eorum
1846 4711 2016 4792 potentium
2032 4709 2100 4772 aine
2116 4710 2206 4773 modo
2223 4708 2405 4787 molimur,

399 4794 558 4858 etaltera
574 4796 610 4859 in
632 4817 746 4859 corum
774 4796 981 4880 dogmatibus
1013 4795 1205 4860 absurditas.
1250 4795 1293 4858 In
1323 4815 1375 4859 sa·
1429 4797 1493 4862 Dei
1520 4797 1625 4878 ipsius
1648 4797 1782 4877 imperio
1809 4815 1959 4876 opponere
1985 4794 2224 4859 condebitam.
2276 4793 2406 4874 Utrique

400 4893 565 4944 cremento
587 4882 726 4946 conferri
748 4884 889 4965 gratiam
912 4881 1046 4964 spiritns
1069 4882 1174 4947 sancti
1195 4880 1375 4957 affirmant3
1428 4882 1511 4947 niolo
1531 4883 1599 4945 aiei
1620 4881 1741 4945 obviem
1761 4886 1861 4958 eatur,
1877 4881 1995 4960 peribit
2012 4879 2088 4962 fidei
2104 4880 2277 4951 anteritas.
2311 4879 2406 4943 Adde

401 4965 523 5027 coitum
545 4964 682 5029 tradunt
703 4989 773 5032 csse
796 4979 1056 5034 sacramentum:
1085 4969 1121 5031 in
1143 4967 1231 5032 coitu
1252 4974 1377 5047 negant
1429 4968 1510 5049 qaod
1540 4968 1629 5044 scire,
1659 4987 1755 5047 quum
1784 4966 1908 5049 beciano
1939 4966 1998 5030 boe
2028 4968 2064 5031 ia
2090 4970 2184 5048 porto
2215 4965 2407 5030 maduerit

401 5069 548 5131 uuquam
571 5052 722 5133 spiritum
745 5061 896 5120 sanctum
919 5052 1040 5118 adesso.
1429 5052 1519 5116 Deus
1538 5053 1645 5134 ymeri
1665 5053 1816 5131 humano,
1837 5074 1900 5118 non
1915 5073 2036 5134 param
2056 5057 2164 5116 nostro
2184 5052 2287 5133 refert,
2309 5056 2344 5114 at
2362 5051 2407 5115 ud

489 5139 539 5200 37.
575 5137 625 5202 Ae
642 5160 684 5202 ne
702 5140 895 5222 simpliciter
913 5139 1081 5204 eeclesiam
1098 5139 1259 5216 luderent,
1277 5155 1376 5219 quam
1426 5138 1650 5222 macedium
1674 5140 1847 5204 tutandam
1866 5141 1973 5204 maiae
1993 5141 2030 5203 in
2050 5137 2138 5202 nobis
2159 5139 2261 5220 aaut
2273 5138 2408 5218 pictatia

400 5220 534 5305 longum
557 5242 720 5304 errorum,
743 5224 1002 5302 mendaciorum,
1024 5225 1191 5303 fraudum,
1214 5221 1375 5305 nequitia·
1428 5225 1578 5289 stadium.
1619 5224 1797 5307 Principio,
1821 5233 1996 5309 antequam
2017 5225 2054 5288 in
2075 5245 2146 5288 rem
2167 5224 2273 5306 ipsam
2293 5223 2406 5306 ingre-

1430 5310 1568 5389 diamur,
1590 5311 1733 5376 tenenda
1752 5311 1811 5375 illa
1831 5323 1882 5376 est
1902 5310 2066 5376 distinctio
2088 5318 2164 5374 ante
2186 5331 2206 5374 a
2227 5307 2323 5373 nobis

352 5465 355 5473 ,
402 5412 605 5423 ·--
1428 5398 1501 5474 sita,
1523 5416 1566 5460 ne
1588 5395 1690 5481 (quod
1709 5397 1822 5462 multis
1843 5394 2096 5481 vulgoaccidit)
2119 5395 2200 5461 haec
2222 5394 2320 5461 simul
2361 5413 2405 5458 uc
2483 5453 2488 5464 .

472 5531 501 5596 1)
519 5532 594 5585 Libr.
612 5529 637 5584 4.
657 5533 731 5585 Sent.
750 5532 812 5584 dist
832 5530 873 5583 17.
892 5548 914 5583 c.
932 5531 957 5585 4.
977 5540 1004 5586 et
1021 5534 1051 5586 in
1068 5533 1147 5585 Decr.
1165 5531 1207 5585 27.
1227 5539 1330 5601 quaest.
1349 5531 1374 5587 2.
1428 5572 1477 5579 --
1488 5573 1630 5578 „mm

401 5611 440 5651 ca
460 5599 548 5663 Quum
566 5603 680 5655 societas
699 5601 795 5654 Glossa
813 5617 851 5651 ca.
876 5601 932 5652 Lex
958 5602 1056 5654 divina.
1084 5602 1153 5654 lbid
1173 5603 1250 5654 Decr.
1269 5603 1329 5654 libr.
1348 5601 1372 5655 4.

404 5664 479 5721 Sent.
497 5668 560 5722 dist
577 5668 620 5722 33.
640 5685 661 5720 c.
680 5668 704 5721 2.
724 5675 753 5722 et
770 5671 799 5722 in
818 5669 898 5723 Dect.
918 5667 960 5736 32.
980 5677 1083 5738 quaest.
1101 5670 1125 5722 2.
1145 5688 1184 5724 ca
1204 5671 1349 5738 Quidquid.
1496 5669 1525 5738 l)
1545 5670 1737 5725 Praecederrtc'c
1754 5672 1881 5725 eduam
1901 5670 1966 5738 Gap.
1987 5670 2052 5724 XX
2070 5671 2134 5724 binc
2152 5670 2215 5724 iude
2233 5675 2351 5724 amma.
