5600 6809
395 795 436 856 69
739 790 829 854 LIB.
853 789 881 853 I.
909 789 989 898 ‘DE
1011 786 1299 855 doemone
1320 789 1405 855 DlllI
1426 787 1702 858 OREATORIS.
1746 789 1845 856 OAP.
1869 791 1965 856 VIII.
1989 792 2051 859 [K
2363 798 2406 861 to

391 980 615 1045 testimonium
632 978 814 1062 oppetiisse,
832 999 900 1042 non
916 976 1058 1041 hnahca
1076 977 1279 1058 intemperie,
1292 997 1371 1058 qua·
1423 983 1551 1043 veterem
1578 978 1734 1060 populna
1766 981 1908 1042 ceteram
1940 979 2097 1045 doctrinae
2128 982 2275 1064 astringit
2306 979 2349 1047 ac
2370 986 2402 1048 si
2494 1056 2500 1067 .

391 1066 466 1130 liter
499 1064 667 1130 interdum
699 1064 831 1129 erratici
865 1063 999 1145 spiritus
1032 1062 1153 1139 solent,
1187 1062 1245 1126 sed
1275 1063 1371 1126 firmo
1424 1065 1641 1129 elementarias
1662 1069 1753 1143 eseet;
1777 1065 1854 1143 qnia
1870 1066 1980 1145 potine
2000 1087 2106 1130 cerem
2126 1068 2207 1132 banc
2228 1071 2402 1149 etplenam

391 1150 634 1233 constantique,
665 1151 774 1214 sobrio
800 1158 926 1226 tamen,
961 1149 1026 1215 Dei
1052 1148 1131 1212 zelo.
1176 1147 1271 1212 Aliae
1293 1156 1372 1212 erint
1422 1151 1480 1214 aab
1503 1149 1622 1214 Christi
1648 1170 1740 1231 regno
1766 1150 1946 1230 felicitatem
1972 1172 2068 1216 novae
2092 1155 2236 1218 ccclesiae
2261 1157 2329 1236 fore
2349 1157 2403 1220 do·

391 1259 452 1303 nec
473 1258 596 1320 paucae
617 1257 680 1301 nec
699 1234 863 1300 invalidae
876 1235 1027 1312 rationes,
1050 1233 1168 1316 quibus
1190 1253 1250 1296 sua
1268 1233 1370 1315 scrip·
1422 1241 1480 1312 cet,
1512 1239 1548 1298 ut
1580 1256 1642 1298 nan
1666 1236 1775 1298 minas
1801 1255 1870 1299 voce
1897 1235 1962 1300 Dei
1993 1257 2087 1316 οοονο
2119 1241 2238 1318 spirita
2265 1247 2401 1324 regatur.

391 1332 484 1387 turae
506 1323 650 1406 dignitas
677 1343 715 1386 ac
735 1323 889 1386 maiestas
917 1341 982 1384 non
1004 1318 1101 1383 modo
1121 1328 1286 1383 asseratur
1307 1319 1370 1401 piis
1430 1321 1517 1386 Unde
1543 1322 1733 1403 calliginem,
1766 1321 1900 1401 νιοίοοᾶο
1925 1323 2091 1403 οοονοῑοοοο
2119 1325 2227 1389 diuelli
2259 1327 2298 1390 ab
2330 1328 2402 1391 istie

391 1409 591 1493 pectoribus,
632 1407 689 1472 sed
728 1405 884 1471 adversus
923 1406 1199 1471 calumniatorum
1234 1405 1369 1469 technas
1422 1407 1623 1471 nebulonibus
1652 1427 1731 1487 qaae
1757 1407 1934 1471 inviolabili
1963 1428 2045 1471 nene
2060 1409 2213 1488 prembem
2234 1413 2401 1476 mnium.

392 1494 523 1578 egregie
551 1493 748 1571 vindicetur,
778 1493 835 1557 sed
863 1513 946 1574 quae
975 1512 1041 1555 non
1068 1492 1148 1555 satis
1175 1511 1233 1572 per
1255 1512 1289 1555 se
1311 1512 1369 1555 va-
1424 1492 1496 1556 Huc
1516 1492 1596 1556 adde
1617 1492 1700 1572 qnod
1720 1491 1846 1556 Paulae
1866 1493 1903 1556 in
1924 1495 2049 1557 tertium
2071 1515 2169 1574 οοοοο
2189 1497 2305 1560 melam
2326 1518 2401 1579 rap·

390 1580 480 1645 leant
512 1580 554 1644 ad
586 1581 715 1643 firmam
747 1579 796 1641 illi
828 1578 927 1642 fidem
960 1575 1226 1658 comparandam,
1268 1576 1369 1640 donec
1422 1583 1485 1655 tas,
1512 1598 1574 1640 non
1603 1577 1717 1641 destitit
1743 1582 1847 1641 tamen
1869 1578 2021 1658 prateae
2049 1580 2084 1643 in
2110 1581 2252 1645 doctrim
2276 1582 2354 1664 lepis
2374 1589 2403 1647 et

391 1668 463 1731 eius
492 1665 708 1731 reverentiam
735 1664 883 1729 coelestis
911 1671 1020 1761 pater,
1054 1683 1112 1726 suo
1139 1662 1205 1727 illie
1233 1663 1370 1724 numine
1416 1663 1659 1745 prophatarum,
1691 1665 1785 1727 cnidi
1817 1668 1844 1727 et
1880 1663 2073 1729 Timotheum
2105 1667 2281 1749 singularia
2307 1688 2402 1746 prae-

391 1752 564 1834 patefacto,
597 1750 686 1815 omni
719 1757 942 1815 controversra
974 1749 1098 1813 eximit.
1155 1747 1265 1827 Quare
1297 1756 1368 1810 tum
1420 1750 1555 1813 stantiae
1575 1749 1724 1813 doctorem
1745 1750 1886 1812 innata
1908 1755 1942 1812 at
1964 1750 2083 1815 tenant
2105 1752 2242 1815 attendat
2263 1752 2295 1834 (1
2317 1753 2400 1818 Tim.

392 1859 469 1903 vere
497 1836 629 1901 demum
658 1834 701 1901 ad
729 1835 908 1910 salvificam
928 1834 992 1899 Dei
1020 1834 1238 1917 cognitionem
1267 1833 1369 1914 scrip-
1422 1834 1538 1918 4,13)l
1582 1835 1632 1897 Ac
1657 1839 1828 1898 morata
1858 1835 1987 1917 aalma
2016 1842 2059 1900 cst
2083 1837 2216 1919 elogium
2237 1838 2320 1903 illud
2342 1860 2402 1919 quo

393 1931 470 1987 tura
489 1922 679 2000 satisfaciet,
703 1921 759 1986 ubi
782 1920 930 1985 interiori
951 1919 1086 2003 spiritus
1109 1920 1213 1984 sancti
1234 1939 1369 2001 persua
1421 1921 1613 2002 scripturam
1640 1925 1732 1984 orna
1753 1918 1788 2004 (2
1808 1921 1891 1984 Tim.
1913 1925 1941 1998 3,
1965 1922 2035 2004 llll:
2062 1923 2170 1986 aiam
2191 1944 2257 1988 esse
2284 1925 2327 1989 ad
2353 1925 2406 1989 do—
2478 1986 2485 2000 ,

392 2010 482 2074 sione
509 2007 646 2072 fundata
673 2007 773 2071 tuerit
800 2008 871 2071 eius
894 2004 1064 2071 certitudo.
1111 2004 1205 2084 Quae
1226 2022 1305 2069 vero
1327 2002 1369 2067 ad
1421 2007 1558 2084 cendam,
1581 2006 1772 2084 canendam,
1792 2006 1993 2089 arguendam,
2012 2028 2072 2087 qno
2083 2010 2215 2088 perfecti
2232 2010 2404 2075 reddantur

392 2116 465 2158 eam
486 2092 742 2161 confirmandam
771 2093 917 2156 humana
938 2099 1072 2156 e‘xstant
1093 2091 1295 2167 testimonia,
1324 2090 1386 2154 sic¹
1421 2093 1504 2156 serui
1526 2091 1597 2154 Dei.
1635 2092 1748 2172 ,ροοον
1776 2091 1923 2155 diabolici
1950 2093 2071 2173 furoris
2098 2099 2141 2157 eet
2169 2096 2321 2159 cadnem
2354 2098 2402 2161 vel

391 2181 504 2244 inania
525 2200 590 2244 nou
613 2186 725 2255 erunt,
755 2179 783 2243 si
805 2178 1017 2260 praecipuum
1039 2176 1122 2240 illud
1144 2185 1177 2241 et
1194 2196 1368 2253 summum,
1420 2178 1619 2256 tenporalem
1640 2179 1815 2257 scripturae
1836 2197 1930 2241 mam
1945 2178 2068 2260 fingere,
2096 2200 2176 2259 qnae
2198 2181 2240 2244 ad
2256 2183 2403 2247 animan

391 2266 482 2331 velut
510 2264 704 2330 secundaria
736 2272 866 2329 nostrae
901 2262 1133 2327 imbecillitatis
1160 2261 1368 2337 adminicula,
1421 2282 1518 2342 acque
1538 2267 1652 2326 metam
1672 2262 1758 2341 filas
1775 2262 1839 2327 Dei
1861 2263 2005 2327 deducit?
2035 2263 2164 2329 Deinde
2182 2275 2216 2336 et
2237 2266 2300 2331 hoc
2318 2269 2402 2332 mihi

392 2351 641 2434 subsequantur.
676 2349 743 2416 Sed
765 2351 877 2434 inepte
896 2350 1019 2414 faciunt
1035 2348 1090 2429 qui
1107 2348 1238 2430 probari
1253 2347 1370 2411 volunt
1421 2347 1609 2430 responderi
1640 2349 1680 2413 ab
1702 2349 1781 2430 ipsis
1809 2349 1917 2425 velim,
1947 2349 2115 2414 analium
2143 2351 2314 2416 hauserint
2336 2354 2402 2437 spi-

390 2436 586 2513 infidelibus,
609 2437 805 2520 scripturam
828 2457 898 2500 esse
919 2433 1057 2499 verbum
1078 2432 1158 2511 Dei3
1180 2431 1282 2515 quod,
1306 2431 1368 2496 nisi
1421 2435 1523 2497 ritum
1552 2435 1592 2498 ab
1615 2455 1652 2498 eo
1681 2454 1778 2514 quem
1800 2433 1967 2516 discipulis
1990 2437 2058 2499 suis
2080 2437 2242 2501 Dominus
2264 2439 2403 2521 promit

390 2520 470 2599 lide,
500 2523 650 2605 cognosci
672 2522 794 2602 nequit
838 2521 960 2585 Merito
979 2521 1089 2602 itaque
1110 2519 1330 2602 Augustinus,
1344 2517 1368 2599 ¹)
1421 2518 1530 2583 lebat?
1577 2520 1722 2584 Tametsi
1743 2530 1892 2584 extrema
1912 2521 2041 2585 insania
2062 2533 2239 2599 vexantur,
2263 2546 2330 2588 non
2353 2532 2403 2588 ta·

390 2608 448 2690 qui
470 2609 625 2690 pietatem
643 2616 677 2672 et
693 2627 806 2689 pacem
824 2607 942 2670 mentis
961 2604 1078 2669 debere
1095 2603 1289 2687 praecedere
1311 2601 1368 2668 ad-
1421 2626 1496 2669 men
1525 2627 1580 2671 eos
1607 2614 1700 2669 tanta
1727 2607 1889 2689 vertigiue
1911 2616 1989 2689 puto
2012 2609 2136 2689 raptari
2165 2617 2203 2672 ut
2224 2609 2258 2672 id
2279 2611 2403 2674 iactare

389 2699 514 2770 monet,
538 2700 576 2756 ut
597 2692 637 2757 de
659 2693 760 2756 tantis
781 2693 878 2757 rebus
899 2689 1022 2773 aliquid
1043 2691 1140 2755 homo
1161 2689 1334 2773 intelligat.
1422 2692 1540 2755 ausint.
1597 2689 1738 2770 Qualem
1778 2699 1889 2756 autem
1921 2691 1990 2756 lore
2022 2694 2240 2774 promittendo
2273 2695 2401 2759 denun-

1421 2776 1545 2840 tiabat?
1580 2798 1697 2859 nempe
1725 2779 1780 2858 qui
1808 2797 1876 2841 non
1906 2799 1925 2842 a
1952 2799 1987 2843 se
2014 2780 2085 2861 ipso
2113 2780 2308 2861 loqueretur,
2343 2781 2401 2845 sed

1421 2872 1613 2945 suggereret
1645 2883 1757 2926 eorum
1790 2865 1908 2927 animis
1941 2871 1975 2927 et
2006 2865 2183 2929 instillaret
2216 2887 2299 2948 quae
2331 2867 2400 2948 ipse

741 2999 893 3065 aaran
915 2999 977 3063 nr.
992 2998 1022 3082 2)

394 3140 548 3226 Omnia
577 3140 750 3252 pietatis
787 3140 991 3253 principia
1030 3152 1220 3222 evertere
1251 3142 1369 3224 fana

392 3263 518 3368 ticos,
550 3261 643 3370 qui,
673 3262 919 3372 posthabita
949 3261 1178 3371 scriptura,
1216 3260 1271 3343 ad
1301 3289 1368 3344 re-

597 3379 851 3464 velationem
887 3380 1163 3463 transvolant.

482 3553 507 3612 l.
552 3549 658 3614 Porro
679 3549 734 3630 qui
756 3547 928 3631 repudiata
948 3549 1111 3630 scriptura
1135 3548 1243 3613 nescio
1269 3569 1367 3630 quam

392 3633 435 3699 ad
463 3633 571 3698 Deum
599 3633 791 3716 penetrandi
819 3635 907 3698 viam
936 3635 1174 3717 imaginantur,
1204 3654 1273 3697 non
1300 3641 1367 3697 tam

392 3741 501 3784 errore
532 3721 637 3784 teneri
668 3741 768 3802 quam
800 3720 889 3784 rabie
921 3721 1081 3804 examtari
1112 3719 1250 3801 putandi
1282 3727 1368 3784 sunt

391 3807 608 3870 Emersemnt
640 3807 728 3869 enim
762 3826 868 3888 nuper
900 3806 1092 3890 vertiginosi
1124 3803 1273 3887 quidam,
1312 3806 1368 3887 qui

392 3893 526 3974 spiritus
547 3892 775 3974 magisterium
796 3892 1030 3956 fastuosissime
1052 3889 1280 3968 obtendentes,
1302 3891 1368 3956 lec·

392 3978 514 4042 tionem
534 3978 597 4058 ipsi
617 3998 748 4041 omnem
765 3987 933 4059 respuunt,
953 3984 987 4042 et
1004 3998 1116 4042 eorum
1133 3976 1273 4041 irrident
1290 3977 1368 4042 sim-

390 4064 570 4147 plicitatem
589 4064 645 4144 qui
667 4072 849 4127 emortuam
872 4072 905 4128 et
926 4063 1140 4140 occidentem,
1168 4071 1205 4126 ut
1226 4063 1289 4145 ipsi
1311 4083 1368 4128 vo-

391 4159 482 4227 cant,
514 4148 644 4213 literam
673 4148 781 4214 adhuc
808 4155 1047 4215 consectantur.
1100 4145 1169 4213 Sed
1199 4149 1299 4213 velim
1327 4149 1367 4212 ab

389 4236 471 4319 ipsis
496 4235 579 4300 sciro
602 4235 752 4316 quisnam
774 4235 817 4299 sit
838 4235 900 4306 iste
922 4235 1056 4318 spiritus
1079 4234 1172 4298 cuius
1194 4234 1308 4297 afflatu
1330 4254 1368 4297 eo

391 4321 602 4386 sublimitatis
625 4319 818 4397 evehuntur,
842 4326 881 4383 ut
902 4322 1082 4403 scripturae
1104 4319 1286 4383 doctrinam
1308 4339 1368 4383 ceu

413 4407 549 4471 uerilem
583 4414 617 4468 et
649 4406 809 4469 humilem
841 4403 1006 4487 despicere
1039 4403 1169 4469 ausint?
1221 4405 1308 4468 Nam
1340 4406 1368 4470 si

389 4429 516 4558 inrisu
538 4492 690 4574 spiritum
715 4513 786 4560 esse
809 4491 1021 4574 respondent,
1047 4511 1204 4572 perquam
1233 4489 1369 4554 ridicula

390 4587 440 4643 est
466 4575 626 4643 eiusmodi
655 4578 824 4642 securitas:
859 4577 1017 4660 siquidem
1045 4575 1205 4658 apostolos
1233 4574 1367 4653 Christi,

391 4665 533 4746 aliosque
560 4663 596 4726 in
625 4664 731 4745 prima
759 4663 895 4728 ecclesia
922 4662 1034 4727 fideles
1061 4683 1129 4725 non
1155 4662 1218 4726 alio
1251 4662 1368 4743 spiritu

390 4750 590 4814 illuminatos
610 4749 719 4827 tuisse,
742 4757 780 4813 nt
801 4750 925 4832 opinor,
949 4747 1134 4813 concedent.
1169 4747 1272 4829 Atqui
1293 4747 1368 4811 nul-

389 4836 442 4901 lus
468 4856 584 4900 eorum
604 4836 696 4924 verbi
717 4836 781 4900 Dei
804 4841 1028 4917 contemptum
1050 4832 1127 4898 inde
1150 4833 1277 4912 didicit,
1311 4831 1368 4897 sed

389 4922 614 5003 unusquisque
635 4920 743 5003 potius
764 4923 887 4985 maiore
909 4920 1093 4985 reverentia
1121 4920 1265 4985 imbutus
1293 4921 1368 4998 tuit3

388 5005 664 5089 quemadmodum
684 5029 798 5071 eorum
821 5007 942 5090 scripta
965 5006 1223 5071 luculentissime
1244 5014 1369 5071 testan-

388 5102 454 5156 tur.
501 5092 544 5156 Et
563 5112 639 5156 sarae
660 5093 706 5156 cic
722 5114 783 5174 per
804 5114 839 5158 oe
861 5093 987 5158 Iesaiae
1009 5094 1075 5177 (59,
1096 5093 1152 5175 21)
1169 5093 1370 5172 praedictum

386 5181 500 5261 fuerat.
548 5178 655 5260 Neqae
684 5180 766 5241 arim
792 5180 847 5242 abi
874 5178 966 5242 dicit
994 5180 1129 5261 spirituc
1148 5198 1237 5242 mens
1258 5179 1313 5258 qni
1335 5179 1370 5241 in

388 5271 419 5329 te
447 5270 491 5329 eat
521 5264 666 5328 deado
693 5284 772 5344 qaae
793 5264 890 5344 posin
916 5266 950 5327 in
978 5285 1030 5328 ore
1050 5270 1102 5328 tao
1127 5284 1190 5328 non
1218 5264 1371 5328 discedent

388 5351 430 5415 ad
459 5370 510 5415 ore
535 5356 588 5414 tuo
612 5369 708 5430 neque
734 5349 773 5412 ab
801 5368 852 5412 ore
880 5351 1009 5413 scannia
1035 5351 1083 5412 tni
1113 5351 1149 5414 in
1176 5354 1369 5430 ρονροοοοοο,

428 5525 598 5532 -—--—-

461 5639 491 5708 1)
509 5642 583 5694 libr.
602 5642 637 5694 de
653 5640 772 5692 utilitate
790 5635 926 5702 credendi.
982 5634 1013 5704 Ξ)
1033 5633 1133 5698 Onetor
1148 5635 1278 5691 edificata
1290 5654 1371 5708 pm.

389 5708 510 5764 cedentis
530 5708 600 5778 Gap,
615 5709 641 5763 1.
658 5710 682 5776 ξ.
699 5704 814 5761 aa-et.

1421 2969 1480 3031 per
1512 2949 1650 3012 verbum
1682 2947 1871 3013 tradidisset
1897 2948 2027 3032 (Ioann.
2053 2955 2100 3027 16,
2123 2950 2186 3034 13).
2222 2952 2299 3015 Non
2321 2973 2399 3036 ergo

1421 3033 1575 3117 promissi
1605 3034 1698 3097 nobis
1726 3034 1860 3114 spiritus
1888 3035 2041 3098 officinm
2060 3044 2124 3112 est,
2158 3058 2260 3101 novas
2288 3045 2322 3102 et
2349 3038 2400 3102 in·

1422 3118 1550 3184 auditas
1572 3119 1787 3184 revelationes
1808 3122 2003 3203 contingere,
2027 3128 2084 3184 aut
2096 3142 2219 3185 novum
2232 3123 2399 3188 doctrinae

1422 3225 1527 3288 genus
1547 3205 1742 3288 procudere,
1770 3226 1834 3287 quo
1862 3226 1882 3268 a
1908 3213 2040 3288 recepta
2066 3207 2230 3289 evangelii
2253 3208 2400 3273 doctrina

1422 3290 1637 3370 abducamur;
1664 3291 1721 3355 sed
1741 3291 1833 3355 illam
1859 3292 1973 3373 ipsam,
1999 3313 2083 3374 quae
2105 3313 2163 3373 per
2191 3294 2399 3376 evangelium

1421 3377 1677 3455 commendatur,
1700 3377 1882 3441 doctrinam
1904 3378 2069 3443 mentibus
2081 3378 2203 3442 nostris
2217 3378 2398 3462 obsignare.

1508 3467 1537 3526 2.
1582 3463 1679 3529 Unde
1704 3463 1798 3527 facile
1826 3464 2039 3547 intelligimus
2070 3465 2251 3545 scripturae
2279 3472 2312 3528 et
2333 3465 2399 3529 lec·
2439 3485 2444 3501 ’

1421 3548 1504 3613 tioni
1525 3556 1559 3613 et
1580 3549 1810 3614 auscultationi
1832 3571 1903 3614 esse
1923 3550 2067 3613 studiose
2084 3549 2346 3627 incumbendum,
2371 3551 2399 3615 si

1421 3656 1519 3717 quem
1540 3655 1560 3698 a
1576 3636 1694 3716 spiritu
1712 3635 1777 3699 Dei
1798 3656 1894 3699 usum
1913 3656 1950 3700 ac
1967 3636 2110 3700 fructum
2128 3635 2293 3717 percipere
2310 3635 2399 3715 libet,

1420 3721 1514 3784 enati
1535 3723 1630 3786 etiarn
1652 3721 1762 3785 laudat
1785 3720 1899 3784 Petras
1920 3722 1954 3803 (2
1973 3721 2063 3785 Petr.
2087 3726 2113 3799 l,
2136 3720 2190 3804 19)
2210 3742 2316 3785 eoram
2337 3727 2400 3786 atla

1420 3805 1510 3870 diam
1529 3808 1585 3887 qui
1605 3806 1713 3871 acaci·
1729 3810 1803 3869 caret
1821 3807 1864 3869 ad
1879 3806 2092 3888 prwbanam
2109 3807 2296 3886 doctrinam,
2319 3828 2400 3888 qaae

1420 3897 1523 3956 tainen
1550 3893 1652 3956 videri
1673 3897 1797 3973 poarac
1823 3893 1886 3956 loco
1912 3893 2128 3971 eeseiempost
2148 3899 2287 3961 οοονοονο
2308 3914 2399 3959 evan-

1419 3979 1495 4060 gelii
1517 3979 1631 4055 lacem,·
1653 3986 1768 4042 contra
1789 3998 1884 4055 vero,
1907 3978 1936 4041 si
1974 3979 2026 4040 uis
2048 3979 2199 4060 spiritus,
2221 3981 2399 4061 praeterita

1420 4062 1514 4128 verbi
1535 4062 1600 4126 Dei
1623 4063 1796 4145 sapientia,
1823 4063 1921 4128 aliam
1950 3999 2133 4128 doctrinam
2154 4064 2247 4129 nobis
2266 4065 2397 4149 ingerit,

1421 4170 1496 4213 eum
1525 4151 1641 4213 merito
1667 4149 1824 4214 vanitatis
1857 4170 1894 4214 ac
1921 4150 2084 4214 mendacii
2111 4160 2298 4232 suspectum
2327 4172 2398 4216 esse

1421 4234 1548 4299 debere.
1594 4233 1684 4315 Quid
1715 4235 1824 4299 enim?
1858 4257 1960 4317 quum
1993 4257 2028 4301 se
2058 4245 2153 4301 satan
2181 4238 2214 4299 in
2243 4237 2397 4318 angelum

1420 4319 1503 4385 lucis
1531 4322 1759 4404 transfiguret,
1787 4342 1888 4404 quam
1905 4323 2123 4387 autoritatem
2152 4321 2284 4385 habebit
2310 4319 2398 4402 apud

1421 4427 1482 4472 nos
1512 4407 1655 4489 spiritus,
1684 4407 1747 4471 nisi
1768 4408 1951 4473 certissima
1978 4417 2056 4472 nota
2084 4404 2308 4471 discernatur?
2353 4406 2400 4468 at

1421 4514 1499 4557 sane
1527 4494 1697 4575 perspicue
1725 4494 1820 4558 nobis
1847 4494 2036 4577 designatus
2064 4499 2114 4555 est
2141 4510 2219 4554 voce
2248 4488 2398 4555 Domini:

1421 4579 1486 4643 nisi
1513 4580 1589 4660 quia
1615 4587 1732 4662 sponte
1760 4581 1795 4642 in
1822 4601 1918 4643 suum
1946 4580 2084 4643 exit-ium
2111 4596 2221 4640 errare
2244 4576 2400 4640 affectant

1420 4665 1533 4729 miseri
1553 4665 1616 4743 isti,
1641 4664 1719 4729 dum
1741 4667 1890 4747 spiritum
1913 4687 1932 4728 a
1953 4686 1988 4728 se
2010 4663 2088 4744 ipsis
2109 4661 2216 4742 potius
2238 4682 2338 4742 quam
2359 4663 2400 4728 ab

1421 4750 1492 4833 ipso
1514 4758 1683 4832 quaerunt.
1729 4752 1777 4814 At
1805 4773 1882 4816 vero
1911 4750 2083 4831 indignum
2113 4767 2183 4810 esse
2211 4757 2397 4825 causantur,

1421 4837 1573 4918 spiritum
1589 4837 1664 4913 Dei,
1687 4837 1739 4901 cui
1759 4834 1959 4901 subiicienda
1978 4841 2055 4896 sunt
2077 4832 2195 4909 omnia,
2219 4833 2399 4915 scripturae

1424 4922 1601 4987 subiacere.
1647 4920 1753 5001 Quasi
1780 4943 1859 4987 vero
1883 4919 2007 4985 sithoc
2029 4918 2282 5000 ignominiosum
2305 4920 2400 5002 spiri-
2490 4956 2496 4964 ·

1422 5008 1473 5071 tui
1502 5016 1628 5086 sancto,
1657 5008 1719 5072 sibi
1747 5029 1817 5072 esse
1844 5007 1962 5086 ubique
1989 5025 2102 5087 parem
2131 5013 2164 5068 et
2189 5005 2398 5083 conformem,

1422 5093 1483 5158 sihi
1505 5114 1565 5178 per
1586 5095 1696 5158 omnia
1713 5100 1869 5168 constare,
1892 5111 2053 5172 nusquam
2070 5091 2208 5155 variare.
2237 5091 2399 5172 Equidem

1422 5179 1451 5242 si
1473 5179 1515 5243 ad
1537 5181 1725 5254 humanam,
1748 5178 1801 5242 vel
1816 5174 2006 5258 angelicam,
2029 5177 2082 5241 vel
2096 5177 2237 5240 alienam
2250 5177 2400 5257 quamvis

1422 5265 1571 5349 regulam
1594 5265 1795 5347 exigeretur,
1827 5260 2007 5326 censendus
2034 5271 2228 5338 turnasset,
2257 5262 2292 5323 in
2313 5260 2400 5323 crdi-

1422 5372 1514 5429 nem,
1548 5350 1631 5414 adde
1663 5349 1762 5413 etiam
1788 5347 1816 5409 si
1838 5347 1966 5428 placet,
1999 5348 2035 5411 in
2067 5349 2257 5413 servitutem
2284 5344 2399 5428 redigi.

1423 5434 1491 5501 Sed
1511 5435 1589 5498 dum
1612 5433 1756 5514 sibiipsi
1779 5442 1994 5514 comparatur,
2018 5432 2097 5497 dum
2118 5433 2154 5495 in
2176 5453 2210 5495 se
2232 5431 2301 5510 ipso
2323 5451 2400 5495 con·

1423 5521 1595 5594 sideratur,
1619 5518 1691 5599 quis
1712 5517 1785 5582 ideo
1808 5518 1894 5583 dicet
1912 5520 2053 5603 irrogari
2075 5519 2104 5581 ei
2125 5513 2303 5579 iniuriam?
2339 5518 2401 5580 At-

1423 5605 1480 5687 qui
1498 5607 1545 5668 ita
1567 5603 1610 5668 ad
1631 5624 1770 5668 examen
1787 5613 1968 5669 revocatur.
1996 5605 2133 5681 Fateor5
2150 5601 2207 5666 sed
2225 5621 2288 5681 quo
2306 5622 2402 5665 suam

1423 5689 1513 5771 apud
1534 5709 1592 5752 nos
1614 5689 1820 5756 maiestatem
1848 5690 1969 5755 sanciri
1989 5688 2100 5753 voluit.
2145 5686 2248 5751 Nobis
2271 5682 2401 5750 abunde

2160 5787 2197 5842 ὃ*
