5600 6809
398 755 478 818 1035
1041 740 1307 811 Insffltfflo
1327 742 1434 810 uun.
1455 741 1637 837 onmsu
1661 745 1755 811 1559.
1819 783 1839 802 ..
2322 748 2411 810 1oss

394 960 428 1005 se
447 943 505 1015 est,
533 935 695 999 exinanire
721 933 871 999 studeant.
921 930 1025 996 Aliud
1052 937 1156 996 tamen
1184 937 1229 996 est
1254 931 1369 1012 offerri,
1424 932 1537 994 matis
1557 929 1807 1009 nibildecedere,
1826 949 1879 994 nec
1895 932 2042 996 uacuus·
2062 950 2157 1012 qnam
2172 929 2312 1013 bqurant
2328 954 2405 1015 qra-

394 1024 485 1089 aliud
505 1022 610 1102 recipi.
658 1019 864 1100 Spiritualem
885 1018 965 1082 bunc
985 1017 1086 1082 eibum
1104 1016 1245 1082 mnuibm
1266 1018 1372 1097 porri·
1423 1017 1516 1092 tiam,
1542 1015 1724 1096 infidelitate
1752 1016 1799 1079 vel
1825 1017 1951 1081 maldia
1974 1017 2148 1094 bominum,
2175 1016 2251 1080 utile
2279 1018 2341 1081 erit
2361 1039 2404 1082 eu

391 1110 438 1193 qit
456 1106 609 1184 Christus,
622 1111 793 1187 potumque
810 1104 1006 1186 spiritualem
1018 1104 1185 1185 propium:
1203 1103 1263 1168 alii
1279 1103 1371 1167 avide
1423 1101 1524 1166 verbis
1545 1101 1613 1165 eius
1629 1101 1713 1165 clare
1727 1101 1869 1182 probare,
1892 1123 1987 1182 quam
2008 1104 2117 1168 inseite
2133 1107 2342 1183 elperperam
2360 1104 2401 1167 il-

392 1198 566 1271 vescnntur,
588 1192 648 1255 atii
663 1191 830 1272 fastidiose
850 1193 1009 1270 respuunt.
1041 1188 1097 1251 An
1118 1188 1229 1251 borum
1249 1189 1370 1253 reiectio
1424 1187 1480 1253 lud
1501 1187 1544 1251 ad
1565 1207 1696 1251 causam
1710 1192 1905 1267 praesentem
1933 1188 2061 1253 trabant
2081 1189 2137 1268 qui
2157 1188 2287 1253 canibus
2307 1190 2402 1253 eden·

392 1278 486 1361 faciet
506 1283 540 1341 ut
561 1277 647 1341 cibus
669 1281 807 1357 etpotas
828 1295 920 1340 sicam
940 1279 1090 1338 naturam
1105 1274 1269 1354 perdant?
1306 1273 1370 1337 Di·
1423 1274 1500 1339 dum
1515 1273 1688 1352 proiiciunt
1711 1271 1830 1337 Obristi
1851 1293 1969 1354 usipus.
2005 1273 2248 1339 Sacramenlalis
2264 1276 2404 1339 mandri-

392 1369 460 1429 cent
480 1364 537 1428 bac
558 1362 766 1427 similitudine
793 1361 975 1425 seruientium
1004 1380 1098 1423 suani
1119 1360 1240 1436 iuvari,
1263 1379 1370 1438 nempe
1422 1360 1510 1435 catio,
1532 1359 1701 1424 secundam
1722 1359 1807 1438 istas,
1830 1365 1874 1423 est
1894 1380 1959 1438 qua
1980 1361 2073 1440 impii
2097 1359 2217 1424 Obristi
2237 1378 2349 1440 cerpus
2372 1365 2404 1425 et

392 1470 517 1514 caruem
546 1447 678 1526 Gbristi,
713 1448 781 1511 licet
806 1446 950 1526 insipida
981 1446 1038 1524 sit,
1072 1465 1138 1509 esse
1165 1444 1370 1510 nibilominus
1421 1444 1606 1527 sanquinem
1640 1444 1756 1526 absque
1789 1446 1903 1509 uiuite
1938 1446 2073 1526 spiritus
2101 1445 2148 1510 vel
2182 1443 2246 1509 ulla
2274 1447 2403 1527 qratiae

335 1584 339 1594 .
393 1555 526 1599 caruem.
571 1534 730 1622 Eqaxvera
747 1553 821 1616 ueqv
843 1552 936 1613 posse
952 1532 1069 1596 cunedi
1090 1530 1204 1611 absque
1223 1532 1298 1611 fidei
1313 1551 1370 1613 qu·
1421 1531 1526 1611 effectu
1556 1530 1721 1609 recipiunt.
1780 1531 1982 1613 Auqustinus
1997 1531 2021 1614 ¹)
2057 1536 2177 1608 contra,
2212 1531 2303 1594 verba
2339 1532 2402 1596 illa

392 1626 460 1699 stu,·
481 1620 542 1696 vel,
565 1621 595 1683 si
618 1639 687 1683 cuin
715 1619 895 1701 Anqustiuo
923 1618 1008 1697 loqui
1029 1617 1131 1698 inaqis
1151 1617 1266 1696 placet,
1295 1637 1369 1699 neqc
1421 1616 1549 1700 (Ionnn.
1570 1619 1598 1693 6,
1614 1615 1670 1698 50)
1686 1616 1859 1695 prudenter
1879 1618 2070 1696 euperidens:
2088 1618 2144 1697 qui
2164 1617 2406 1681 manducaverit

388 1707 467 1789 plus
493 1706 609 1786 referre
634 1705 773 1769 immines
793 1723 831 1767 eu
856 1707 1048 1768 sacramento
1074 1723 1171 1782 quam
1195 1722 1269 1766 vase
1294 1703 1369 1783 fidei
1421 1722 1545 1767 carnem
1565 1706 1704 1765 mmmel
1720 1701 1829 1766 biberit
1841 1704 2027 1785 sanquinem
2043 1723 2155 1781 meum,
2177 1722 2238 1765 uca
2249 1704 2405 1767 morietur

393 1792 548 1874 colliqunt.
592 1789 646 1853 Ita
675 1794 864 1854 sacramenta
886 1788 970 1853 nibil
996 1789 1126 1852 duedit:
1154 1789 1217 1852 imo
1244 1788 1369 1853 illibata
1421 1789 1456 1851 iii
1478 1792 1651 1851 adernam:
1672 1807 1787 1867 nempe,
1811 1789 1931 1868 inquit,
1954 1790 2098 1852 uiiutem
2119 1790 2316 1866 sacramenti,
2338 1810 2401 1854 non

392 1882 496 1941 manet
521 1877 589 1940 eius
616 1877 733 1940 vuitus
760 1881 788 1939 el
814 1873 968 1954 efficacia,
1004 1875 1148 1954 quamvis
1176 1873 1214 1937 ab
1243 1879 1369 1937 externa
1421 1878 1542 1936 tardum
1562 1872 1685 1937 visibile
1705 1878 1942 1952 samanuntum,
1960 1878 1987 1939 et
2008 1875 2133 1955 quidem
2153 1875 2253 1951 inlus,
2272 1895 2335 1938 nou
2352 1877 2401 1956 fo·

392 1963 461 2028 eius
477 1962 719 2042 participatione
740 1962 851 2025 inanes
871 1961 1031 2024 discedant
1051 1960 1153 2039 impii.
1196 1959 1234 2022 Si
1255 1980 1369 2023 rursus
1420 1960 1484 2037 ris;
1506 1960 1562 2039 qui
1582 1960 1671 2023 corde
1691 1960 1834 2038 emuli,
1856 1980 1918 2024 uon
1938 1961 1994 2040 qui
2015 1962 2134 2041 premit
2159 1960 2255 2024 uin.
2309 1959 2399 2026 Unde

393 2048 554 2126 cbiuiant,
581 2048 729 2130 deraqari
756 2046 829 2109 liui'c
856 2045 958 2124 verbio,
981 2045 1035 2108 bac
1056 2051 1100 2109 est
1121 2065 1232 2126 corpus
1258 2065 1366 2121 meum,
1420 2045 1545 2108 tandem
1566 2044 1717 2108 unctudi't
1736 2044 1833 2108 buius
1847 2047 1896 2109 rei
1906 2052 2146 2124 sacramentum,
2168 2046 2204 2110 id
2224 2052 2270 2110 est
2288 2048 2394 2111 unita·

392 2135 422 2199 si
434 2154 552 2214 panem
573 2133 803 2214 corruptibilem
819 2137 847 2196 et
863 2131 944 2195 nibil
958 2136 1120 2212 praeterea
1148 2132 1241 2210 impii
1257 2132 1368 2212 resipu-
1420 2131 1463 2193 tis
1482 2131 1620 2210 corporis
1647 2135 1675 2194 et
1701 2132 1868 2212 sanquiuis
1897 2130 2029 2210 Christi,
2057 2133 2093 2196 in
2119 2152 2210 2197 conia
2238 2132 2398 2198 ursinico

392 2225 457 2297 unt,
480 2220 515 2282 iu
530 2224 679 2300 muuptu
707 2218 818 2283 solutio
841 2222 900 2295 est,
923 2217 1029 2281 Deum
1045 2216 1125 2280 nolle
1155 2237 1294 2281 veracem
1316 2237 1368 2298 aq
1413 2216 1564 2295 proponi,
1593 2215 1782 2296 quibusdam
1798 2217 1835 2280 iu
1855 2218 1967 2295 uuam,
1989 2218 2066 2283 aliis
2083 2218 2125 2282 ad
2146 2218 2296 2297 evitium3
2328 2240 2396 2283 rem

391 2306 477 2369 nasci
498 2306 533 2368 in
554 2306 627 2387 ipsa
648 2305 823 2385 receptione
842 2304 897 2367 sed
914 2305 949 2365 iu
966 2303 1112 2365 bonitatis
1133 2323 1209 2366 suae
1230 2307 1368 2365 comtum
1419 2322 1489 2364 vero
1510 2302 1615 2381 ipsam
1636 2303 1726 2365 cuias
1747 2308 1974 2366 sacramentum
1995 2309 2047 2381 est,
2070 2305 2211 2368 nauibus
2229 2305 2397 2383 advitam,

280 2418 284 2425 ·
391 2392 452 2467 tia,
474 2391 529 2455 ubi
549 2391 691 2471 indiqnis
703 2394 870 2470 praestare
891 2389 973 2469 quod
994 2388 1139 2452 reiiciunt
1153 2393 1291 2468 paratus
1313 2393 1366 2465 est,
1418 2387 1501 2451 nulli
1520 2387 1563 2449 ad
1584 2388 1723 2465 eunium,
1745 2389 1917 2469 quicunque
1935 2390 2033 2468 fuerit
2049 2391 2216 2470 particeps.
2254 2390 2303 2454 Ne
2325 2392 2399 2470 qais

391 2478 454 2541 uno
476 2476 645 2540 liberaliter
667 2477 761 2554 offert.
806 2475 909 2555 Atque
930 2473 1003 2537 baec
1024 2479 1069 2537 est
1089 2474 1275 2538 sacramenti
1292 2474 1367 2536 inte
1418 2473 1469 2537 bic
1490 2473 1660 2551 cavdluur,
1683 2493 1750 2538 rem
1771 2476 1875 2538 vacari
1896 2494 1959 2537 uon
1980 2493 2100 2556 corpus,
2117 2476 2172 2538 sed
2188 2495 2268 2555 quae
2285 2476 2324 2539 ab
2344 2476 2398 2540 illc

390 2563 502 2646 qritas,
525 2581 621 2641 quam
643 2561 759 2624 violare
780 2565 861 2625 totus
882 2561 1019 2624 mundus
1039 2579 1100 2622 uon
1115 2563 1224 2638 potest,
1242 2578 1367 2623 carmus
1419 2558 1565 2638 separari
1580 2563 1695 2637 potest,
1717 2559 1852 2639 spiritus
1870 2560 2024 2641 qratiam,
2047 2560 2106 2624 bas
2122 2560 2250 2624 nebulas
2271 2561 2399 2625 discutit

391 2652 420 2711 et
440 2647 624 2728 sanquinem
653 2644 772 2709 Oliristi
799 2667 860 2710 uon
888 2647 996 2708 miuus
1026 2663 1095 2707 vere
1123 2644 1197 2707 dari
1224 2645 1367 2727 iudiqiis
1420 2643 1584 2708 antitbesis
1605 2644 1685 2707 iuter
1706 2644 1838 2723 epitbeta
1858 2646 1981 2710 visibile
2002 2651 2030 2709 et
2050 2646 2223 2710 invisibile:
2245 2667 2320 2710 narn
2338 2646 2414 2712 siv„

392 2752 488 2814 quam
519 2732 619 2796 deciis
647 2731 711 2795 Dei
730 2730 890 2810 bddibus3
922 2729 1019 2793 simul
1046 2735 1149 2794 tamen
1176 2750 1283 2794 veram
1312 2735 1365 2807 est,
1413 2729 1523 2810 priore
1548 2729 1761 2808 comprehendi
1788 2750 1849 2794 non
1865 2735 1963 2810 potest
1997 2730 2116 2796 Obristi
2137 2751 2258 2814 carpus.
2310 2733 2398 2798 Unde

391 2837 454 2881 nau
474 2838 562 2882 secus
584 2822 674 2897 atque
689 2817 804 2896 pluvia
831 2835 926 2895 super
946 2817 1061 2879 duram
1087 2836 1198 2896 rupem
1224 2816 1367 2879 decidens
1419 2815 1567 2895 sequitur,
1590 2814 1709 2878 visibili
1730 2819 1851 2878 tantum
1873 2817 2007 2897 sqiubcbo
2028 2817 2202 2881 iiuredulos
2228 2821 2398 2882 cornmuui-

392 2903 499 2984 effluit,
513 2902 755 2983 quianullusin
767 2902 904 2982 bvpidem
917 2901 1237 2983 iuqressuspatet,ita
1252 2902 1367 2982 impias
1419 2920 1497 2964 aare.
1542 2900 1601 2977 Aa,
1621 2921 1680 2980 qua
1701 2902 1815 2965 melius
1831 2901 1957 2967 tollatur
1979 2904 2141 2982 dubitatio,
2158 2910 2324 2985 postquam
2345 2905 2396 2968 di·

391 3009 452 3054 sua
473 2988 590 3052 duritie
616 2988 761 3069 repellere
781 2987 846 3051 Dei
865 2989 1004 3070 qratiam
1030 2989 1198 3068 quominus
1218 2988 1261 3051 ad
1282 2989 1367 3067 ipsos
1419 2991 1517 3063 sual,
1528 3007 1645 3065 panem
1662 2986 1743 3052 bunc
1759 2988 1920 3052 interioris
1933 2988 2069 3053 bominis
2085 3008 2232 3070 quaerere
2248 2990 2393 3068 esuriem,

385 3078 528 3155 paietret
572 3073 665 3138 Adde
686 3074 767 3154 quod
791 3071 948 3137 Obristiuu
974 3073 1088 3155 absque
1112 3074 1174 3154 fido
1196 3074 1294 3155 recipi
1320 3073 1368 3135 ui
1419 3073 1564 3136 uuuu:
1613 3071 1717 3137 Moses
1738 3079 1766 3136 et
1786 3072 1901 3138 Aaron
1927 3080 1955 3138 et
1978 3074 2128 3152 Pbinees,
2156 3075 2304 3154 inultique
2332 3075 2396 3138 alii

390 3159 456 3224 bilo
476 3160 580 3241 maqis
601 3165 836 3224 consentaneum
857 3163 901 3223 est
916 3179 1013 3239 quam
1030 3180 1132 3224 semen
1148 3160 1183 3222 iu
1211 3160 1281 3242 ique
1300 3179 1368 3242 qer·
1419 3159 1476 3237 qui
1495 3177 1614 3222 uiarina
1628 3159 1839 3237 ‘cunederunb
1858 3160 2046 3238 placuerunt
2069 3162 2153 3239 Dev,·
2174 3160 2295 3242 quare?
2315 3162 2397 3242 quia

390 3247 522 3309 minare.
569 3245 656 3325 Quod
684 3250 787 3309 uulua
814 3250 983 3324 quaeruut,
1011 3246 1158 3325 quomado
1179 3247 1215 3309 in
1237 3246 1368 3310 darium
1419 3243 1573 3308 visibilem
1594 3243 1695 3307 ubam
1717 3245 1927 3324 &munditer
1948 3247 2164 3329 intebliqebant,
2186 3247 2399 3327 spiritualiter

390 3333 503 3396 tionem
531 3331 720 3410 quibusdam
752 3331 868 3394 venerit
896 3329 1041 3396 Cluistus
1062 3332 1128 3395 uisi
1149 3352 1219 3394 eum
1241 3332 1368 3413 indique
1419 3329 1611 3409 esuriebant,
1654 3331 1863 3412 spiritualiter
1893 3333 2074 3415 qustabant,
2114 3338 2149 3396 ut
2186 3333 2399 3413 spiritafflter

342 3486 347 3495 s
389 3418 559 3499 recipiant,
592 3417 747 3498 friqidiun
779 3421 838 3481 est:
870 3417 995 3496 quanda
1033 3437 1190 3497 nusquam
1228 3418 1366 3500 leqimus,
1419 3417 1628 3494 satiarentur,·
1670 3437 1745 3480 nam
1788 3423 1817 3480 et
1853 3438 1910 3482 uos
1953 3417 2042 3482 bonu
2080 3420 2255 3499 accepimus
2290 3419 2399 3483 nisibi-

392 3502 553 3568 Obri'stam
574 3503 702 3585 indique
723 3503 896 3584 recipiendo
917 3507 1045 3567 martem
1067 3503 1129 3567 sibi
1147 3523 1300 3568 accersere
1316 3502 1367 3567 bv-
1420 3503 1480 3566 iem
1510 3503 1625 3580 cibem,
1658 3503 1712 3567 sed
1744 3502 1833 3567 aliud
1860 3508 1904 3568 est
1931 3511 2172 3581 sauunuuuu,
2211 3504 2303 3569 aliud
2334 3506 2427 3569 vu>

390 3589 504 3667 mines,
526 3590 580 3653 sed
602 3589 711 3670 polius
737 3589 916 3669 respuendo.
963 3588 1028 3653 Nec
1055 3609 1104 3652 eos
1129 3590 1218 3652 iuvat
1247 3577 1367 3652 Ubiisti
1418 3592 1470 3651 tus
1502 3589 1700 3652 sacramaiti.
1755 3588 1857 3653 Paula
1881 3595 1969 3670 post:
2001 3611 2037 3655 ac
2059 3611 2121 3673 per
2151 3590 2219 3669 luc,
2253 3592 2309 3670 qui
2336 3611 2409 3655 non-

384 3674 556 3755 parabaln,
578 3674 634 3738 abi
655 3675 732 3738 dicit
753 3673 890 3760 (Matth.
913 3678 961 3753 13,
982 3675 1016 3758 7)
1039 3694 1140 3739 semen
1161 3675 1265 3738 enasci
1286 3675 1367 3738 inter
1417 3678 1521 3737 manet
1552 3674 1587 3736 in
1620 3671 1755 3751 Obrisla,
1788 3678 1815 3737 et
1847 3675 1883 3738 iii
1917 3696 1976 3756 qua
1998 3697 2064 3740 non
2097 3680 2200 3740 nmuet
2240 3675 2396 3755 Obristas,

389 3761 511 3841 spinas,
531 3766 558 3823 et
570 3765 681 3841 postea
702 3761 886 3841 suffocatum
902 3762 1075 3842 urrumpi:
1092 3761 1169 3840 quia
1187 3761 1254 3825 illic
1270 3760 1367 3826 disse·
1414 3758 1525 3839 procid
1546 3759 1640 3822 dubio
1660 3779 1715 3823 nec
1735 3761 1903 3824 manducat
1928 3762 2137 3841 spiritualiter
2162 3781 2289 3826 mirum
2317 3763 2395 3841 eius,

390 3845 436 3907 rit
454 3845 531 3923 quid
552 3847 654 3910 valeat
679 3847 861 3926 temporalis
886 3846 973 3927 fides,
996 3866 1091 3927 quam
1118 3847 1252 3911 uendm
1276 3844 1366 3910 Gbri-
1416 3863 1471 3909 nec
1492 3843 1567 3908 bibit
1587 3846 1787 3927 sanquinem,
1810 3846 1880 3910 licet
1900 3848 2067 3912 camaluer
2087 3853 2115 3912 et
2135 3848 2303 3912 vubditer
2322 3869 2396 3928 pre

389 3931 433 3994 sti
454 3931 544 3994 carni
562 3936 589 3995 et
606 3931 731 3996 bibendo
751 3933 903 4016 sanquini
925 3933 1132 3997 necessariam
1149 3953 1214 3996 esse
1231 3951 1292 3995 nvn
1303 3953 1366 4013 pu-
1416 3935 1483 3994 mat
1504 3929 1647 3995 dentibus
1667 3933 1792 4013 siquam
1813 3934 1953 4013 corporis
1974 3939 2001 3998 el
2022 3933 2196 4017 sanquiuis.
2232 3934 2397 4023 Audimus

389 4019 457 4079 tant
483 4016 539 4095 qui
568 4015 687 4081 Iudam
714 4018 772 4082 bac
797 4019 833 4080 in
855 4024 950 4099 parte
979 4018 1151 4099 aequaliter
1175 4019 1365 4099 faciuntea
1416 4036 1545 4080 rursum
1562 4018 1674 4096 opponi
1690 4018 1814 4083 visibile
1829 4019 1955 4100 siqrium
1971 4019 2135 4101 spirituali
2151 4020 2397 4085 manducatioui.

389 4102 474 4165 cimn
502 4100 597 4167 Petri.
652 4105 736 4184 Quin
755 4105 863 4184 potius
891 4104 997 4168 eadem
1023 4103 1180 4184 parabola
1211 4104 1366 4184 refellitur
1421 4102 1487 4183 Quo
1507 4102 1662 4183 refellitur
1687 4123 1776 4168 error
1797 4105 1863 4181 ille,
1886 4124 1997 4186 corpus
2020 4104 2138 4170 Olur'sti
2164 4106 2323 4170 invisibile
2346 4126 2399 4169 sa-

389 4208 495 4252 eorum
521 4209 622 4267 error,
650 4189 705 4253 ubi
731 4191 808 4254 dicit
837 4188 981 4254 Obristus
1012 4189 1102 4253 aliud
1129 4209 1231 4253 serum
1258 4190 1366 4254 cadere
1418 4188 1648 4252 cramentaliler
1675 4209 1709 4252 re
1729 4210 1803 4254 vera
1824 4191 1947 4269 casnedi,
1970 4192 2114 4272 quamvis
2135 4212 2197 4256 riou
2218 4192 2395 4272 spiidaali-

389 4293 485 4354 super
505 4275 601 4352 viam,
624 4276 714 4339 aliud
731 4296 826 4356 super
843 4276 973 4356 lapides,
991 4295 1028 4339 ac
1044 4279 1190 4338 neutrum
1206 4295 1295 4356 aqere
1311 4296 1364 4338 ru
1415 4280 1470 4339 ter.
1516 4274 1680 4339 Audimus
1701 4277 1795 4339 etiam
1810 4277 1959 4358 profanis
1976 4283 2003 4342 el
2020 4279 2157 4359 impuris
2173 4277 2254 4341 nibil
2269 4276 2394 4342 cmuedi
2439 4346 2441 4352 ,

390 4359 495 4423 dicem
549 4360 635 4425 Unde
656 4363 804 4442 sequitur,
827 4361 1000 4426 incredulis
1016 4380 1110 4424 suam
1130 4361 1280 4424 duritiem
1300 4381 1365 4425 esse
1412 4365 1540 4442 praeter
1560 4360 1713 4424 risibilem
1734 4363 1820 4444 siqni
1836 4365 2049 4443 sumptionem.
2085 4363 2171 4427 Hinc
2192 4362 2300 4428 celebre
2321 4362 2394 4425 eius

389 4445 543 4510 obstacula
565 4449 730 4527 quominus
751 4447 794 4510 ad
815 4467 865 4511 eos
889 4444 1033 4510 Obristus
1054 4447 1227 4526 perveniat.
1274 4446 1365 4526 Quis-
1417 4445 1580 4594 dictam?
1603 4446 1736 4528 reliquas
1753 4449 1926 4530 dissipabis
1936 4470 2053 4531 panem
2070 4449 2242 4514 Dominum
2259 4447 2396 4512 mamis·

389 4531 462 4612 quis
482 4532 615 4596 salutem
635 4536 774 4596 nostram
795 4531 849 4597 bac
869 4533 1014 4614 mqsteiio
1037 4532 1179 4596 adiutam
1200 4533 1295 4612 cupit,
1315 4533 1365 4596 ui
1417 4551 1518 4610 casse,
1567 4532 1665 4596 udam
1691 4553 1761 4597 vera
1782 4554 1900 4614 panem
1932 4535 2072 4599 Domini.
2126 4536 2193 4615 Qua
2218 4533 2396 4600 incralalas

390 4616 436 4680 bil
457 4619 566 4697 aptius
586 4619 721 4682 inveniet
741 4638 836 4698 qaam
857 4623 893 4681 at
912 4616 1018 4698 bdeles
1040 4618 1083 4681 ad
1101 4618 1216 4699 fantem
1241 4617 1364 4683 deducti
1417 4617 1499 4682 clare
1527 4618 1664 4682 excludit
1684 4640 1706 4683 a
1721 4621 1966 4703 participatione
1992 4621 2130 4701 corporis
2156 4625 2186 4685 et
2215 4620 2391 4702 sanquiuis.

389 4703 487 4766 uitam
508 4703 659 4767 bauriaut
679 4724 717 4769 eu
734 4705 799 4769 Dei
818 4704 893 4785 filiu
927 4703 1079 4786 Diquitas
1097 4724 1167 4767 vero
1184 4705 1263 4768 salis
1279 4724 1365 4788 maq-
1419 4703 1485 4767 Nec
1506 4704 1569 4768 alu
1592 4710 1706 4784 spectat
1732 4706 1815 4785 quad
1841 4705 1956 4790 atibi⁸)
1984 4707 2075 4771 dicit:
2101 4707 2180 4788 quid
2206 4705 2341 4771 miraris
2362 4705 2394 4770 si

389 4787 481 4868 nifice
497 4791 734 4868 commendatur,
752 4791 808 4853 ubi
824 4795 968 4867 tammus,
989 4790 1218 4854 adminiculum
1229 4810 1294 4855 esse
1305 4812 1365 4871 qua
1417 4790 1512 4854 datus
1531 4793 1576 4853 est
1597 4789 1699 4854 Iudae
1714 4791 1815 4870 panis
1838 4789 1971 4871 Gbristi,
1994 4811 2055 4872 per
2080 4813 2171 4872 quem
2198 4792 2396 4872 mancipare·

388 4872 569 4937 inseramur
590 4875 625 4938 iu
646 4895 758 4956 corpus
780 4874 915 4953 0bristi,
937 4875 983 4939 vel
1004 4876 1094 4939 insiti
1120 4877 1223 4959 inaqis
1242 4897 1279 4940 ac
1300 4898 1366 4941 ma·
1417 4879 1471 4938 tur
1499 4875 1634 4952 diabilo,
1658 4895 1754 4955 quum
1779 4875 1887 4940 videas
1907 4880 2099 4943 econtrario
2126 4880 2161 4961 (2
2184 4877 2260 4943 Gor.
2282 4881 2336 4955 12,
2357 4875 2393 4960 7)

388 4958 440 5039 qis
461 4954 675 5037 baalescamus,
698 4962 790 5025 donec
811 4962 908 5026 solide
927 4981 984 5025 uos
1004 4982 1108 5026 secum
1135 4963 1227 5025 uniat
1247 4963 1283 5025 in
1303 4983 1365 5027 cae·
1417 4961 1525 5024 datum
1554 4959 1656 5023 Paule
1683 4960 1828 5042 anqelum
1856 4961 1974 5026 diaboti
1989 4984 2051 5045 per
2077 4984 2167 5045 quem
2190 4964 2394 5045 perficeretur

391 5042 462 5108 lesti
483 5045 555 5109 vita.
610 5045 779 5126 obiiciunt,
807 5068 870 5110 uon
900 5047 1039 5111 debuisse
1062 5048 1135 5128 beri
1156 5069 1178 5111 a
1202 5046 1304 5112 Paule
1328 5048 1361 5130 (l
1416 5048 1452 5110 in
1477 5045 1624 5110 Obiistv?
1666 5045 1755 5111 Dicit
1776 5047 1899 5128 quidem
1917 5049 2004 5128 alibi,
2015 5050 2045 5134 ⁴)
2065 5070 2178 5132 corpas
2201 5048 2320 5114 Obristi
2340 5050 2395 5129 fu·

391 5127 466 5194 (lor.
491 5133 544 5208 11,
565 5130 621 5216 29)
643 5154 712 5198 reos
737 5135 875 5213 corporis
896 5138 924 5196 et
945 5135 1111 5216 sanquiuis
1142 5131 1276 5210 Oluisti,
1298 5134 1365 5196 nisi
1416 5133 1479 5195 isse
1505 5131 1573 5194 illis
1593 5151 1710 5210 panem
1735 5153 1843 5199 coenae
1870 5135 1983 5216 quibas
2020 5135 2138 5201 dicebat
2168 5135 2308 5200 Paulus:
2336 5136 2395 5216 qui

389 5235 497 5280 eorum
523 5223 621 5282 essent
647 5220 830 5300 participes.
874 5219 943 5301 qu
971 5224 1074 5283 autem
1100 5220 1282 5299 respondeo,
1303 5240 1365 5284 riou
1416 5217 1652 5284 nmnducaverit
1667 5220 1803 5302 indique,
1821 5222 1976 5288 iudicium
1993 5221 2056 5286 sibi
2072 5222 2240 5288 manducat
2256 5227 2285 5286 et
2301 5220 2395 5300 bibit,

390 5301 458 5364 idea
479 5301 630 5367 damnari
651 5304 735 5384 quad
762 5306 958 5383 comeduint,
981 5306 1035 5368 sed
1055 5310 1178 5368 tantiun
1199 5307 1280 5386 quod
1299 5325 1365 5388 inq·
1416 5324 1471 5368 nec
1498 5305 1566 5369 ideo
1592 5304 1675 5370 nibil
1701 5308 1868 5388 acupisse,
1896 5308 1973 5388 quia
1994 5307 2076 5371 mabc
2104 5308 2282 5388 ausperiiit.
2328 5307 2393 5372 Sed

389 5387 519 5449 sterium
540 5389 797 5469 profanaverint,
821 5393 942 5473 piqnas
968 5409 1077 5454 sacrae
1104 5408 1175 5453 cum
1201 5390 1270 5456 Deo
1297 5411 1365 5457 cau
1415 5410 1475 5471 qao
1496 5409 1601 5469 sensu,
1620 5391 1747 5471 plenius
1772 5392 1836 5456 alio
1857 5393 1919 5458 loca
1951 5393 2093 5474 inplicat.
2145 5392 2233 5458 Nam
2261 5413 2300 5458 eu
2315 5412 2394 5474 pro

390 5470 567 5553 uuidionis,
584 5477 666 5554 quad
680 5481 849 5540 reverenter
866 5477 1021 5556 suscipere
1039 5475 1191 5554 debebant,
1210 5478 1363 5542 cubando.

345 5602 349 5609 —
479 5561 528 5621 34.
575 5558 675 5624 PWO
695 5562 773 5641 qiu
791 5561 991 5644 Aequitius
1012 5561 1092 5624 iuer
1113 5565 1246 5626 iunius
1266 5565 1364 5645 scrip
1486 5594 1514 5661 1)
1532 5595 1632 5648 nomn.
1650 5596 1679 5647 in
1696 5597 1790 5648 Ioum.
1809 5594 1851 5649 ns.
1921 5597 1952 5665 2)
1970 5598 2070 5651 nonu
2089 5599 2117 5652 in
2134 5600 2230 5652 loinn.
2247 5597 2307 5654 59„
2362 5598 2394 5665 3)

391 5643 470 5704 tores
485 5647 658 5727 praecipue
684 5647 820 5711 asseruit
846 5651 939 5725 caput
960 5645 1041 5714 illud
1060 5646 1231 5725 doctrinae,
1258 5668 1364 5715 sacra-
1417 5664 1517 5717 Homil.
1536 5663 1578 5717 62.
1648 5662 1679 5730 4)
1697 5665 1771 5719 Libr.
1791 5663 1816 5718 5.
1835 5666 1870 5720 de
1888 5667 2021 5736 Bapiiinu
2039 5673 2134 5721 contri
2151 5668 2287 5722 Donatius.
