5600 6809
448 753 509 813 319
1085 740 1349 809 INSrluUutO
1373 743 1476 808 Rau.
1495 739 1681 806 uffalsu.
1707 744 1798 804 1559.
2382 745 2450 808 320

447 934 581 1021 (Matth.
602 938 651 1011 22,
672 937 727 1011 32;
750 933 831 998 Luc.
852 935 902 1009 20,
916 932 987 1014 37),
1010 937 1047 993 ut
1068 950 1109 992 ne
1131 928 1266 992 infitiari
1288 928 1420 1010 quidem
1471 928 1597 1011 fugias?
1612 929 1636 1012 ¹)
1681 926 1788 992 Simul
1816 929 1929 994 eodem
1951 930 2153 996 necessitatis
2175 929 2335 1014 redigitur
2357 930 2448 1012 apud

446 1026 579 1105 possent
601 1019 871 1083 resurrectionem
894 1025 1097 1080 mortuorum
1122 1035 1142 1078 a
1162 1014 1256 1078 Mose
1278 1035 1349 1079 esse
1371 1023 1419 1078 te-
1471 1012 1676 1091 Abimelech,
1705 1021 1742 1077 ιιι
1763 1026 1861 1097 caput
1889 1014 2048 1080 redimere
2076 1017 2202 1081 iactura
2227 1017 2340 1081 uxoris
2362 1037 2447 1100 opus

446 1113 573 1171 statam.
607 1104 734 1188 Nempe
756 1105 811 1185 qui
834 1125 875 1167 ex
897 1102 966 1184 ipso
984 1102 1077 1165 Mose
1095 1098 1283 1177 didicerant,
1307 1121 1420 1164 omues
1471 1098 1599 1163 habeat.
1644 1098 1735 1162 Dum
1761 1098 1826 1164 huc
1852 1107 1948 1183 atque
1975 1101 2051 1165 illuc
2071 1101 2191 1166 multos
2214 1122 2316 1166 annos
2336 1102 2447 1167 incer·

447 1198 574 1256 sanctos
597 1210 667 1255 esse
688 1191 724 1254 in
745 1211 846 1253 manu
869 1187 955 1251 illius
973 1186 1085 1271 (Dent.
1107 1189 1156 1263 33,
1176 1183 1220 1265 3).
1250 1184 1347 1250 Unde
1369 1187 1420 1249 in·
1471 1192 1524 1248 tua
1558 1193 1710 1268 vagatur,
1744 1184 1881 1250 assiduis
1915 1207 2084 1251 servorum
2116 1188 2197 1251 rixis
2228 1187 2445 1270 compellitur,

446 1277 531 1341 ferre
558 1284 745 1359 promptum
772 1281 857 1351 orat,
888 1293 930 1335 ne
963 1277 1069 1334 morte
1096 1270 1227 1352 quidem
1255 1271 1420 1353 exstingui
1471 1277 1637 1351 nepotem,
1670 1291 1767 1351 quem
1795 1270 1854 1334 filii
1880 1271 1949 1336 loco
1976 1272 2130 1348 habebat,
2165 1292 2186 1335 a
2211 1295 2246 1337 se
2268 1273 2444 1338 dimittere.
2475 1297 2481 1310 ·

446 1383 526 1445 quos
552 1364 589 1426 in
609 1360 761 1438 tutelam,
791 1357 983 1435 custodiam,
1011 1357 1304 1438 protectionemque
1326 1375 1419 1420 suam
1472 1353 1567 1435 Quae
1588 1353 1740 1420 discessio
1768 1356 1838 1419 sine
1867 1356 1964 1421 dubio
1985 1378 2051 1422 non
2073 1358 2167 1421 aliter
2189 1358 2230 1421 ab
2252 1379 2290 1422 ec
2312 1366 2448 1441 accepta

446 1448 621 1530 recepisset
642 1447 697 1528 qui
717 1446 830 1508 mortis
853 1452 885 1507 et
906 1443 993 1507 vitae
1015 1448 1065 1506 est
1087 1442 1216 1506 arbiter.
1472 1441 1547 1514 fuit,
1569 1462 1668 1523 quam
1689 1442 1717 1505 si
1738 1442 1876 1506 membri
1899 1443 1995 1506 unius
2017 1444 2193 1508 sectionem
2214 1465 2330 1525 passus
2349 1444 2445 1509 foret.

536 1538 584 1596 10.
616 1532 689 1595 Iam
711 1530 781 1614 (qui
803 1527 995 1612 praecipuus
1013 1534 1062 1591 est
1084 1526 1181 1591 cardo
1202 1528 1239 1589 in
1261 1526 1322 1590 hae
1343 1547 1420 1591 con·
1471 1525 1576 1590 Paule
1597 1535 1670 1608 post
1692 1527 1857 1609 captivum
1879 1528 1919 1592 ab
1942 1527 2088 1593 hostibus
2103 1529 2208 1611 abripi
2225 1528 2323 1593 audit
2367 1531 2449 1610 Quo

446 1615 620 1701 troversia)
643 1615 850 1697 dispiciamus
872 1633 981 1677 annon
1006 1613 1069 1695 ipsi
1089 1632 1218 1695 quoque
1239 1611 1352 1676 fideles
1374 1612 1420 1676 sio
1472 1630 1588 1691 cunque
1602 1618 1729 1694 perpet,
1750 1613 1867 1676 viciuos
1886 1615 1999 1694 repet
2019 1615 2169 1677 immota
2189 1614 2367 1693 barbariae,
2389 1617 2449 1696 qai

424 1724 426 1729 ·
447 1704 589 1768 instituti
609 1702 729 1766 fuerint
751 1722 771 1763 a
791 1700 943 1776 Domino,
969 1706 1006 1762 ιιι
1026 1698 1194 1762 meliorem
1217 1696 1294 1760 alibi
1316 1697 1421 1762 vitam
1471 1716 1509 1760 ae
1530 1717 1568 1760 ee
1589 1698 1709 1778 effossis
1729 1698 1853 1777 quidem
1874 1718 1986 1781 mcpno
2014 1699 2115 1765 bbere
2137 1701 2244 1781 pzetcte
2264 1720 2381 1781 aquom
2402 1701 2448 1764 bi·

448 1790 508 1854 sibi
531 1808 602 1852 esse
622 1787 797 1862 sentirent,
822 1806 860 1849 ac
882 1784 1031 1868 neglecta
1052 1791 1183 1847 terrena
1204 1783 1295 1847 illam
1316 1782 1420 1846 medi·
1472 1781 1539 1846 bcre
1559 1783 1673 1846 siccat.
1718 1782 1827 1863 Neq'ce
1852 1784 1934 1846 enim
1955 1804 2048 1848 ocum
2067 1785 2231 1850 redimeret
2250 1807 2273 1850 a
2292 1807 2363 1869 repe
2375 1786 2449 1851 -Ge-

448 1881 604 1938 tarentur.
649 1872 814 1947 Primum,
836 1891 916 1950 quac
937 1870 1091 1934 diviuitas
1110 1870 1250 1932 iniuncta
1270 1868 1337 1931 illis
1356 1868 1421 1948 fcit
1471 1888 1541 1945 ror,
1569 1869 1635 1932 cisi
1661 1873 1731 1932 aute
1754 1869 1867 1949 suisset
1881 1869 2067 1950 prohibitus.
2111 1871 2184 1935 Iam
2205 1871 2261 1934 ubi
2284 1871 2326 1934 ad
2347 1872 2448 1937 effoe-

446 1956 577 2026 vivendi
599 1956 748 2033 conditio,
770 1955 938 2020 assiduum
960 1963 1031 2021 erat
1052 1954 1252 2031 exercitium,
1276 1975 1340 2035 quo
1362 1952 1420 2016 ad·
1472 1960 1539 2016 tam
1566 1961 1766 2018 senectutem
1791 1962 1925 2019 ventum
1953 1961 2017 2031 cst,
2051 1955 2137 2037 quod
2163 1957 2262 2021 habet
2290 1977 2329 2021 ea
2356 1964 2448 2022 aetas

447 2050 656 2109 monerentur
682 2062 717 2106 se
745 2042 891 2105 omnium
918 2061 989 2105 esse
1010 2040 1222 2117 miserrimos,
1251 2040 1336 2102 siin
1358 2038 1421 2102 hac
1471 2038 1739 2103 insuavissimum
1760 2046 1793 2103 et
1814 2039 2066 2120 acerbissimum,
2092 2042 2229 2106 orbitate
2250 2042 2449 2108 mulctatum

446 2127 541 2194 modo
567 2129 636 2193 vita
657 2127 767 2191 felices
789 2132 905 2190 esseut.
951 2124 1073 2204 Adam,
1100 2125 1154 2191 vel
1180 2125 1249 2189 sola
1270 2124 1420 2188 recorda·
1472 2145 1507 2188 se
1526 2123 1625 2203 videt,
1648 2123 1749 2190 donec
1768 2134 1899 2207 praeter
1917 2146 2009 2207 spem
2021 2127 2194 2192 Ismaelem
2231 2127 2236 2140 '
2263 2128 2330 2206 nit;
2352 2129 2448 2193 cuius

444 2216 530 2280 tione
552 2212 697 2296 perditae
718 2211 881 2277 felicitatis
901 2211 1150 2290 infelicissimus,
1172 2211 1278 2274 anxiis
1299 2209 1420 2275 labori·
1471 2216 1583 2273 tamen
1602 2211 1810 2275 nativitatem
1831 2231 1950 2293 magno
1971 2211 2117 2289 redimit,
2143 2212 2222 2276 dum
2271 2233 2348 2277 arae
2368 2233 2447 2295 pro·

443 2302 505 2365 bus
525 2304 704 2383 egestatem
726 2317 820 2362 suam
843 2317 939 2378 aegre
962 2302 1139 2374 sustentat,
1164 2318 1201 2361 ac
1223 2317 1264 2360 ne
1285 2296 1320 2358 in
1342 2295 1420 2359 solis
1471 2294 1539 2359 bris
1564 2295 1736 2378 fatigatur,
1764 2295 1899 2377 perinde
1929 2317 1965 2362 ac
1993 2297 2022 2360 si
2048 2297 2185 2362 ancillae
2205 2299 2448 2365 contumaciam

443 2407 602 2452 manuum
623 2382 788 2447 laboribus
806 2381 870 2446 Dei
887 2381 1115 2446 maledictione
1132 2389 1308 2464 prematur,
1332 2380 1420 2444 unde
1471 2380 1618 2459 fovendo,
1641 2380 1835 2445 domesticae
1856 2381 2116 2463 perturbationis
2138 2384 2209 2465 ipse
2231 2405 2329 2449 eausa
2348 2391 2445 2450 esset

445 2471 597 2537 solatium
628 2468 677 2532 illi
710 2468 868 2546 restabat,
904 2476 1087 2532 extremum
1119 2467 1244 2531 luctum
1271 2467 1418 2548 percipit.
1470 2465 1624 2531 Nascitur
1646 2465 1777 2530 demum
1798 2467 1900 2546 Isaac,
1927 2467 1985 2532 sed
2006 2489 2046 2532 ea
2066 2469 2214 2534 mercede
2236 2476 2274 2534 ut
2295 2470 2448 2536 exturbe-

444 2558 499 2621 Ex
521 2555 645 2620 duobus
673 2554 750 2618 filiis
778 2552 860 2617 alter
882 2553 931 2616 illi
953 2553 1092 2617 nefando
1114 2553 1225 2617 fratris
1246 2551 1419 2634 parricidio
1472 2557 1525 2615 tur
1546 2552 1781 2635 primogenitus
1798 2551 1928 2630 Ismael,
1951 2575 1989 2618 ao
2010 2574 2069 2636 pro
2091 2553 2244 2620 derelicto
2265 2574 2368 2637 paene
2385 2556 2449 2620 ho·

445 2643 597 2725 eripitur3
620 2661 696 2703 eum
714 2639 814 2705 habet
831 2639 1039 2720 superstitem
1056 2640 1149 2704 euius
1167 2644 1334 2720 aspectum
1350 2658 1419 2700 me-
1471 2636 1589 2700 stiliter
1610 2638 1806 2718 proiiciatur.
1850 2637 1917 2703 Ubi
1939 2638 2027 2703 solus
2049 2639 2181 2705 relictus
2203 2648 2253 2706 est
2274 2641 2382 2721 Isaac,
2410 2641 2448 2706 in

444 2727 507 2792 rito
529 2727 706 2791 detestetur
728 2747 766 2790 ac
784 2724 923 2788 horreat.
956 2724 1041 2788 Abel
1062 2725 1099 2788 in
1119 2725 1189 2805 ipso
1208 2724 1323 2788 aetatis
1340 2724 1420 2788 flore
1470 2743 1534 2804 quo
1556 2723 1739 2805 acquiescat
1760 2722 1885 2788 defessa
1902 2725 1979 2789 boni
1997 2725 2061 2788 viri
2078 2732 2236 2805 senectus,
2259 2726 2449 2809 paulopost

445 2812 620 2878 crudeliter
647 2809 830 2875 trucidatus
852 2808 1041 2890 exemplum
1071 2816 1120 2874 est
1147 2809 1311 2873 humanae
1333 2807 1419 2872 cala-
1470 2815 1614 2872 mactare
1642 2810 1752 2891 ipsum
1778 2807 1917 2872 iubetur.
1963 2808 2052 2890 Quid
2074 2810 2294 2877 calamitosius
2315 2812 2449 2896 excogi-

444 2899 575 2962 mitatis.
608 2897 680 2960 Noe
701 2897 819 2961 bonam
842 2895 957 2958 aetatis
978 2901 1106 2976 partem
1128 2894 1222 2979 (dum
1234 2895 1419 2959 totusorbis
1470 2899 1518 2957 tet
1537 2893 1683 2957 humana
1703 2914 1797 2959 mens
1818 2903 2056 2979 quampatrem
2071 2897 2144 2961 fieri
2160 2897 2220 2961 filii
2237 2896 2447 2962 carnificem?

445 3003 557 3049 secure
584 2979 769 3064 deliciatur)
800 3000 875 3044 cum
907 3000 1029 3064 magna
1060 2980 1249 3064 fatigatione
1280 2980 1315 3042 in
1344 3001 1420 3045 arca
1471 2976 1510 3043 Si
1530 2979 1642 3043 morbo
1664 2978 1855 3062 absumptus
1876 2980 1968 3061 foret,
1992 2982 2064 3063 quis
2085 3003 2152 3046 non
2169 2988 2313 3065 putasset
2327 2983 2447 3047 miser-

444 3066 642 3133 exstruenda
664 3066 790 3130 deterit
826 3064 924 3146 Quod
935 3072 1076 3130 mortem
1086 3065 1210 3149 effugit,
1233 3065 1269 3128 id
1289 3067 1328 3129 fit
1348 3086 1419 3130 ma-
1470 3064 1592 3128 rimum
1624 3086 1694 3130 esse
1728 3086 1855 3142 senem,
1888 3066 1941 3131 cui
1968 3068 2004 3131 in
2029 3067 2208 3133 ludibrium
2233 3067 2329 3132 datus
2357 3075 2448 3132 esset

444 3154 566 3219 ioribus
593 3153 663 3217 eius
687 3150 844 3216 molestiis
874 3172 971 3232 quam
996 3152 1025 3216 si
1046 3160 1179 3217 eentum
1201 3158 1322 3216 mortes
1343 3151 1419 3215 obe-
1470 3149 1571 3228 filius,
1603 3152 1644 3215 ob
1666 3171 1763 3233 quem
1783 3151 1932 3215 orbitatis
1954 3152 2046 3217 dolor
2068 3154 2097 3216 ei
2142 3152 2359 3218 eminaretur?
2405 3151 2449 3218 Si

443 3239 551 3304 undae
573 3243 693 3303 essent.
733 3237 821 3300 Nam
841 3243 1073 3327 praeterquam
1093 3236 1179 3318 quod
1201 3257 1278 3301 arca
1299 3236 1348 3300 illi
1368 3243 1420 3301 est
1471 3235 1512 3300 ab
1535 3243 1691 3301 extraneo
1713 3236 1820 3318 aliquo
1842 3237 2045 3317 interfectus,
2080 3175 2273 3322 indignitate
2300 3239 2450 3303 multum

443 3326 535 3409 quasi
567 3323 753 3407 sepulcrum
786 3321 897 3386 decem
924 3323 1100 3400 mensium,
1134 3323 1303 3388 insuavius
1336 3322 1420 3385 nihil
1471 3330 1556 3387 esset
1577 3328 1673 3387 aucta
1693 3322 1874 3391 calamitas:
1905 3323 1994 3388 istud
2021 3346 2099 3389 vero
2120 3325 2231 3390 omnia
2251 3324 2451 3391 calamitatis

443 3432 513 3476 esse
530 3415 749 3493 potestquam
765 3408 800 3470 in
819 3407 1012 3472 animalium
1029 3408 1224 3473 stercoribus
1241 3408 1419 3490 paeneim·
1471 3407 1621 3491 exempla
1641 3414 1787 3490 superat,
1814 3409 1917 3488 patris
1938 3430 2041 3474 manu
2063 3409 2229 3475 trucidari.
2274 3407 2332 3476 Sic
2355 3408 2450 3475 deni-

442 3517 588 3561 mersum
614 3494 739 3558 tamdiu
762 3493 910 3557 detineri
946 3494 1127 3576 Postquam
1148 3499 1257 3558 tantas
1278 3492 1419 3558 difficul·
1470 3513 1533 3576 que
1555 3500 1623 3558 toto
1645 3495 1731 3558 vitae
1751 3492 1912 3558 curriculo
1934 3496 2073 3560 iactatus
2095 3517 2133 3561 ae
2154 3501 2294 3561 vexatus
2315 3496 2386 3574 fuit,
2411 3504 2451 3560 ut

442 3589 526 3647 tates
553 3581 713 3646 eluctatus
748 3586 812 3657 est,
845 3579 881 3641 in
912 3599 1033 3643 novam
1057 3579 1216 3644 moeroris
1247 3579 1419 3643 materiam
1471 3579 1500 3644 si
1527 3580 1599 3661 quis
1618 3578 1772 3643 velutin
1799 3578 1911 3643 tabula
1939 3582 2108 3664 exemplar
2129 3581 2338 3648 calamitosae
2357 3581 2450 3648 vitae

442 3667 572 3733 incidit:
600 3665 741 3731 ludibrio
769 3686 804 3729 se
832 3664 945 3729 haberi
974 3665 1145 3748 aproprio
1167 3664 1238 3731 filio,
1254 3663 1357 3743 videt,
1385 3673 1419 3729 et
1470 3665 1646 3748 depingere
1664 3663 1752 3743 velit,
1771 3662 1857 3727 nihil
1873 3667 2016 3748 reperiat
2032 3688 2066 3729 m
2112 3667 2118 3681 '
2156 3667 2351 3750 appositum.
2378 3666 2449 3732 Ne-

443 3754 472 3817 ei
495 3773 592 3834 quem
613 3771 734 3834 magno
751 3750 815 3814 Dei
835 3749 990 3815 beneficio
1010 3751 1138 3816 salvum
1160 3772 1202 3814 ex
1219 3750 1344 3816 diluvio
1365 3772 1418 3815 re·
1470 3771 1532 3832 que
1563 3749 1694 3814 obiiciat
1720 3749 1881 3832 quispiam
1902 3772 1977 3816 eum
1999 3687 2186 3817 nonffioe
2207 3773 2343 3835 prorsus
2362 3753 2448 3817 infc-

443 3843 583 3921 ceperat,
605 3857 663 3901 suo
684 3836 788 3918 ipsius
810 3856 865 3900 ore
887 3834 1080 3901 maledicere
1104 3837 1238 3919 cogitur.
1469 3835 1581 3914 licem,
1611 3834 1698 3917 quod
1719 3856 1740 3900 a
1761 3843 1810 3900 tot
1831 3839 1995 3920 tantisque
2021 3839 2269 3920 tempestatibus
2290 3857 2449 3921 prospere

532 3927 579 3985 11.
619 3921 790 3985 Abrabam
807 3922 931 4002 quidem
951 3941 1035 3986 aaut
1057 3923 1158 3986 iactor
1180 3922 1279 3986 decem
1300 3923 1418 4003 myria
1470 3921 1602 3985 tandem
1624 3922 1800 3986 emerserit
1844 3923 1919 3987 Non
1941 3924 2029 3987 enim
2050 3925 2178 3989 beatam
2200 3924 2307 3990 vitam
2328 3921 2450 3990 ducere

442 4009 519 4073 deca
538 4007 625 4071 cobis
645 4026 710 4070 csse
731 4005 821 4086 debet,
842 4008 1120 4088 sispeaetureics
1129 4007 1216 4088 fides,
1238 4008 1418 4089 pacandis
1469 4006 1563 4071 illum
1585 4005 1737 4086 dicemus,
1760 4008 1816 4089 qui
1835 4029 1894 4090 per
1914 4010 2060 4074 infinitas
2082 4008 2289 4075 difficultates
2311 4008 2354 4075 ad
2375 4009 2450 4075 lon·

443 4094 479 4157 ιἰι
510 4094 659 4176 optimum
690 4092 831 4156 cedeodi
858 4093 1000 4174 reputem
1026 4093 1232 4174 propomam
1265 4095 1300 4157 ia
1326 4095 1418 4159 cuius
1469 4113 1548 4176 gum
1569 4092 1711 4176 spatium
1732 4093 1889 4159 laboriose
1911 4095 2085 4174 eluctetur;
2113 4094 2171 4160 sed
2190 4095 2260 4177 qui,
2283 4096 2354 4161 sine
2375 4117 2449 4162 ma·

442 4179 536 4243 etiam
557 4197 677 4261 penae,
709 4181 745 4240 ut
762 4177 827 4258 salii
843 4176 908 4241 Dei
928 4178 1043 4256 amus,
1076 4179 1194 4243 censeri
1219 4200 1276 4244 uos
1295 4183 1416 4259 oportet
1468 4179 1576 4242 lorum
1597 4199 1705 4257 sensu,
1728 4180 1955 4261 praesentibus
1976 4181 2069 4246 bonis
2091 4180 2217 4263 placide
2238 4182 2377 4246 fruatur.

446 4264 528 4345 cute
549 4282 619 4328 vcro
640 4262 823 4342 obaerdiuS,
843 4280 947 4343 'quom
968 4268 1093 4344 patrea
1120 4265 1257 4329 omnium
1275 4265 1417 4346 fideliam
1558 4269 1606 4328 12.
1650 4264 1757 4343 Isaac,
1779 4265 1836 4346 qui
1857 4266 2037 4331 minoribus
2058 4266 2154 4331 malis
2176 4267 2363 4345 afflictatur,
2386 4268 2449 4332 vix

441 4369 506 4415 esec
526 4347 706 4426 Abrabam,
735 4353 762 4412 et
788 4367 830 4422 ae,
843 4353 1036 4430 postremum
1056 4349 1179 4430 quaten
1200 4350 1349 4434 arpalum
1369 4351 1418 4414 ia·
1470 4358 1581 4415 tamen
1613 4351 1786 4415 minimum
1821 4352 1992 4416 suautatis
2025 4358 2159 4435 gustum
2186 4352 2331 4435 percipit,
2374 4352 2447 4418 Eas

440 4440 487 4500 ter
518 4435 591 4500 e'lloe
622 4433 748 4498 tenere?
792 4433 893 4514 Atqui
922 4456 960 4500 ca
986 4455 1127 4513 cumae,
1160 4437 1223 4499 imo
1248 4456 1288 4501 ccc
1312 4436 1418 4518 produ
1469 4438 1538 4520 ipse
1560 4435 1685 4518 quoque
1707 4437 1896 4504 vexationes
1917 4439 2093 4520 experitur,
2113 4459 2199 4520 quae
2219 4438 2351 4504 beatum
2371 4457 2448 4504 esse

440 4522 585 4602 opprime
605 4517 772 4600 formifica
803 4520 897 4585 deidei
927 4541 990 4586 noc
1011 4524 1123 4602 potest,
1155 4523 1233 4602 quta
1260 4521 1418 4586 aboleatur
1470 4523 1636 4588 hominem
1657 4523 1693 4585 in
1714 4529 1804 4587 terra
1825 4543 1891 4586 non
1913 4523 2031 4588 sinant.
2071 4523 2171 4588 Illum
2192 4522 2294 4589 fames
2312 4522 2447 4672 ‘we

441 4611 503 4670 toto
523 4605 657 4671 ecclesia.
702 4604 776 4669 Iam
801 4606 884 4687 qaod
905 4607 1049 4671 advitae
1069 4609 1278 4689 experimento
1300 4607 1416 4686 attica,
1469 4620 1557 4673 terra
1584 4607 1755 4684 Ohanaan,
1797 4607 1891 4673 Uxor
1918 4630 1937 4674 e
1963 4609 2038 4695 sinu
2065 4609 2115 4673 illi
2142 4609 2288 4694 eripitur.
2365 4608 2448 4674 icini

441 4691 500 4756 ubi
520 4692 664 4773 primum
685 4698 821 4757 vocatur
841 4691 906 4756 Deo¹
933 4693 1080 4774 imperio,
1107 4713 1127 4755 a
1147 4693 1269 4774 patria,
1297 4712 1416 4775 paren-
1467 4694 1562 4759 illum
1579 4692 1715 4758 subinde
1733 4693 1912 4776 exagitant,
1935 4715 1973 4760 ac
1989 4694 2095 4760 modis
2111 4695 2263 4761 omnibus
2278 4702 2447 4777 premunt,

441 4776 545 4855 tibus,
575 4775 688 4842 amicis
710 4777 878 4856 avellitur,
900 4778 937 4840 in
959 4778 1076 4860 quibus
1097 4778 1307 4860 praecipuam
1328 4777 1416 4843 vitae
1469 4787 1507 4844 ut
1539 4779 1579 4844 de
1611 4799 1696 4861 aqua
1724 4779 1824 4842 etiam
1855 4787 1993 4864 cogatur
2018 4780 2193 4847 decertare.
2241 4779 2344 4845 Domi
2366 4801 2447 4847 suae

442 4860 647 4926 dulcedinem
668 4882 738 4927 osse
759 4870 893 4944 putant,
921 4885 958 4928 ac
984 4865 1012 4928 si
1038 4862 1132 4928 illum
1156 4862 1317 4928 destinato
1339 4883 1415 4928 con·
1469 4884 1489 4928 a
1520 4865 1658 4930 nuribus
1684 4864 1832 4930 multum
1862 4866 2086 4932 molestiarum
2118 4867 2273 4947 sustinet;
2301 4867 2447 4932 filiorum

442 4945 514 5010 silio
536 4946 686 5011 omnibus
706 4949 795 5013 vitae
822 4948 1068 5014 oblectamentis
1092 4949 1231 5031 spoliare
1252 4948 1415 5014 Dominus
1468 4949 1600 5017 dissidio
1638 4949 1785 5033 angitur3
1828 4971 1889 5016 nec
1921 4952 2045 5018 mederi
2081 4960 2175 5018 tanto
2206 4951 2294 5018 malo
2327 4958 2446 5035 potest,

441 5030 548 5097 vellet.
593 5029 702 5094 Simul
724 5053 761 5096 ao
782 5041 905 5099 terram
927 5036 1094 5118 ingressus
1112 5041 1162 5098 est
1182 5034 1215 5098 in
1238 5055 1304 5116 qua
1324 5035 1415 5099 iube-
1467 5038 1531 5102 nisi
1553 5058 1612 5120 per
1639 5035 1791 5100 exsilium
1824 5036 1893 5102 eius
1926 5038 1978 5104 cui
2011 5038 2231 5103 benedixerat
2286 5038 2333 5101 At
2365 5057 2446 5104 vero

441 5123 497 5180 tur
517 5115 674 5193 habitare,
696 5117 781 5182 fame
802 5118 878 5183 inde
896 5120 1047 5204 exigitur.
1077 5120 1129 5182 Eo
1146 5119 1188 5185 ad
1205 5140 1299 5202 opem
1316 5141 1415 5203 quae·
1466 5124 1564 5191 Iaoob
1607 5120 1692 5186 nihil
1735 5142 1833 5205 quam
1873 5129 2039 5188 extremae
2076 5123 2278 5190 infelicitatis
2313 5123 2446 5212 insigne

441 5201 579 5268 rendam
600 5200 735 5284 refugit,
758 5203 827 5282 ubi,
851 5225 915 5287 quo
937 5226 972 5271 se
993 5205 1190 5271 incolumem
1212 5213 1334 5284 servet,
1356 5226 1415 5270 ne·
1467 5221 1517 5280 est
1545 5207 1719 5289 exemplar.
1763 5207 1946 5274 Pueritiam
1967 5210 2055 5275 domi
2076 5210 2312 5292 inquietissima
2333 5213 2445 5274 trans·

441 5309 530 5356 cesse
556 5286 656 5352 habet
683 5307 818 5352 uxorem
839 5292 1033 5372 prostituere
1039 5314 1048 5370 ;
1076 5291 1160 5373 quod
1187 5291 1348 5357 incertum
1371 5312 1415 5355 an
1467 5302 1529 5367 ιι
1561 5299 1649 5362 inter
1687 5293 1799 5358 fratris
1836 5296 2045 5380 primogeniti
2082 5297 2189 5362 minas
2221 5316 2260 5361 ac
2290 5302 2445 5374 terrores,

440 5374 553 5439 multis
566 5372 731 5440 'mortibus
753 5373 852 5437 fuerit
862 5376 1016 5441 acerbius.
1055 5376 1120 5442 Ubi
1135 5378 1303 5442 interram
1320 5377 1415 5441 habi·
1468 5387 1584 5473 quibus
1619 5377 1751 5444 demum
1781 5379 1895 5447 cedere
1923 5382 2058 5466 cogitur.
2100 5382 2246 5467 Profugo
2275 5401 2295 5445 a
2323 5401 2447 5464 paren·

441 5458 543 5524 taouli
559 5459 611 5525 sui
627 5480 778 5526 reversus
797 5466 860 5538 cst,
881 5460 957 5525 inde
976 5483 1108 5528 rursum
1127 5463 1213 5527 fame
1230 5463 1414 5545 expellitur.
1468 5515 1538 5521 Q.
1549 5516 1670 5522 Q-..

443 5541 559 5640 Qualis
586 5551 635 5610 est
663 5545 799 5611 felicitas
826 5566 899 5609 eam
925 5553 1047 5610 terram
1074 5548 1213 5614 incolere
1241 5549 1297 5614 ubi
1318 5549 1415 5613 toties
1536 5580 1565 5648 1)
1589 5581 1676 5638 Ma
1698 5585 1777 5639 hm,
1805 5585 1896 5649 Qualis
1920 5622 1926 5636 ¹
1946 5623 1952 5635 ι
1972 5623 1978 5635 ,
1998 5625 2004 5637 Ι
2028 5585 2168 5653 autugtm
2192 5584 2289 5639 dmm
2312 5586 2344 5638 in
2367 5585 2449 5643 m

442 5628 666 5710 esuriendum,
693 5632 759 5696 imo
792 5651 870 5696 vero
891 5630 1002 5695 inedia
1027 5634 1245 5714 pereundum,
1272 5635 1336 5700 nisi
1357 5656 1415 5700 au·
1467 5649 1645 5706 1592-1637.
