5600 6809
401 774 460 851 ⁵91
514 767 515 770 ‘

398 960 446 1023 ita
478 957 598 1034 dicam,
632 956 918 1020 manumissionem
950 955 1152 1037 assequimur
1185 975 1287 1036 quum
1317 974 1375 1035 per

398 1042 497 1109 fidem
523 1040 779 1108 misericordiam
794 1042 858 1106 Dei
879 1042 914 1105 in
933 1039 1066 1105 Christo
1089 1039 1373 1123 apprehendimus,

398 1150 463 1212 qua
485 1130 590 1194 securi
613 1128 756 1209 certique
778 1125 945 1192 reddimur
968 1126 1008 1191 de
1029 1135 1237 1209 peccatorum
1259 1126 1374 1189 remis-

399 1215 498 1293 sione,
520 1236 659 1297 quorum
682 1234 780 1278 sensu
800 1213 969 1295 pungebat
988 1233 1047 1276 nos
1068 1211 1124 1276 lex
1141 1233 1178 1276 ac
1194 1210 1372 1275 mordebat

485 1304 514 1364 2.
559 1302 634 1366 Hac
655 1300 781 1364 ratione
810 1305 843 1362 et
869 1319 951 1378 quae
978 1298 1012 1360 in
1038 1297 1112 1380 lege
1139 1295 1231 1360 nobis
1259 1296 1373 1360 offere·

397 1386 519 1451 bantur
540 1387 770 1470 promissiones
792 1383 974 1447 inefficaces
1000 1382 1108 1447 forent
1136 1403 1248 1446 omnes
1274 1390 1307 1445 et
1330 1383 1373 1446 ir·

398 1473 497 1551 ritae,
526 1474 590 1537 nisi
610 1473 675 1536 Dei
695 1470 822 1535 bonitas
848 1489 908 1550 per
930 1468 1137 1552 evangelium
1159 1474 1371 1532 succurreret.

397 1558 491 1623 Haec
512 1559 602 1623 enim
627 1555 781 1632 conditio,
815 1561 853 1617 ut
879 1554 985 1637 legem
1014 1555 1236 1638 perficiamus,
1264 1575 1283 1617 1
1310 1574 1374 1635 qua

397 1645 487 1726 ipsae
509 1642 674 1726 pendent,
708 1649 742 1704 et
770 1660 875 1722 aqua
893 1639 1025 1705 demum
1046 1639 1262 1722 praestandae
1284 1646 1370 1715 sunt,

397 1750 566 1811 nimquam
593 1726 790 1810 implebitur.
836 1724 892 1790 Sic
919 1736 1030 1790 autem
1057 1725 1236 1808 opitulatur
1256 1724 1373 1789 Domi-

397 1836 473 1892 nus,
503 1836 568 1879 non
596 1822 725 1897 partem
751 1812 897 1876 iustitiae
925 1811 963 1875 in
984 1811 1134 1894 operibus
1156 1811 1249 1875 nobis
1272 1810 1372 1874 relin-
1408 1817 1410 1820 '

396 1899 533 1983 quando,
557 1907 685 1982 partem
705 1919 746 1963 11
768 1919 829 1962 111
850 1896 1056 1980 indulgentia
1077 1896 1285 1975 sufficiendo;
1315 1894 1372 1960 sed

397 1984 476 2050 dum
505 1986 639 2050 unicum
668 1983 838 2049 Christum
870 2003 929 2066 pro
964 1984 1106 2048 iustitiae
1134 1983 1372 2066 complemento

397 2072 550 2155 assignat.
596 2071 683 2134 Nam
704 2064 870 2152 apostolus
892 2068 981 2153 (Gal.
1006 2072 1041 2146 2,
1064 2068 1127 2153 16),
1149 2068 1314 2150 praefatus
1337 2089 1373 2131 11

397 2157 540 2239 aliosque
569 2156 721 2233 Iudaeos,
756 2155 895 2220 seientes
923 2154 1010 2237 quod
1041 2176 1083 2218 ex
1112 2154 1193 2238 legis
1221 2154 1373 2236 operibus

396 2263 462 2307 non
480 2243 675 2307 iustificetur
692 2242 801 2318 homo,
820 2240 856 2303 in
873 2239 985 2304 Iesum
996 2239 1169 2305 Christum
1187 2238 1371 2316 credidisse,

396 2329 557 2393 rationem
579 2327 725 2403 subiicit,
755 2347 822 2390 non
848 2333 886 2389 ut
907 2325 1142 2397 adimerentur
1165 2326 1206 2389 ad
1226 2325 1373 2390 iustitiae

396 2434 559 2477 summam
579 2434 620 2476 11
642 2412 707 2476 fide
725 2410 863 2491 Ohristi;
886 2411 943 2476 sed
966 2421 1004 2475 ut
1024 2412 1082 2476 illa
1105 2412 1394 2487 iustificarentnr,¹

395 2520 461 2563 non
490 2521 532 2563 11
558 2497 709 2580 operibus
737 2497 828 2580 legis.
874 2497 913 2563 si
939 2496 1052 2562 fideles
1082 2497 1196 2580 alege
1217 2497 1253 2559 in
1274 2494 1373 2560 fidem

395 2583 589 2667 demigrant,
612 2588 650 2647 ut
670 2584 706 2647 in
727 2582 790 2648 hac
810 2583 970 2647 iustitiam
991 2583 1171 2656 inveniant,
1195 2602 1292 2663 quam
1316 2583 1373 2646 ab·

394 2691 466 2734 esse
488 2670 529 2733 ab
551 2669 608 2733 illa
629 2667 757 2745 vident,
786 2676 873 2733 certe
900 2668 1044 2751 iustitiae
1063 2668 1147 2750 legis
1169 2667 1370 2731 renuntiant.

394 2754 510 2837 Itaque
531 2755 707 2837 amplificet
727 2776 817 2819 nunc
839 2755 895 2837 qui
916 2753 1005 2818 volet
1025 2753 1265 2832 retributiones,
1289 2774 1373 2836 quae

394 2839 477 2924 legis
510 2841 750 2905 observatorem
782 2861 915 2907 manere
948 2838 1116 2918 dicuntum
1149 2837 1245 2902 modo
1263 2839 1373 2909 ,simul

395 2927 644 3006 animadvertat,
666 2932 778 2990 nostra
798 2927 962 3007 pravitate
979 2926 1051 2989 fieri
1072 2946 1115 2989 ne
1136 2925 1278 2988 fructum
1294 2922 1373 2988 inde

395 3011 501 3076 ullum
522 3011 712 3088 sentiamus,
736 3011 838 3076 donec
860 3011 957 3074 aliam
976 3032 1016 3075 ex
1034 3010 1099 3075 fide
1121 3010 1281 3074 iustitiam
1302 3010 1372 3074 fue-

394 3098 499 3162 rimus
521 3096 639 3179 adepti.
675 3094 732 3162 Sic
749 3095 868 3175 David,
892 3097 949 3162 ubi
970 3095 1194 3161 retributionis
1212 3095 1372 3172 meminit,

395 3203 494 3266 quam
520 3182 728 3265 praeparavit
753 3183 857 3247 servis
885 3183 954 3247 suis
981 3182 1163 3259 Dominus,
1192 3182 1304 3246 statim
1330 3179 1372 3244 ad

394 3274 603 3351 peccatorum
640 3269 894 3351 recognitionem
934 3265 1121 3346 descendit,
1161 3267 1278 3349 quibus
1315 3266 1373 3331 illa

395 3354 591 3417 exinanitur.
636 3353 770 3418 Psalmo
799 3355 896 3416 etiam
930 3356 986 3430 19,
1013 3357 1060 3416 12.
1091 3353 1264 3436 magnifice
1288 3352 1371 3435 legis

393 3438 551 3504 beneficia
569 3438 786 3520 depraedicat,
806 3439 863 3503 sed
880 3439 1035 3504 continuo
1053 3438 1231 3503 exclamat:
1252 3438 1371 3503 delicta

339 3570 348 3586 .
394 3526 467 3608 quis
483 3524 666 3608 intelliget?
691 3525 731 3589 ab
754 3525 887 3589 occultis
907 3525 989 3589 meis
1006 3522 1131 3587 munda
1148 3522 1368 3588 meDominel

392 3609 534 3675 Prorsus
551 3610 605 3674 hic
622 3610 713 3675 loeus
731 3632 805 3675 cum
824 3612 988 3693 superiore
1006 3609 1170 3692 congruit,
1193 3609 1250 3673 ubi
1268 3631 1370 3691 quum

394 3694 653 3768 111111111Ρ111.
679 3699 734 3774 25,
763 3695 950 3780 101111),
981 3700 1114 3761 cunctas
1142 3696 1213 3761 vias
1234 3695 1369 3759 Domini

393 3781 573 3845 bonitatem
600 3790 633 3845 11
659 3782 833 3846 veritatem
861 3781 1167 3858 111111111111,
1198 3781 1368 3859 subnectit,

393 3873 528 3949 propter
549 3887 667 3930 nomen
690 3875 799 3945 tuum,
822 3865 981 3946 Domine,
1010 3866 1238 3950 propitiaberis
1260 3866 1370 3950 pravi-

396 3952 456 4016 tati
477 3972 585 4030 meae3
607 3952 713 4016 multa
734 3960 784 4017 111
804 3954 899 4017 enim.
935 3950 992 4018 Sic
1014 3959 1048 4016 et
1064 3973 1123 4017 nos
1141 3973 1371 4036 recognoscere

395 4036 566 4114 debemus,
591 4039 773 4119 expositam
794 4037 926 4120 quidem
949 4060 1018 4104 1111
1040 4039 1133 4103 nobis
1154 4039 1189 4102 in
1210 4037 1282 4122 lege
1305 4037 1370 4102 Dei

393 4123 661 4202 benevolentiam,
685 4124 712 4188 si
733 4124 886 4211 operibus
908 4146 982 4189 eam
999 4122 1160 4189 demereri
1177 4124 1289 4204 liceat;
1312 4124 1370 4189 sed

392 4208 526 4273 illorum
547 4208 664 4273 merito
685 4223 855 4292 nunquam
877 4209 918 4274 11
940 4230 1000 4274 111
1021 4211 1201 4292 pervenire.
1296 4271 1298 4276 .

480 4298 508 4359 3.
554 4294 644 4376 Quid
672 4295 771 4380 ergo?
801 4294 967 4360 1111111
988 4302 1079 4372 sunt,
1110 4302 1147 4359 ut
1170 4296 1240 4361 sine
1262 4296 1370 4361 fructu
1413 4329 1417 4336 ‚

393 4381 646 4447 evanescerent?
680 4382 754 4445 Iam
775 4403 881 4465 nuper
902 4387 1041 4445 testatus
1063 4402 1137 4446 sum
1155 4403 1220 4446 non
1243 4403 1314 4448 1111
1335 4382 1371 4447 11

392 4489 485 4532 meae
507 4468 695 4532 sententiae.
729 4467 813 4532 Dico
835 4489 914 4532 1111
936 4467 1113 4532 efficaciam
1135 4489 1230 4532 suam
1251 4468 1293 4531 11
1311 4489 1370 4534 111

392 4574 460 4617 111
477 4552 631 4636 proferre,
650 4552 807 4635 quamdiu
826 4552 868 4617 ad
886 4573 1022 4635 operum
1039 4553 1159 4618 merita
1175 4555 1370 4637 respiciunt;

413 4660 494 4703 nare
517 4639 544 4703 si
566 4639 601 4701 in
623 4660 658 4703 se
680 4638 944 4716 considerentur,
973 4636 1210 4722 quodammodo
1238 4639 1368 4704 aboleri.

393 4659 450 4789 111
476 4724 678 4807 praeclaram
705 4724 796 4788 illam
822 4725 1070 4807 promissionem
1100 4724 1368 4810 (Levit.18,5):

393 4808 467 4873 dedi
488 4809 581 4875 vobis
597 4807 682 4874 bona
698 4820 880 4893 praecepta,
903 4831 986 4893 quae
1006 4811 1063 4892 qui
1084 4809 1205 4890 fecerit,
1228 4811 1318 4876 vivet
1333 4812 1371 4875 in

393 4894 488 4975 ipsis,
516 4894 639 4958 nullius
666 4897 824 4961 momenti
849 4916 920 4961 esse
946 4895 1113 4978 apostolus
1141 4896 1235 4961 docet
1257 4897 1367 4980 (Rom.

397 4982 445 5056 10,
467 4977 500 5062 5)
534 4980 617 5043 siin
640 5001 679 5043 ea
700 4984 905 5060 resistamns,
933 5002 994 5047 nec
1022 4980 1089 5065 pilo
1124 4981 1197 5064 plus
1219 4983 1368 5064 profutu-

392 5084 466 5128 ram
492 5084 589 5145 quam
617 5067 644 5130 si
667 5065 743 5130 data
764 5090 830 5133 non
852 5075 951 5146 esset,
982 5070 1058 5150 quia
1084 5089 1126 5131 ne
1153 5068 1368 5132 sanctissimis

393 5148 525 5233 quidem
547 5148 612 5212 Dei
635 5153 738 5215 servis
760 5155 930 5239 compotit3
958 5155 1015 5236 qui
1041 5151 1154 5236 procul
1175 5172 1289 5217 ornnes
1312 5155 1368 5218 ab·

393 5244 471 5302 sunt
492 5255 512 5298 a
532 5235 615 5319 legis
637 5237 881 5320 complemento,
903 5239 1016 5304 multis
1038 5259 1115 5304 vero
1136 5239 1368 5322 transgressio-

393 5323 492 5388 nibus
514 5329 591 5386 sunt
608 5321 805 5387 circumdati.
838 5322 906 5391 Sed
924 5325 1003 5391 dum
1020 5324 1251 5409 promissiones
1268 5346 1368 5389 evan-

1046 763 1311 831 INS'PI'PUTIO
1332 765 1437 829 REL.
1460 763 1640 830 enatam
1665 769 1756 830 1559.

2342 769 2403 831 592

1426 960 1522 1037 grata
1551 954 1684 1032 habeat,
1718 954 1776 1017 sed
1803 954 2077 1022 benedictionibus
2103 957 2217 1034 111111,
2246 976 2327 1037 quae
2359 977 2402 1021 ex

1425 1047 1521 1121 pacto
1543 1038 1745 1104 debebantur
1763 1039 1846 1122 legis
1867 1061 1945 1106 suae
1968 1043 2201 1119 observationi,
2227 1062 2402 1124 prosequa-

1426 1132 1490 1188 tur.
1535 1126 1658 1189 Fateor
1686 1146 1763 1208 ergo
1792 1126 1937 1191 fidelium
1961 1129 2113 1210 operibus
2135 1127 2286 1210 rependi,
2320 1148 2402 1210 qnae

1426 1211 1572 1274 iustitiae
1594 1219 1627 1275 11
1649 1211 1832 1276 sanctitatis
1854 1213 2033 1279 cultoribus
2055 1215 2089 1277 in
2112 1213 2184 1296 lege
2205 1234 2265 1277 sua
2286 1211 2404 1276 Domi·

1427 1318 1489 1360 nus
1516 1296 1680 1378 promisit:
1715 1317 1830 1361 verum
1858 1299 1894 1362 in
1926 1298 1988 1363 hac
2015 1297 2228 1364 retributione
2256 1297 2402 1364 conside-

1426 1380 1530 1445 randa
1552 1403 1680 1464 semper
1699 1390 1866 1461 estcausa,
1889 1405 1971 1465 quae
1994 1385 2135 1468 gratiam
2157 1384 2307 1467 operibus
2324 1404 2402 1448 con-

1426 1467 1523 1532 ciliet.
1568 1469 1654 1531 Eam
1676 1489 1772 1550 porro
1795 1469 1956 1551 triplicem
1977 1490 2048 1534 esse
2070 1470 2243 1535 cernimus.
2287 1471 2403 1533 Prima

1426 1561 1491 1631 est,
1515 1553 1601 1635 quod
1622 1553 1713 1618 Deus
1735 1574 1850 1619 averso
1873 1576 2080 1620 aservorum
2100 1577 2233 1620 suorum
2251 1556 2402 1638 operibus

1425 1639 1555 1718 intuitu,
1579 1660 1662 1720 quae
1684 1641 1837 1720 probrum
1859 1642 1963 1724 magis
1980 1661 2079 1724 quam
2095 1641 2227 1705 laudem
2244 1648 2402 1723 perpetuo

1426 1732 1602 1804 11111111,
1624 1724 1712 1806 ipsos
1733 1725 1769 1788 in
1787 1724 1920 1790 Christo
1937 1727 2169 1809 complectitur,
2193 1747 2230 1790 ac
2252 1727 2321 1791 sola
2337 1725 2402 1791 fide

1424 1810 1653 1888 intercedente,
1676 1812 1759 1876 citra
1770 1831 1905 1893 operum
1917 1811 2107 1891 subsidium,
2125 1812 2313 1877 reconeihat
2329 1812 2400 1877 sibi.

1430 1896 1551 1974 Altera,
1576 1896 1662 1980 quod
1684 1917 1790 1978 opera,
1814 1918 1880 1961 non
1902 1899 2075 1962 aestimata
2096 1919 2209 1962 eorum
2231 1896 2400 1982 dignitate,

1424 1989 1563 2064 paterna
1591 1980 1795 2064 benignitate
1822 1991 1918 2065 atque
1945 1983 2150 2066 indulgentia
2177 1984 2242 2048 huc
2269 1984 2402 2048 honoris

1425 2067 1544 2131 attollit
1569 2077 1607 2131 ut
1635 2067 1771 2133 alicuius
1798 2069 1895 2150 pretii
1921 2069 2049 2134 habeat.
2095 2070 2221 2148 Tarda,
2250 2069 2336 2150 quod
2362 2091 2402 2134 ea

1425 2154 1498 2236 ipsa
1515 2173 1590 2216 eum
1609 2154 1706 2217 venia
1723 2154 1867 2236 suscipit,
1885 2175 1953 2218 non
1971 2155 2132 2237 imputata
2148 2156 2400 2238 imperfectione,

1426 2259 1490 2321 qua
1511 2239 1621 2302 omnia
1642 2241 1826 2321 inquinata,
1855 2234 1996 2322 peodatis
2025 2241 2130 2325 magis
2152 2261 2250 2322 quam
2271 2242 2401 2305 virtuti-

1424 2325 1487 2389 bus
1510 2323 1709 2389 accensenda
1731 2325 1850 2407 alioqui
1871 2327 1985 2390 forent.
2030 2327 2140 2408 Atque
2167 2327 2244 2390 hine
2267 2334 2403 2409 apparet

1426 2420 1626 2492 quantopere
1655 2410 1758 2475 delusi
1781 2411 1853 2474 'sint
1881 2412 2061 2493 sophistae,
2090 2413 2145 2494 qui
2171 2411 2256 2476 belle
2283 2433 2318 2476 se
2346 2414 2403 2478 ab·

1426 2494 1526 2560 surda
1546 2496 1656 2559 omnia
1677 2497 1820 2561 evasisse
1841 2503 2001 2578 putarunt
2022 2519 2126 2579 quum
2148 2498 2307 2577 dicerent,
2337 2520 2403 2563 non

1425 2581 1602 2645 intrinseca
1623 2603 1683 2646 sua
1702 2583 1846 2646 bonitate
1867 2583 1979 2648 valere
2000 2604 2099 2665 opera
2121 2583 2162 2647 ad
2186 2583 2324 2648 salutem
2347 2583 2403 2649 de-

1426 2665 1632 2745 merendam,
1662 2667 1720 2732 sed
1742 2689 1783 2732 ex
1805 2669 1892 2750 pacti
1913 2668 2038 2733 ratione
2045 2692 2054 2748 ;
2083 2670 2159 2751 quia
2179 2670 2343 2734 Dominus
2362 2670 2403 2734 li-

1425 2752 1595 2817 beralitate
1623 2775 1683 2817 sua
1710 2754 1797 2817 11111
1824 2754 2016 2819 aestimavit
2067 2755 2171 2837 Atqui
2198 2777 2264 2820 non
2292 2756 2403 2820 obser-

1426 2838 1549 2903 vabant
1569 2839 1711 2917 interim,
1735 2860 1817 2921 quae
1838 2840 2007 2905 meritoris
2028 2861 2126 2922 opera
2147 2861 2218 2905 esse
2239 2840 2401 2920 volebant,

1426 2932 1587 3006 quantum
1613 2923 1765 2989 abessent
1791 2925 2084 3008 apromissionum
2112 2926 2309 3006 conditione,
2337 2927 2402 2992 nisi

1427 3016 1459 3098 et
1479 3010 1665 3075 iustificatio
1696 3010 1765 3075 sola
1786 3011 1851 3075 fide
1873 3010 2028 3089 subnixa,
2057 3018 2091 3075 et
2116 3020 2323 3094 peccatorum
2348 3034 2401 3076 re-

1424 3096 1544 3173 missio,
1567 3116 1626 3179 per
1647 3116 1747 3178 quam
1768 3116 1788 3159 a
1808 3097 1946 3161 maculis
1967 3098 2053 3161 bona
2075 3118 2202 3180 quoque
2223 3117 2321 3179 opera
2342 3099 2399 3163 ab·

1425 3182 1526 3265 stergi
1543 3202 1679 3246 necesse
1702 3182 1840 3261 habent,
1869 3181 2085 3264 praecederet.
2130 3183 2244 3265 Itaque
2272 3203 2313 3245 ex
2340 3184 2400 3246 tri-

1424 3266 1485 3331 bus
1507 3265 1637 3331 <livinae
1655 3265 1862 3332 liberalitatis
1879 3269 1994 3346 causis,
2018 3268 2134 3351 quibus
2155 3270 2194 3333 fit
2214 3275 2253 3332 ut
2270 3275 2402 3351 accepta

1424 3352 1492 3416 sint
1508 3351 1654 3417 fidelium
1672 3373 1778 3435 opera,
1802 3375 1902 3418 unam
1921 3361 2053 3417 tantum
2071 3353 2286 3434 annotabant3
2310 3354 2400 3435 duas,

1424 3445 1458 3501 et
1477 3459 1532 3503 eas
1554 3438 1686 3520 quidem
1706 3439 1907 3521 praecipuas,
1931 3440 2187 3522 supprimebant.

1509 3530 1538 3586 4.
1590 3522 1705 3588 Citant
1735 3525 1828 3589 Petri
1861 3526 2057 3589 sententiam
2090 3546 2188 3608 quam
2222 3526 2331 3591 Lucas
2364 3528 2401 3589 in

1422 3609 1517 3674 Actis
1536 3608 1601 3692 (10,
1623 3614 1671 3673 34.
1693 3608 1749 3693 35)
1771 3611 1901 3675 recitat:
1925 3611 1961 3675 in
1977 3611 2117 3675 veritate
2136 3613 2298 3694 comperio
2316 3611 2402 3694 quod

1423 3715 1489 3760 non
1522 3695 1565 3760 sit
1596 3715 1812 3778 personarum
1844 3703 1994 3779 acceptor
2022 3697 2130 3772 Deus;
2165 3698 2222 3762 sed
2250 3698 2285 3761 in
2313 3701 2402 3762 omni

1423 3787 1536 3864 gente,
1565 3781 1620 3864 qui
1641 3781 1720 3846 facit
1740 3781 1914 3859 iustitiam,
1942 3790 2093 3864 acceptus
2121 3791 2171 3846 est
2191 3782 2247 3847 illi.
2292 3785 2401 3867 Atque

1424 3866 1515 3943 hinc,
1543 3864 1629 3948 quod
1651 3867 1786 3931 minime
1808 3866 1946 3932 dubium
1967 3889 2038 3932 esse
2059 3867 2203 3943 videtur,
2232 3870 2401 3953 colligunt,

1424 3953 1451 4017 si
1473 3952 1570 4016 rectis
1593 3950 1709 4017 studiis
1731 3952 1882 4018 conciliat
1905 3954 1965 4018 sibi
1987 3953 2085 4019 homo
2107 3956 2234 4033 Deum,
2261 3977 2328 4020 non
2349 3977 2401 4020 so-

1423 4038 1487 4102 lius
1507 4059 1577 4102 esse
1599 4039 1662 4102 Dei
1684 4039 1879 4103 beneficium
1908 4039 1994 4122 quod
2016 4040 2155 4105 salutem
2177 4042 2400 4123 consequitur3

1423 4125 1488 4187 imo
1516 4125 1562 4188 sic
1589 4145 1649 4206 pro
1677 4146 1738 4190 sua
1764 4125 1988 4190 misericordia
2010 4126 2119 4189 Deum
2141 4127 2302 4208 peccatori
2327 4149 2401 4192 suc-

1423 4230 1563 4288 currere,
1584 4220 1621 4273 11
1639 4212 1791 4292 operibus
1808 4211 1850 4274 11
1867 4210 2125 4277 misericordiam
2144 4213 2302 4275 flectatur.
2331 4211 2400 4274 Ve-

1423 4316 1498 4359 rum
1523 4296 1703 4379 scripturas
1737 4296 1830 4362 nullo
1857 4296 1953 4362 modo
1982 4296 2156 4361 conciliare
2183 4296 2300 4377 possis,
2334 4296 2400 4359 nisi

1424 4379 1588 4465 duplicem
1615 4382 1757 4448 hominis
1784 4381 1871 4466 apud
1898 4384 2009 4447 Deum
2042 4381 2262 4463 acceptionem
2289 4379 2400 4445 obser-

1423 4487 1490 4531 ves.
1537 4465 1653 4547 Qualis
1675 4470 1764 4533 enim
1786 4478 1904 4534 natura
1925 4475 1975 4532 est
1996 4468 2102 4544 homo,
2124 4466 2206 4529 nihil
2228 4468 2265 4529 in
2288 4487 2325 4529 eo
2346 4489 2400 4531 re-

1424 4554 1510 4636 perit
1520 4553 1622 4631 Deus,
1645 4574 1709 4634 quo
1732 4553 1773 4617 ad
1790 4552 2045 4618 misericordiam
2062 4551 2246 4630 inclinetur,
2269 4559 2400 4634 praeter

1423 4639 1555 4703 unicam
1582 4640 1758 4704 miseriam.
1802 4636 1938 4701 Nudum
1966 4658 2043 4719 ergo
2072 4644 2105 4700 et
2132 4657 2272 4718 egenum
2294 4640 2399 4704 omnis

1422 4724 1508 4802 boni,
1532 4726 1619 4788 omni
1643 4733 1756 4788 111111
1772 4723 1935 4786 malorum
1953 4743 2072 4806 genere
2090 4723 2246 4787 refertum
2267 4733 2300 4788 et
2322 4746 2399 4789 one-

1422 4819 1531 4875 ratum
1553 4809 1720 4874 hominem
1741 4809 1769 4872 si
1791 4816 1918 4872 constat
1939 4828 2019 4885 esse,
2042 4808 2097 4872 ubi
2117 4809 2262 4891 primum
2285 4831 2304 4873 a
2326 4810 2399 4874 Deo

1422 4895 1613 4978 suscipitur:
1642 4915 1740 4975 quam
1768 4894 1808 4957 ob
1836 4890 1960 4973 dotem,
1983 4914 2116 4976 quaeso,
2146 4893 2284 4978 dignum
2305 4896 2399 4960 illum

1421 4980 1552 5046 coelesti
1583 4980 1751 5044 vocatione
1785 4978 1950 5043 dicemus?
1994 4979 2153 5046 Facessat
2186 5002 2263 5064 ergo
2290 4981 2398 5046 inanis

1420 5066 1612 5129 meritorum
1621 5064 1821 5146 imaginatio,
1833 5065 1889 5129 ubi
1900 5066 2080 5149 gratuitam
2091 5068 2296 5133 clementiam
2306 5069 2399 5132 Deus

1421 5158 1490 5215 tam
1500 5149 1669 5214 evidenter
1681 5151 1896 5228 commendat.
1919 5151 2006 5217 Nam
2019 5154 2104 5234 quod
2115 5154 2236 5219 ibidem
2247 5151 2399 5218 Cornelio

1422 5235 1531 5319 angeli
1554 5256 1633 5300 voce
1661 5235 1795 5316 dicitur,
1824 5238 1987 5303 orationes
2016 5239 2085 5303 eius
2115 5248 2148 5303 et
2175 5238 2398 5322 eleemosynas

1421 5321 1607 5387 ascendisse
1628 5323 1664 5386 in
1685 5322 1749 5387 Dei
1770 5334 1995 5406 conspectum,
2025 5326 2165 5407 pessime
2187 5323 2399 5406 detorquetur

393 5409 515 5491 gelicae
548 5408 804 5487 substituuntur,
836 5432 919 5493 quae
951 5412 1129 5495 gratuitam
1161 5412 1369 5493 peccatorum
1422 5408 1463 5475 ab
1496 5408 1552 5487 iis,
1585 5409 1776 5493 praeparari
1809 5410 1978 5474 hominem
2010 5407 2052 5472 ad
2082 5409 2301 5491 recipiendam
2333 5409 2400 5475 Dei

393 5495 617 5581 remissionem
640 5490 848 5576 denuntiant,
876 5519 942 5562 non
964 5497 1110 5562 efficiunt
1131 5495 1226 5561 modo
1248 5505 1285 5561 ut
1305 5497 1368 5580 ipsi
1421 5494 1562 5579 gratiam
1593 5495 1754 5560 bonorum
1781 5515 1916 5577 operum
1941 5493 2056 5558 studio.
2101 5493 2173 5557 Iam
2206 5496 2296 5560 enim
2331 5496 2398 5579 spi·

393 5577 466 5642 Deo
488 5579 612 5662 accepti
633 5579 750 5658 simus,
778 5581 835 5645 sed
863 5591 899 5647 ut
928 5583 1079 5666 operibus
1099 5604 1227 5667 quoque
1248 5583 1368 5649 nostris
1422 5583 1488 5647 ritu
1510 5581 1689 5666 sapientiae
1718 5580 1939 5645 illuminatum
1964 5580 2063 5645 tuisse
2086 5577 2275 5644 Cornelium
2303 5603 2398 5664 opor·

393 5663 436 5728 sit
457 5686 518 5730 sua
539 5665 655 5749 gratia.
701 5665 816 5751 Neque
838 5666 899 5734 hoe
920 5676 1064 5748 tantum,
1088 5676 1127 5733 ut
1146 5688 1185 5734 ea
1204 5668 1368 5736 Dominus
1421 5669 1500 5769 tuit,
1523 5669 1578 5751 qui
1600 5688 1679 5731 vera
1700 5667 1876 5748 sapientia,
1899 5666 2015 5729 111111
2037 5664 2161 5729 seilicet
2181 5666 2246 5730 Dei
2267 5665 2398 5749 praedi·
