5600 6809
392 759 476 823 1079
1041 747 1308 816 INSTITUTIO
1330 747 1435 814 Rau.
1459 746 1639 814 effluam
1665 745 1757 813 1559.
2319 749 2404 811 1080
2508 759 2511 764 ’

1761 936 1798 999 “.
1846 957 1888 999 61
1905 954 1948 998 66
1982 955 2018 998 61
2094 935 2100 948 “
2131 934 2168 998 16
2186 933 2291 998 ubant

452 994 516 1060 DE
538 992 730 1071 ULTIMA’
753 992 813 1058 UT
835 990 1039 1069 VOOANT’
1061 987 1307 1057 UNOTIONE·
1353 1013 1357 1020 ’
1421 934 1888 1105 ΐ111111οη6111111161111111111011111
1918 957 1972 1101 011
2001 940 2188 1086 1011111616ᾶὲ
2228 955 2405 1086 susdillallroit

483 1118 531 1178 18.
577 1113 727 1178 Tertium
764 1112 918 1177 fictitium
957 1117 1199 1176 sacramentum
1227 1115 1277 1173 est
1313 1130 1370 1172 ex·
1422 1108 1570 1173 Paulus?
1615 1107 1684 1173 Gur
1714 1128 1782 1173 non
1814 1108 1919 1172 lutum
1947 1128 1988 1170 ex
2016 1114 2112 1188 sputo
2135 1106 2326 1188 et'pulvere
2348 1127 2403 1170 sa-

392 1207 500 1266 trema
522 1200 645 1265 unctio:
676 1220 758 1282 quae
780 1219 848 1261 non
869 1197 935 1261 nisi
956 1218 976 1259 6
998 1194 1165 1261 sacerdote
1194 1196 1369 1277 perficitur,
1423 1201 1628 1259 crementum
1649 1193 1719 1258 est?
1764 1191 1832 1258 Sed
1854 1192 1919 1257 alia
1940 1192 2120 1275 singularia
2153 1192 2301 1274 exempla
2328 1192 2404 1256 fue-

393 1287 489 1369 idque
511 1287 547 1349 in
569 1286 724 1350 extremis
736 1285 797 1362 (sic
813 1282 1006 1366 loquuntur)
1029 1287 1063 1345 et
1080 1281 1149 1345 oleo
1165 1281 1206 1345 ab
1222 1281 1371 1363 episcopo
1422 1287 1513 1360 runt,
1534 1279 1597 1344 hoo
1619 1288 1730 1343 autem
1747 1280 1788 1344 ab
1809 1279 1927 1344 Iacobo
1948 1279 2154 1360 praecipitur.
2190 1277 2315 1360 Nempe
2337 1298 2402 1360 pro

392 1379 594 1450 consecrato,
623 1379 721 1453 atque
748 1370 810 1434 hae
837 1369 1012 1435 verborum
1043 1368 1161 1431 forma:
1191 1387 1250 1448 per
1273 1367 1370 1429 istam
1423 1387 1461 1431 6ο
1478 1372 1625 1448 tempore
1641 1365 1835 1447 loquebatur
1844 1362 1989 1442 lacobus,
2007 1385 2071 1447 quo
2088 1364 2195 1429 adhuc
2212 1363 2403 1428 huiusmodi

392 1464 541 1524 sanctam
573 1458 773 1533 unctionem,
802 1461 835 1520 et
862 1454 1044 1537 piissimam
1069 1473 1162 1538 suam
1188 1452 1371 1516 misericor·
1423 1451 1489 1515 Dei
1510 1448 1732 1516 benedictione
1753 1451 1922 1516 fruebatur
1938 1450 2082 1515 ecclesia.
2125 1450 2306 1514 Affirmant
2326 1450 2402 1531 qui-

393 1543 491 1623 diam,
501 1543 673 1626 indulgeat
689 1543 748 1607 tibi
757 1543 849 1605 Deus
862 1538 1021 1622 quidquid
1029 1539 1169 1621 peccasti
1179 1559 1238 1621 per
1254 1538 1372 1614 visum,
1425 1538 1500 1603 dem
1528 1536 1665 1601 eandem
1692 1537 1871 1601 etiamnum
1899 1537 1968 1600 vim
1996 1556 2075 1610 61166
2102 1535 2248 1600 unctioni
2274 1535 2399 1600 inesse:

393 1652 453 1713 per
475 1628 633 1705 auditum,
657 1627 840 1704 odoratum,
862 1632 995 1704 tactum,
1019 1632 1159 1708 gustum.
1189 1624 1273 1688 Eius
1290 1622 1372 1687 duas
1426 1623 1483 1688 sed
1503 1623 1598 1687 aliter
1620 1624 1816 1706 experimur.
1859 1622 1964 1686 Nemo
1986 1623 2053 1686 iam
2074 1622 2212 1686 miretur
2237 1620 2402 1703 quomodo

394 1736 466 1780 esse
494 1716 633 1781 virtutes
656 1715 801 1796 fingunt,
831 1718 1039 1793 peccatorum
1067 1709 1309 1781 remissionem,
1338 1715 1374 1772 et
1427 1710 1567 1787 animas,
1589 1729 1670 1791 quas
1697 1707 1796 1774 verbo
1823 1709 1904 1786 Dei,
1935 1707 1996 1772 boc
2018 1713 2069 1773 est
2093 1707 2164 1773 vita
2185 1713 2218 1770 et
2239 1707 2311 1772 luce
2341 1728 2403 1771 sua

398 1800 574 1883 corporalis
591 1797 695 1863 morbi
712 1798 871 1876 levamen,
890 1797 917 1861 61
935 1798 982 1860 ita
999 1795 1166 1879 expediat;
1185 1794 1236 1858 sin
1253 1795 1371 1872 minus,
1426 1795 1597 1877 spoliatas,
1631 1793 1778 1877 stupidas
1811 1815 1882 1859 esse
1914 1801 1947 1858 et
1968 1813 2081 1859 caecae
2115 1793 2272 1871 sciebant,
2307 1800 2403 1856 tanta

399 1887 528 1949 animae
549 1885 695 1948 salutem.
736 1884 841 1947 Aiunt
865 1891 975 1946 autem
997 1881 1235 1946 institutionem
1258 1881 1298 1945 ab
1319 1879 1374 1944 Ia·
1427 1880 1624 1945 confidentia
1654 1879 1814 1945 ludificati
1840 1880 1923 1957 sint,
1946 1900 2048 1961 quum
2074 1879 2159 1943 nihil
2185 1900 2239 1942 666
2267 1878 2400 1961 pudeat,

398 1970 477 2035 eobo
497 1971 637 2052 positam
668 1990 754 2048 esse,
777 1969 871 2034 cuius
899 1967 999 2033 verba
1020 1974 1097 2032 sunt
1116 1965 1167 2050 (5,
1189 1963 1258 2050 14);
1281 1967 1373 2029 infir·
1426 1987 1463 2032 co
1505 1968 1571 2030 oris
1599 1986 1730 2044 sensus,
1762 1967 1854 2032 vivos
1881 1984 1918 2029 66
1945 1965 2136 2042 sentientes,
2164 1964 2249 2030 velle
2275 1964 2400 2029 fallere.

397 2063 508 2120 matur
529 2056 600 2138 quis
619 2054 802 2121 intervos?
824 2053 960 2117 inducat
981 2053 1187 2136 presbyteros
1209 2051 1372 2130 ecclesiae,
1425 1989 1595 2117 1111066166
1622 2072 1700 2135 ergo
1728 2073 1763 2116 se
1790 2051 1929 2126 faciunt,
1959 2048 2039 2115 dum
2060 2050 2167 2133 gratia
2193 2051 2403 2115 curationum

398 2148 432 2207 et
452 2153 547 2206 orent
568 2162 666 2222 super
688 2161 779 2219 eum,
807 2147 970 2221 ungentes
995 2160 1071 2203 eum
1092 2136 1161 2201 oleo
1182 2138 1219 2200 in
1241 2137 1373 2201 nomine
1426 2137 1590 2221 praeditos
1623 2159 1693 2202 6666
1721 2138 1852 2202 iactent
1903 2134 2009 2200 Adest
2035 2158 2114 2201 sane
2142 2136 2210 2200 suis
2234 2135 2403 2200 Dominus

397 2225 534 2291 Domini
540 2251 549 2307 ;
570 2225 711 2308 fideique
732 2227 911 2291 obsecratio
938 2225 1067 2289 salvum
1087 2221 1203 2287 reddet
1223 2222 1373 2287 16116166-
1426 2222 1576 2288 omnibus
1609 2223 1762 2303 saeculis,
1796 2230 1831 2285 et
1862 2243 1974 2286 eorum
2014 2221 2242 2305 languoribus,
2275 2222 2403 2304 quoties

398 2320 476 2391 tem,
499 2333 536 2378 ac
558 2312 662 2394 eriget
683 2332 759 2375 eum
780 2311 943 2374 Dominus
949 2334 958 2389 ;
981 2317 1014 2374 et
1036 2310 1064 2373 si
1085 2309 1282 2391 inpeccatis
1303 2308 1373 2372 fue-
1427 2330 1508 2390 opus
1530 2317 1588 2387 est,
1611 2308 1776 2386 medetur,
1799 2329 1866 2372 non
1887 2308 1996 2372 minus
2022 2329 2122 2391 66616
2143 2307 2221 2371 611111
2232 2331 2240 2386 ;
2263 2308 2402 2371 manife-

397 2400 452 2477 rit,
474 2398 685 2463 remittentur
706 2386 744 2461 ei.
788 2395 948 2483 Eiusdem
980 2395 1115 2460 rationis
1137 2402 1187 2460 est
1207 2393 1272 2459 ista
1293 2414 1374 2459 unc-
1427 2404 1494 2460 stas
1515 2400 1619 2460 tenca
1645 2395 1719 2458 illas
1748 2394 1886 2460 virtutes
1915 2394 2051 2458 nonita
2072 2392 2202 2471 exserit,
2224 2414 2278 2458 nec
2299 2392 2402 2457 mira·

398 2484 565 2563 ticonius
587 2504 657 2547 esse
677 2503 836 2546 manuum
856 2481 1098 2563 impositionem
1118 2501 1218 2563 supra
1239 2479 1374 2544 demon·
1427 2480 1502 2546 cula
1520 2501 1580 2563 per
1601 2479 1821 2563 apostolorum
1841 2500 1959 2544 manus
1982 2479 2157 2561 dispensat,
2180 2481 2259 2559 quic
2280 2483 2402 2542 611661-
2458 2498 2464 2515 ’

399 2570 590 2634 stravimus:
619 2589 736 2649 nempe
764 2566 957 2643 histrionice
985 2566 1182 2650 hypocrisis,
1207 2586 1271 2648 qua
1292 2567 1374 2630 citra
1421 2567 1532 2649 percle
1551 2565 1716 2649 [60111611
1736 2567 1911 2643 1166161661
1930 2564 2038 2646 aliquo
2065 2565 2158 2629 etiem
2179 2585 2218 2628 ee
2233 2569 2329 2645 perte
2350 2564 2403 2628 hc-

398 2655 574 2731 rationem,
603 2659 636 2716 et
655 2654 726 2716 sine
747 2653 870 2730 fructu,
900 2652 1062 2734 apostolos
1093 2652 1215 2715 referre
1247 2651 1372 2717 volunt.
1425 2654 1547 2716 minum
1568 2652 1793 2734 ingratitudine
1812 2651 1917 2714 atatim
1938 2651 2102 2716 1616161110.
2191 2704 2196 2711 ,

397 2740 514 2805 Refert
535 2738 668 2802 Marcus
690 2737 735 2821 (6,
758 2737 824 2819 13),
848 2737 1009 2820 apostolos
1029 2738 1064 2800 in
1085 2737 1193 2819 prima
1214 2757 1275 2801 sua
1293 2737 1373 2800 mis·
1512 2741 1562 2802 20.
1606 2738 1732 2820 Itaque,
1750 2744 1870 2802 utnon
1892 2736 1950 2801 abs
1971 2758 2008 2801 re
2029 2735 2166 2819 apostoli
2187 2736 2326 2821 gratiam
2343 2757 2402 2800 cu·
2485 2800 2487 2804 .

399 2826 505 2902 sione,
528 2824 621 2887 iuxta
641 2823 835 2887 mandatum
856 2820 944 2904 quod
965 2844 984 2886 a
1005 2821 1149 2886 Domino
1171 2829 1372 2904 acceperant,
1426 2823 1589 2887 rationum
1617 2822 1679 2887 sibi
1707 2821 1953 2901 demandatam,
1994 2822 2057 2887 olei
2090 2821 2251 2906 symbolo,
2286 2822 2403 2903 palam

384 2916 542 2986 ¹mortuos
565 2909 746 2986 suscitasse,
770 2907 941 2973 daemonia
958 2908 1099 2986 eiecisse,
1116 2907 1260 2990 leprosos
1277 2930 1374 2971 mun-
1426 2909 1528 2972 testati
1547 2913 1621 2973 eant
1641 2930 1708 2973 666
1727 2930 1831 2987 66616,
1855 2907 1911 2973 6611
1929 2908 2064 2989 spiritus
2086 2908 2190 2972 sancti
2208 2928 2276 2972 6666
2293 2907 2402 2970 virtu-

398 2994 844 3079 116666160161666666666,
867 2995 1093 3060 incuratione
1121 3001 1232 3058 autem
1260 3014 1374 3077 aegro-
1427 2999 1502 3072 tem,
1524 2995 1571 3058 ita
1588 3015 1720 3059 rursum
1742 2994 1872 3076 spiritui
1893 3001 2004 3059 sancto
2026 3001 2104 3058 sunt
2124 2993 2244 3070 iniurii,
2262 2992 2319 3074 qui
2334 3014 2402 3074 pu·

397 3102 472 3146 rum
493 3080 601 3144 oleum
622 3079 817 3145 adhibuisse.
854 3081 1042 3163 Urgebant,
1059 3080 1177 3162 inquit,
1200 3079 1270 3143 oleo
1288 3079 1374 3143 mul·
1426 3079 1531 3143 tidum
1553 3086 1587 3144 et
1607 3080 1730 3144 nullius
1751 3079 1904 3163 energiae
1929 3079 2038 3144 eleum
2056 3079 2182 3144 faciunt
2203 3079 2271 3143 61116
2289 3078 2401 3142 virtu-

396 3163 449 3231 to‘s
470 3167 626 3243 infirmos,
650 3173 683 3229 et
705 3166 916 3230 sanabantur.
960 3165 1037 3230 Huc
1058 3165 1204 3248 respexit
1224 3164 1372 3242 Iacobus,
1426 3171 1501 3230 tem.
1535 3165 1678 3230 Perinde
1695 3165 1729 3229 id
1746 3173 1804 3242 est,
1828 3186 1865 3230 ac
1883 3166 2000 3246 siquis
2022 3164 2152 3244 diceret,
2174 3185 2269 3228 omne
2290 3163 2402 3228 oleum

397 3272 502 3335 quum
523 3252 620 3316 iussit
641 3253 763 3316 accersi
784 3249 989 3350 presbyteros
1011 3251 1052 3315 ad
1070 3251 1260 3334 ungendum
1281 3251 1374 3314 infir-
1425 3251 1583 3318 virtutem
1611 3272 1683 3316 esse
1716 3252 1850 3334 spiritus
1878 3252 1999 3329 sancti,
2028 3249 2113 3333 quod
2142 3272 2180 3314 6ο
2203 3249 2336 3314 6616166
2362 3249 2402 3313 16

397 3358 499 3401 16661.
545 3337 678 3401 Talibus
705 3337 920 3402 eaeremomis
951 3337 1082 3402 nullum
1110 3337 1210 3401 altius
1240 3337 1373 3402 subesse
1426 3338 1588 3419 scriptura
1609 3345 1832 3420 nuncupetur3
1854 3357 1986 3400 omnem
2007 3336 2190 3402 columbam
2212 3357 2282 3401 esse
2304 3335 2402 3417 spiri-

396 3423 591 3506 mysterium
613 3422 707 3488 facile
729 3420 919 3488 iudicabunt
939 3424 995 3505 qui
1016 3422 1229 3500 observarint,
1251 3430 1374 3504 quanta
1425 3431 1496 3487 tum
1525 3431 1688 3503 sanctum,
1716 3421 1802 3506 quod
1829 3443 1868 3488 66
1889 3424 1995 3504 666616
2026 3422 2222 3504 apparuerit.
2273 3421 2402 3493 Verum

396 3508 549 3574 libertate
571 3515 605 3572 et
625 3509 790 3573 Dominus
808 3516 841 3573 et
862 3509 931 3573 eius
953 3508 1089 3591 apostoli
1108 3508 1232 3572 versati
1254 3507 1373 3572 sintin
1426 3508 1466 3574 de
1487 3509 1527 3573 iis
1545 3508 1695 3575 viderint
1741 3506 1839 3588 Quod
1870 3509 1964 3574 nobis
1990 3509 2027 3572 in
2053 3508 2239 3591 praesentia
2271 3505 2401 3571 abunde

396 3592 494 3659 rebus
515 3594 587 3658 istis
608 3594 763 3658 externis.
807 3592 972 3658 Dominus
992 3614 1086 3659 caeco
1113 3592 1301 3658 redditurus
1322 3594 1372 3658 vi-
1425 3602 1484 3673 est,
1507 3603 1594 3660 certo
1618 3594 1738 3659 certius
1755 3594 1978 3677 perspicimus
2000 3614 2114 3658 eorum
2135 3594 2326 3659 unctmnem
2347 3613 2400 3656 sa-

397 3701 471 3745 sum
500 3700 542 3744 ex
574 3679 710 3762 pulvere
743 3685 776 3743 et
802 3686 897 3762 sputo
929 3680 1036 3744 lutum
1069 3678 1258 3761 composuit,
1292 3679 1372 3744 alios
1424 3688 1629 3746 crementum
1659 3701 1727 3744 non
1753 3700 1839 3744 esse:
1868 3699 1950 3763 quae
1976 3700 2038 3757 666
2070 3681 2274 3745 caeremonia
2302 3686 2352 3743 est
2380 3700 2401 3743 a

396 3771 487 3829 tactu
504 3765 642 3844 sanavit,
666 3764 870 3833 aliosverbe.
899 3765 953 3829 Ad
970 3766 1059 3831 hunc
1078 3764 1214 3830 modum
1236 3764 1374 3848 apostoli
1423 3765 1496 3830 Deo
1517 3766 1684 3844 instituta,
1707 3785 1768 3830 nec
1790 3765 1891 3831 ullam
1918 3765 2166 3848 promissionem
2192 3764 2299 3829 habet.
2344 3762 2399 3830 Si·

398 3849 1037 3929 606666106666161610661166166111,
1054 3851 1372 3916 aliosunctioneou·
1424 3850 1570 3934 quidem,
1593 3872 1697 3933 quum
1715 3850 1779 3915 duo
1800 3851 1864 3916 ista
1884 3851 1919 3915 in
1942 3861 2144 3917 sacramento
2166 3850 2339 3933 exigimus,
2361 3853 2401 3914 iit

398 3941 523 3999 rerunt.
553 3935 600 3999 At
611 3935 787 4000 verisimile
799 3943 849 4001 est
858 3937 1048 4002 unctionem
1058 3938 1156 4002 istam
1172 3958 1239 4000 non
1249 3944 1372 4002 temere
1423 3937 1630 4003 caeremonia
1655 3937 1700 4002 sit
1719 3958 1740 4001 a
1760 3937 1833 4002 Deo
1862 3937 2030 4017 instituta,
2059 3946 2098 4002 ut
2118 3937 2182 4001 Dei
2209 3936 2399 4018 promissio-

399 4020 453 4104 (ut
465 4041 526 4085 nec
536 4022 645 4084 omnia
656 4021 734 4105 6116)
751 4022 851 4086 fuisse
863 4031 1062 4105 usurpatam.
1091 4023 1226 4101 Fateor3
1243 4029 1371 4087 nonta-
1423 4044 1501 4087 nem
1528 4022 1660 4102 habeat,
1689 4022 1789 4088 simul
1820 4022 2023 4105 postulamus
2047 4032 2084 4087 ut
2110 4022 2316 4089 caeremonia
2341 4021 2400 4086 illa

397 4126 476 4170 men
487 4112 526 4169 ut
536 4116 622 4170 esset
640 4107 817 4172 curationis
832 4129 1006 4192 organum,
1024 4108 1082 4174 sed
1091 4106 1275 4193 symbolum
1287 4107 1371 4172 dun-
1422 4107 1517 4173 nobis
1544 4107 1665 4174 tradita
1687 4109 1739 4188 sit,
1758 4115 1791 4173 et
1811 4109 1982 4192 promissio
2001 4109 2042 4174 ad
2064 4131 2124 4174 nos
2145 4114 2278 4190 spectet
2322 4107 2399 4172 Non

397 4197 505 4270 taxat,
528 4213 592 4274 quo
610 4191 836 4275 imperitorum
862 4194 989 4259 ruditas
1025 4193 1256 4260 admoneretur
1282 4193 1371 4258 unde
1423 4196 1513 4260 enim
1541 4195 1822 4262 circumcisionem
1843 4195 1910 4258 iam
1932 4203 2174 4259 sacramentum
2201 4192 2397 4258 christianae

397 4283 490 4342 tanta
503 4278 609 4344 virtus
619 4277 781 4361 prodiret:
800 4300 843 4344 ne
860 4280 981 4345 scilicet
992 4281 1061 4345 eius
1072 4279 1202 4344 laudem
1216 4280 1371 4363 apostolis
1423 4281 1577 4346 ecclesiae
1603 4282 1775 4364 quisquam
1803 4302 1874 4345 esse
1902 4281 2085 4360 contendit,
2118 4280 2250 4345 tametsi
2277 4284 2309 4342 et
2329 4277 2398 4341 Dei

396 4364 587 4428 tribuerent.
622 4362 704 4429 0166
723 4372 833 4429 autem
851 4367 1028 4449 significari
1046 4367 1200 4450 spiritum
1220 4369 1388 4431 sanctum
1422 4367 1613 4432 institutum
1634 4375 1707 4431 erat
1726 4372 1760 4431 et
1780 4366 2028 4457 promissionem
2050 4386 2214 4430 annexam
2234 4362 2394 4428 habebat:

396 4449 531 4532 eiusque
553 4449 647 4526 dona,
667 4450 804 4534 vulgare
821 4473 858 4517 ao
875 4451 992 4517 tritum
1008 4460 1066 4516 est.
1103 4451 1277 4517 Caeterum
1294 4473 1371 4516 eva·
1422 4454 1498 4536 6616
1526 4474 1586 4518 666
1609 4452 1703 4518 661116
1728 4451 1884 4516 mandata
1909 4452 1985 4531 fuit,
2012 4474 2072 4518 666
2103 4450 2288 4534 promissio,
2310 4468 2397 4530 quae

397 4535 470 4598 nuit
492 4536 598 4617 gratia
626 4535 683 4599 illa
711 4535 1232 4620 curationum,·quemadmodum
1258 4545 1291 4602 et
1317 4558 1370 4602 re-
1421 4538 1472 4602 illi
1498 4538 1652 4604 adiuncta
1680 4539 1800 4617 suerat,
1828 4536 1922 4602 nobis
1949 4537 2063 4602 eadem
2095 4537 2278 4602 conditione
2309 4533 2396 4598 data

396 4618 485 4702 liqua
506 4621 663 4685 miracula
684 4643 766 4704 quae
789 4622 830 4687 ad
850 4631 981 4706 tempus
1003 4623 1056 4687 edi
1077 4623 1181 4688 voluit
1197 4624 1369 4701 Dominus,
1421 4624 1678 4690 Promissionem
1707 4645 1805 4706 66616
1832 4624 1868 4688 16
1890 4624 2044 4688 unctione
2075 4615 2227 4688 ferocit'er
2263 4621 2396 4699 iactant,

398 4726 461 4788 quo
492 4727 614 4773 novam
640 4708 804 4790 evangelii
834 4708 1110 4792 praedicationem
1135 4709 1173 4771 in
1200 4716 1370 4773 aeternum
1423 4709 1515 4775 nobis
1536 4731 1604 4775 non
1625 4731 1696 4774 esse
1717 4709 1829 4774 datam
1851 4708 2018 4774 evidenter
2039 4707 2345 4784 demonstravimus,
2364 4713 2399 4769 et

397 4790 621 4855 admirabilem
657 4792 816 4857 redderet.
864 4795 913 4860 Ut
938 4795 1041 4878 igitur
1073 4795 1217 4858 maxime
1246 4794 1368 4873 demus,
1422 4796 1485 4878 ipsi
1518 4795 1722 4879 experientia
1760 4793 1964 4860 declarant.
1992 4793 2208 4859 anremonia
2244 4792 2398 4874 usurpari

396 4877 583 4941 unctionem
603 4888 845 4943 sacramentum
862 4882 962 4946 fuisse
979 4902 1092 4946 earum
1108 4879 1270 4946 virtutum
1287 4901 1370 4963 6666
1422 4903 1487 4946 666
1509 4881 1630 4959 debuit,
1653 4880 1716 4944 nisi
1733 4879 1775 4943 ab
1791 4880 1832 4943 iis
1853 4880 1908 4961 qui
1935 4881 2140 4945 curationum
2173 4880 2281 4964 gratia
2301 4898 2397 4961 prae-

397 4966 469 5024 tum
491 4982 550 5044 per
566 4965 925 5047 manus'apostolorum
946 4963 1267 5042 administrabantur,
1285 4967 1370 5029 nihil
1423 4966 1484 5030 diti
1504 4969 1647 5045 fuerant;
1668 4985 1734 5028 non
1752 4963 1792 5029 ab
1813 4965 1884 5030 istis
1906 4967 2121 5045 carnificibus,
2144 4967 2200 5048 qui
2217 4965 2291 5048 plus
2307 4984 2397 5029 mac-

396 5046 544 5110 6666611
561 5069 620 5112 nos
637 5051 788 5132 pertinet,
811 5051 927 5135 quibus
949 5054 1108 5118 virtutum
1130 5050 1369 5116 administratio
1422 5053 1521 5118 tando
1540 5073 1578 5117 ac
1598 5050 1792 5116 trucidando
1813 5051 1934 5131 valent,
1952 5074 2051 5135 quam
2068 5050 2222 5118 sanando.

397 5133 570 5198 commissa
587 5154 654 5198 non
676 5142 733 5200 cst.
1065 5186 1067 5196 .
1508 5143 1558 5202 21.
1604 5136 1803 5220 Quanquam
1824 5138 1952 5202 etiamsi
1975 5137 2181 5217 obtinuerint,
2200 5137 2277 5201 huic
2295 5137 2396 5202 aetati

485 5223 533 5282 19.
577 5220 624 5284 Et
654 5243 719 5303 qua
750 5224 866 5287 maiori
900 5224 1026 5288 ratione
1059 5232 1298 5289 sacramentum
1327 5244 1369 5287 ex
1421 5225 1594 5291 convenire
1621 5224 1707 5307 quod
1738 5224 1777 5289 de
1800 5224 1953 5289 unctione
1980 5224 2021 5289 ab
2050 5225 2168 5289 Iacobo
2195 5223 2396 5305 praecipitur

396 5303 458 5369 hac
478 5306 633 5370 11660666
654 5307 790 5387 faciunt,
813 5329 910 5389 quam
933 5331 975 5373 ex
997 5309 1070 5374 aliis
1090 5310 1259 5391 quibusvis
1281 5331 1369 5395 sym·
1422 5310 1458 5395 (a
1481 5332 1546 5393 quo
1579 5310 1767 5394 longissime
1796 5309 1944 5394 absunt),
1973 5331 2015 5374 ne
2043 5311 2088 5375 sio
2120 5309 2252 5393 quidem
2285 5307 2394 5373 adhuc

395 5387 488 5467 bolis,
507 5412 590 5471 6666
608 5391 701 5456 nobis
717 5394 752 5456 16
770 5393 932 5474 scriptura
949 5394 1266 5459 commemorantur?
1301 5395 1370 5460 Gur
1421 5398 1562 5462 multum
1594 5395 1818 5480 promoverint
1843 5395 1879 5458 in
1906 5395 2117 5478 approbanda
2142 5417 2203 5461 sua
2229 5392 2393 5472 unctione,

396 5476 626 5574 nonaliquam
647 5478 845 5543 natatoriam
869 5476 984 5544 Siloah
1012 5480 1192 5558 destinant,
1215 5481 1370 5563 inquam
1421 5504 1486 5566 qua
1506 5483 1666 5549 hactenus
1687 5501 1747 5545 nos
1767 5479 1950 5545 illeverunt
1994 5479 2133 5547 Iacobus
2159 5501 2272 5545 omnes
2299 5479 2394 5543 1601-

396 5567 493 5625 certrs
510 5570 697 5644 temporum
713 5564 838 5629 vicibus
860 5586 895 5628 se
916 5565 1114 5650 immergant
1138 5565 1225 5631 male
1247 5566 1369 5632 haben·
1421 5589 1492 5634 mos
1513 5570 1587 5635 vult
1608 5568 1739 5650 inungi:
1760 5565 1816 5631 isti
1837 5587 1901 5630 non
1918 5567 2084 5646 infirmos,
2104 5564 2162 5633 sed
2182 5567 2395 5631 semimortua

396 5645 465 5710 tes?
506 5646 657 5726 Frustra,
678 5649 838 5731 inquiunt,
860 5648 895 5713 id
917 5651 1019 5716 fieret.
1061 5651 1158 5717 (lerte
1174 5672 1242 5732 non
1263 5654 1370 5738 magis
1421 5654 1581 5738 cadavera
1607 5672 1667 5719 sua
1691 5649 1889 5735 pinguedine
1922 5651 2088 5733 inficiunt3
2122 5674 2223 5736 quum
2257 5651 2394 5717 iamiam
