5600 6809
375 771 414 831 57
778 767 868 833 LIB.
890 769 917 833 Ι.
961 768 1025 833 ΒΕ
1045 765 1334 833 COGNI'PIONE
1356 767 1441 832 DEI
1462 765 1735 834 OREATORIS.
1780 770 1879 836 CAP.
1902 771 1980 836 VII.
2343 763 2384 838 58

373 956 492 1038 quibus
521 977 555 1021 se
584 964 619 1020 61
646 956 726 1021 61166
749 954 1005 1022 absurditatibus
1034 957 1225 1038 illaqueent,
1258 955 1355 1020 medo
1407 954 1549 1038 potuisse
1583 955 1698 1021 adduci
1731 969 1769 1021 ut
1800 957 2009 1042 evangelium
2044 961 2295 1042 amplecteretur
2326 984 2385 1045 pro

374 1043 435 1108 hoc
464 1063 568 1105 unum
597 1049 812 1124 extorqueant
844 1043 932 1124 apud
969 1042 1166 1124 simplices,
1185 1042 1355 1108 ecelesiam
1407 1049 1497 1106 certa
1514 1042 1577 1105 Dei
1599 1043 1745 1121 veritate,
1764 1064 1862 1126 quam
1881 1044 2034 1108 eeclesiae
2056 1047 2384 1113 autoritatevictum.

374 1128 458 1193 nihil
479 1149 547 1191 666
568 1149 671 1210 posse.
706 1129 810 1210 Atqui
829 1129 857 1193 61
878 1128 926 1192 116
948 1139 1012 1205 661,
1031 1128 1107 1210 quid
1126 1129 1254 1194 miseris
1278 1149 1354 1193 con·
1407 1126 1709 1209 11116111611616,
1745 1129 1771 1192 si
1799 1130 1887 1211 quis,
1917 1130 2063 1195 nondum
2085 1130 2219 1197 Christo
2244 1134 2385 1216 cognito,
2424 1171 2428 1177 =

374 1215 520 1280 scientiis
532 1215 598 1292 161,
618 1213 755 1278 solidam
768 1214 854 1279 vitae
871 1222 1021 1278 66161666
1033 1214 1241 1279 securitatem
1255 1235 1354 1296 quae-
1408 1212 1579 1276 hominum
1607 1222 1792 1295 respectum
1821 1214 1961 1280 habeat?
2006 1218 2081 1281 Non
2103 1239 2182 1302 ergo
2204 1219 2270 1284 illic
2293 1218 2387 1285 docet

374 1299 532 1376 rentibus,
557 1300 585 1363 si
607 1320 820 1383 quaeeunque
842 1307 974 1363 exstant
995 1298 1035 1363 de
1057 1320 1096 1364 66
1113 1299 1353 1381 promissiones,
1407 1298 1616 1381 Augustinus
1643 1298 1813 1363 fundatam
1839 1323 1909 1366 6666
1938 1303 2068 1383 piorum
2097 1303 2195 1367 iidem
2225 1305 2260 1368 in
2283 1306 2385 1381 ecele-

375 1386 443 1451 sole
462 1386 631 1450 hominum
653 1385 773 1450 iudicio
791 1385 891 1449 fultae
914 1385 1124 1464 consistant?
1150 1387 1204 1458 An
1223 1392 1354 1467 accepto
1407 1384 1475 1448 siae
1497 1385 1680 1463 autoritate,
1704 1407 1763 1449 nec
1781 1387 1943 1470 evangelii
1961 1387 2191 1452 certitudinem
2211 1389 2286 1454 inde
2304 1413 2384 1473 pen-

375 1472 434 1536 tali
456 1492 611 1553 responso
633 1471 786 1536 fluctuari
809 1477 841 1534 et
863 1470 1026 1554 trepidare
1049 1470 1219 1535 desinent?
1264 1472 1353 1535 Rur·
1407 1468 1484 1535 dere
1506 1468 1676 1552 intelligit;
1699 1493 1814 1535 verum
1835 1473 2027 1555 simpliciter
2049 1474 2174 1538 nullam
2197 1476 2385 1541 16166166-

376 1579 459 1635 sum,
483 1557 600 1639 quibus
617 1557 792 1639 impiorum
812 1557 925 1630 sannis
944 1557 1115 1622 subiicitur
1132 1556 1213 1620 fides
1231 1571 1352 1634 nostra,
1407 1555 1483 1638 gelii
1503 1553 1733 1620 certitudinem
1756 1557 1952 1637 infidelibus,
1975 1568 2013 1623 ut
2033 1559 2110 1625 inde
2132 1559 2265 1624 Christo
2288 1562 2384 1625 lucri-

376 1651 532 1725 quantam
564 1641 650 1724 apud
682 1663 795 1706 omnes
823 1643 859 1705 in
893 1643 1111 1724 suspicionem
1141 1651 1291 1720 vocatur,
1326 1642 1354 1706 si
1408 1643 1504 1718 fiant,
1534 1641 1598 1703 nisi
1621 1641 1774 1706 ecclesiae
1797 1665 1973 1709 consensus
1995 1668 2049 1710 eos
2073 1645 2229 1728 impellat
2275 1648 2384 1729 Atque

376 1729 541 1806 credatur,
571 1728 743 1792 hominum
771 1727 941 1806 beneficio,
970 1748 1035 1792 non
1064 1749 1215 1793 6666666
1241 1748 1353 1810 preca-
1407 1726 1442 1790 id
1464 1726 1563 1808 paulo
1585 1728 1701 1811 66161)
1723 1749 1790 1791 666
1813 1728 1947 1795 obscure
1970 1733 2157 1808 confirmat,
2180 1732 2227 1795 ita
2249 1732 2384 1814 loquen-

376 1815 460 1879 riam
480 1813 600 1878 habore
623 1812 853 1878 autoritatem?

463 1903 491 1964 2.
525 1897 593 1964 Sed
611 1898 770 1963 eiusmodi
789 1899 926 1978 robetae,
946 1900 998 1964 161
1016 1921 1083 1963 666
1101 1900 1236 1982 apostoli
1255 1897 1354 1964 verbo

379 1987 477 2069 (Eph.
499 1989 527 2063 2,
551 1986 608 2069 20)
631 1984 768 2068 pulchre
790 1985 994 2049 refelluntur.
1030 1986 1212 2050 Ecclesiam
1230 1985 1286 2049 ille
1304 1993 1353 2048 te-

377 2079 482 2136 616161
501 2071 736 2154 prophetarum
759 2078 791 2134 61
809 2070 1030 2152 apostolorum
1050 2071 1261 2135 fundamento
1280 2093 1352 2135 sus-

375 2159 480 2222 tineri.
537 2156 575 2222 si
609 2155 860 2220 fundamentum
894 2166 944 2221 est
976 2157 1130 2221 eeclesiae
1163 2157 1354 2238 prophetica

375 2252 408 2308 61
430 2243 605 2326 apostoliea
627 2241 783 2318 doctrina,
807 2262 899 2306 suam
923 2243 1001 2306 11616
1023 2242 1253 2307 certitudinem
1274 2251 1352 2306 ante

258 2386 267 2405 ,
374 2340 522 2394 66661616
545 2327 681 2411 oportet,
704 2348 802 2410 quam
824 2328 881 2391 illa
903 2336 1033 2393 exstare
1054 2328 1199 2409 incipiat
1238 2328 1352 2409 Neque

374 2423 424 2480 est
445 2414 532 2496 quod
549 2414 752 2489 cavillentur,
776 2415 904 2478 etiamsi
922 2414 999 2479 inde
1017 2414 1161 2497 primum
1180 2413 1352 2477 exordium

374 2500 472 2565 ducat
494 2500 638 2574 eeclesia,
661 2520 795 2563 manere
817 2508 930 2563 tamen
952 2499 1088 2564 dubium
1112 2521 1194 2582 quae
1211 2499 1352 2581 prophe·

372 2586 415 2650 tis
445 2595 476 2649 et
506 2584 659 2667 apostolis
688 2586 756 2649 sint
783 2583 1008 2664 adscribenda,
1037 2585 1101 2650 nisi
1123 2585 1278 2649 iudicium
1302 2585 1352 2667 ip-

372 2673 441 2737 sius
464 2669 654 2735 intercedat.
697 2670 784 2734 Nam
805 2671 833 2734 si
855 2671 1034 2736 christiana
1054 2671 1190 2736 ecelesia
1211 2669 1352 2753 prophe·

358 2765 483 2820 tarum
511 2757 640 2838 scriptis
670 2763 707 2820 ct
728 2755 950 2837 apestolorum
983 2756 1224 2838 praedicatione
1257 2756 1352 2820 initio

373 2841 512 2907 fundata
538 2843 613 2918 1111,
644 2840 827 2924 ubicunque
850 2842 1032 2925 reperietur
1054 2864 1092 2906 66
1114 2841 1276 2918 doctrina,
1300 2861 1353 2905 ee·

373 2928 506 2995 61661661
534 2936 621 2993 certe
648 2929 825 3009 praecessit
854 2926 925 2991 eius
951 2927 1154 3009 approbatio;
1189 2928 1259 2991 sine
1287 2948 1351 3010 qua

372 3034 541 3096 nunquam
564 3013 700 3079 ecelesia
720 3014 792 3095 ipsa
818 3013 1006 3077 exstitisset.
1051 3013 1278 3077 Vanissimum
1301 3021 1351 3076 est

372 3101 473 3183 igitur
494 3110 723 3176 commentum,
747 3099 927 3179 scripturae
944 3097 1135 3162 iudicandae
1154 3106 1349 3180 potestatem

372 3206 442 3250 6666
463 3206 563 3268 penes
586 3184 765 3262 eeclesiam,
789 3192 827 3246 ut
848 3183 890 3247 ab
913 3184 1012 3248 huius
1033 3191 1117 3248 nutu
1144 3184 1233 3247 illius
1255 3185 1350 3248 certi·

373 3269 451 3336 tudo
471 3270 613 3353 pendere
635 3269 847 3352 intelligatur.
879 3268 991 3351 Quare
1014 3268 1092 3359 dura
1114 3269 1205 3333 illam
1216 3268 1348 3352 recipit,

373 3377 411 3421 ac
433 3358 589 3440 suffragio
611 3378 669 3421 suo
687 3354 851 3438 obsignat,
875 3375 943 3419 666
965 3377 1006 3420 ex
1029 3354 1129 3419 dubia
1151 3363 1208 3419 aut
1231 3354 1351 3436 alioqui

375 3449 564 3507 ceretreeerse
592 3441 817 3507 authenticam
843 3440 967 3521 reddit;
995 3440 1053 3506 sed
1079 3441 1156 3523 quia
1177 3441 1351 3505 veritatem

373 3549 446 3593 6666
462 3529 607 3613 agnoscit
624 3527 689 3592 Dei
707 3528 766 3605 sui,
790 3548 849 3610 pro
866 3528 999 3610 pietatis
1017 3527 1131 3604 officie,
1150 3525 1236 3589 nihil
1253 3546 1351 3591 cunc·

372 3613 472 3679 tando
492 3622 677 3680 veneratur.
707 3610 803 3691 Quod
825 3621 936 3678 autem
957 3620 1084 3697 rogant,
1107 3611 1350 3693 6616161616-

375 3700 528 3765 debimur
549 3721 569 3764 a
589 3701 662 3764 Deo
683 3699 834 3778 fluxisse,
854 3699 920 3764 nisi
943 3698 984 3763 ad
1007 3698 1160 3763 eeclesiae
1183 3697 1351 3763 decretum

375 3784 622 3870 confugiamus?
655 3783 791 3868 perinde
824 3795 875 3850 661
904 3805 941 3850 66
974 3786 1002 3848 61
1024 3785 1096 3867 quis
1123 3791 1229 3866 roget,
1263 3783 1350 3848 unde

373 3872 534 3936 discemus
561 3871 668 3935 lucem
690 3870 874 3935 discernere
895 3892 915 3934 a
936 3871 1093 3948 tenebris,
1123 3870 1234 3934 album
1257 3889 1276 3932 a
1298 3869 1349 3933 ni-

372 3978 448 4042 gre,
470 3978 568 4023 611616
591 3956 632 4020 ab
656 3957 788 4021 amaro?
832 3956 908 4021 Non
935 3958 1024 4022 enim
1050 3956 1271 4021 obscuriorem
1293 3976 1349 4020 ve-

370 4044 481 4109 ritatis
509 4065 586 4108 suae
620 4064 753 4108 sensum
783 4043 870 4107 ultro
903 4044 1066 4125 scriptura
1097 4063 1176 4124 prae
1208 4063 1242 4105 se
1275 4042 1348 4119 1611,

369 4151 468 4213 quam
488 4129 605 4194 eoloris
633 4129 685 4193 sui
706 4149 760 4192 res
781 4129 873 4193 albae
895 4150 932 4227 qo
954 4130 1082 4211 nigrae;
1110 4128 1249 4211 saporis,
1274 4147 1349 4190 666-

368 4237 428 4281 ves
449 4224 483 4280 et
504 4235 643 4279 amarae.
1153 4218 1158 4229 ’

457 4305 485 4366 3.
532 4299 608 4367 Scio
641 4299 791 4382 equidem
819 4298 919 4382 vulgo
951 4299 1046 4362 citari
1067 4297 1245 4381 Augustini
1274 4318 1348 4361 sen·

316 4431 321 4439 ·
369 4389 516 4465 tentiam,
538 4386 596 4450 ubi
618 4408 653 4462 se
675 4386 844 4469 evangelio
864 4383 1066 4449 crediturum
1088 4391 1187 4466 negat
1209 4383 1275 4447 nisi
1296 4404 1348 4446 eo-

369 4474 487 4538 clesiae
509 4474 618 4554 ipsum
644 4478 792 4536 moveret
814 4471 980 4535 autentas.
996 4469 1020 4553 ¹)
1065 4467 1133 4534 Sed
1154 4488 1251 4550 quarn
1273 4489 1348 4551 per-

368 4580 482 4642 peram
500 4567 534 4623 61
550 4552 750 4622 calumniose
768 4558 886 4621 citetur
903 4557 938 4620 in
956 4577 1031 4619 eum
1050 4575 1192 4633 sensum,
1211 4575 1252 4617 ex
1270 4573 1347 4618 eon·

369 4653 464 4710 textu
496 4645 591 4710 166116
623 4651 674 4708 est
700 4642 952 4726 deprehendere.
1004 4641 1181 4725 Negotium
1207 4639 1256 4702 illi
1278 4646 1349 4703 erat

370 4752 445 4796 cum
467 4729 686 4808 Manichaeis,
710 4729 766 4810 qui
789 4729 909 4811 absque
931 4727 1155 4792 controversia
1175 4725 1264 4791 credi
1287 4723 1347 4788 sibi

367 4817 537 4893 velebant,
567 4836 670 4899 quum
691 4815 865 4879 veritatem
893 4835 928 4878 66
956 4814 1076 4878 habero
1103 4812 1346 4896 pollicerentur,

367 4923 437 4967 non
469 4901 686 4967 ostenderent
742 4898 831 4980 Quia
862 4921 957 4977 1616,
990 4907 1027 4963 61
1058 4897 1255 4965 Manichaeo
1289 4917 1347 4960 suo

368 4986 468 5052 fidem
501 4993 702 5066 astruerent,
741 4986 961 5051 obtendebant
992 4984 1212 5068 evangelium,
1252 4990 1348 5065 rogat

369 5073 528 5157 quidnam
554 5073 672 5138 facturi
705 5073 773 5136 sint
801 5072 830 5135 si
857 5073 892 5135 in
922 5071 1089 5135 hominem
1117 5069 1265 5134 16611661
1291 5069 1347 5150 qui

368 5181 412 5224 ne
439 5160 609 5245 evangelio
637 5158 770 5241 quidem
797 5157 930 5223 credat?
965 5178 1030 5239 quo
1059 5177 1179 5240 genere
1211 5176 1346 5237 persua

368 5246 473 5310 sionis
494 5267 570 5310 eum
592 5244 716 5311 sintin
738 5264 832 5306 suam
850 5244 1047 5322 sententiam
1065 5240 1258 5306 adducturi?
1281 5241 1346 5305 Po-

368 5341 442 5397 stoa
463 5330 606 5396 subiicit:
631 5351 691 5414 ego
713 5349 791 5392 rere
813 5349 877 5391 non
900 5329 1066 5392 crederem
1088 5325 1265 5410 cvangelio,
1286 5334 1344 5389 616.

1408 1810 1462 1875 do:
1485 1833 1587 1893 quum
1609 1833 1669 1894 ego
1690 1813 1866 1878 laudavero
1889 1816 1974 1897 quod
1996 1817 2100 1895 credo,
2124 1827 2158 1881 61
2175 1816 2261 1899 quod
2278 1817 2384 1882 credis

1407 1898 1555 1976 irrisero,
1579 1897 1658 1979 quid
1681 1907 1777 1980 putas
1799 1901 1892 1965 nobis
1915 1923 1985 1967 esse
2008 1902 2233 1982 iudicandum,
2264 1903 2383 1985 quidve

1406 1982 1601 2061 faciendum,
1626 1985 1689 2046 nisi
1710 1993 1748 2048 ut
1767 2007 1821 2049 666
1843 1987 2066 2069 relinquamus
2087 1989 2143 2070 qui
2165 2011 2224 2052 nos
2242 1990 2384 2054 invitant

1407 2077 1496 2134 certa
1517 2089 1719 2151 cognoscere,
1742 2080 1775 2134 et
1796 2080 1909 2153 postea
1930 2075 2094 2156 imperant
2113 2083 2150 2138 ut
2171 2076 2297 2140 incerta
2314 2098 2384 2140 ere·

1407 2155 1536 2233 damus;
1560 2167 1593 2216 61
1615 2176 1669 2219 666
1692 2177 1867 2238 sequamur
1888 2159 1944 2240 qui
1965 2181 2026 2223 nos
2042 2160 2186 2223 invitant
2203 2162 2294 2243 prius
2314 2181 2383 2225 ore·
2506 2182 2514 2196 ³

1407 2239 1483 2305 dere
1516 2238 1602 2322 qued
1635 2241 1783 2305 nondum
1815 2244 1964 2309 valemus
1991 2246 2128 2323 intueri,
2158 2253 2196 2309 ut
2222 2248 2293 2327 ipsa
2320 2247 2385 2312 fide

1406 2326 1603 2390 valentiores
1625 2327 1716 2404 16611,
1747 2328 1834 2409 quod
1863 2329 2026 2394 credimus
2053 2331 2237 2414 intelligere
2259 2354 2385 2397 merea-

1406 2434 1498 2488 mur,
1522 2432 1588 2475 non
1610 2413 1676 2475 iam
1699 2413 1900 2492 hominibus,
1924 2416 1982 2480 661
2003 2417 2074 2497 ipso
2097 2418 2168 2481 Deo
2190 2419 2385 2482 intrinsecus

1405 2503 1551 2560 mentem
1573 2506 1721 2562 66611661
1743 2502 1896 2565 firmante
1919 2509 2014 2584 atque
2037 2501 2267 2567 illuminante?
2291 2504 2386 2568 Haec

1405 2591 1492 2647 certe
1521 2590 1597 2646 sunt
1619 2585 1798 2667 Augustini
1821 2588 1937 2664 verba,
1966 2609 2007 2652 ex
2030 2587 2149 2670 quibus
2171 2589 2385 2654 6611166611-

1406 2689 1482 2751 gere
1512 2680 1699 2751 promptum
1734 2680 1798 2748 est,
1829 2695 1894 2737 666
1925 2672 2009 2738 hano
2042 2681 2154 2737 saneto
2181 2674 2253 2739 1116
2285 2675 2386 2740 titisse

1404 2760 1559 2831 mentem,
1582 2765 1619 2818 ut
1636 2755 1744 2833 fidem,
1766 2778 1866 2838 quam
1883 2759 2053 2840 scripturis
2071 2758 2240 2835 habemus,
2264 2783 2284 2824 6
2300 2770 2385 2825 6616

1406 2840 1581 2904 arbitriove
1604 2840 1759 2905 eeclesiae
1786 2840 2014 2926 suspenderet3
2044 2844 2101 2909 sed
2122 2854 2252 2910 1661616
2274 2856 2313 2909 61
2332 2847 2385 2909 in·

1406 2925 1530 2989 dicaret
1557 2925 1641 3006 quod
1671 2948 1730 2991 nos
1759 2947 1888 3010 queque
1916 2950 2031 2993 1611161
2059 2929 2217 3010 16166161,
2251 2932 2385 3015 eosqui

1404 3010 1551 3075 nondum
1573 3011 1691 3092 spiritu
1713 3013 1777 3076 Dei
1800 3020 1879 3078 sunt
1899 3013 2091 3093 illuminati,
2115 3016 2269 3095 ecelesiae
2290 3039 2384 3083 reve-

1406 3097 1511 3160 rentia
1538 3094 1580 3159 61
1608 3096 1809 3162 docilitatem
1837 3098 1961 3178 induci,
1995 3110 2035 3164 ut
2062 3098 2188 3166 Christi
2214 3101 2314 3167 fidem
2342 3124 2385 3169 ex

1405 3182 1575 3265 evangelie
1602 3181 1726 3247 discere
1760 3185 1958 3265 sustineant3
1995 3193 2092 3268 atque
2119 3187 2166 3250 ita
2193 3188 2256 3252 hoc
2287 3188 2385 3254 mode
2454 3262 2458 3274 ‚

1405 3267 1559 3333 eeclesiae
1588 3269 1798 3334 autoritatem
1835 3270 1842 3284 '
1905 3293 1988 3354 egen
2017 3292 2088 3337 esse
2117 3292 2182 3353 qua
2209 3269 2251 3336 ad
2284 3268 2400 3338 11661Ι
2432 3347 2435 3353 ,

1405 3353 1568 3437 evangelii
1595 3375 1837 3437 praeparamur.
1914 3379 1985 3437 661,
2007 3356 2231 3438 6111166166,
2254 3358 2395 3441 pierum'
2452 3393 2464 3411 ι

1405 3437 1635 3505 certitudinem
1664 3440 1763 3525 longe
1792 3443 1856 3506 elio
1882 3443 2095 3509 fimdamento
2122 3443 2196 3508 11111
2222 3444 2383 3509 66666111-

1404 3526 1530 3589 fultam.
1575 3526 1708 3608 Alioqui
1734 3550 1800 3592 666
1829 3548 1914 3614 nege
1943 3529 2024 3612 quin
2053 3549 2149 3611 saepe
2171 3529 2383 3596 Manichaeos

1404 3611 1559 3676 ecclcsiae
1587 3612 1761 3677 universae
1788 3635 1948 3679 consensu
1974 3623 2107 3698 urgeat,
2137 3614 2215 3679 dum
2243 3617 2381 3698 scriptu·

1403 3717 1490 3774 ram,
1514 3718 1614 3779 quam
1635 3698 1686 3760 illi
1707 3699 1939 3782 repudiabant,
1963 3699 2036 3764 vult
2056 3701 2245 3782 approbare.
2284 3701 2382 3767 Unde

1402 3783 1460 3846 illa
1481 3782 1637 3848 adversus
1655 3783 1819 3848 Faustum
1838 3785 2058 3867 exprobratio:
2074 3787 2103 3870 ²)
2125 3786 2211 3869 quod
2229 3808 2263 3851 66
2281 3797 2395 3853 evan·

1403 3868 1525 3952 gelicae
1546 3869 1680 3933 veritati
1703 3891 1769 3933 non
1791 3870 1918 3948 subdat,
1942 3879 2011 3934 tam
2032 3871 2203 3948 fundatae,
2226 3881 2294 3936 1661
2316 3880 2382 3936 616-
2488 3928 2492 3936 .

1402 3954 1523 4033 bilitae,
1546 3961 1640 4018 tanta
1658 3955 1763 4037 gloria
1785 3955 1981 4035 diffamatae,
2005 3964 2039 4021 et
2061 3964 2237 4040 atempere
2253 3970 2381 4042 apesto-
2416 3989 2422 4007 ι

1401 4039 1510 4103 161661
1537 4061 1596 4122 per
1624 4047 1729 4104 certas
1762 4042 1981 4106 successiones
2009 4043 2263 4109 commendatae.
2314 4042 2383 4110 Sed

1402 4144 1566 4207 nusquam
1589 4146 1627 4189 eo
1646 4133 1778 4207 spectat,
1801 4135 1839 4191 ut
1856 4127 1999 4211 pendere
2018 4128 2141 4208 doceat,
2162 4151 2261 4211 quam
2280 4132 2381 4213 scrip-

1401 4211 1485 4274 turis
1507 4212 1716 4292 autoritatem
1735 4212 1920 4292 deferimus,
1944 4214 1985 4279 ab
2003 4215 2175 4279 hominum
2194 4216 2380 4280 definitione

1402 4303 1459 4359 aut
1481 4296 1625 4361 decreto:
1649 4306 1788 4376 tantum,
1813 4298 1900 4381 quod
1921 4300 1958 4363 in
1976 4322 2074 4365 causa
2095 4301 2272 4383 plurimmn
2291 4300 2379 4363 1616-

1401 4381 1471 4460 bat,
1505 4383 1691 4447 universale
1723 4384 1878 4449 ecclesiae
1905 4385 2063 4451 iudicium
2092 4388 2228 4467 prefert,
2257 4386 2293 4447 in
2315 4405 2378 4465 quo

1402 4468 1600 4532 adversariis
1622 4477 1694 4533 erat
1715 4473 1873 4553 superior.
1919 4469 1956 4535 Si
1979 4473 2051 4554 quis
2078 4472 2257 4553 pleniorem
2280 4469 2378 4533 huius

1401 4554 1670 4636 approbationem
1692 4553 1862 4634 desiderat,
1884 4555 2032 4620 libellum
2054 4557 2123 4619 cius
2146 4555 2233 4636 legat
2255 4554 2295 4618 de
2317 4555 2380 4618 uti·

1400 4639 1494 4703 litate
1516 4639 1684 4721 eredendi;
1706 4642 1762 4706 ubi
1781 4643 1929 4725 reperiet,
1952 4663 2019 4705 non
2039 4641 2137 4705 aliam
2155 4638 2310 4704 credendi
2331 4641 2378 4704 fa·

1401 4724 1558 4789 cilitatem
1587 4726 1628 4790 ab
1655 4727 1726 4809 ipse
1748 4725 1966 4792 commendari
1998 4726 2062 4790 nisi
2082 4745 2165 4805 quae
2193 4724 2287 4791 nobis
2310 4726 2379 4791 adi·

1401 4819 1473 4875 tum
1495 4811 1591 4875 modo
1618 4813 1787 4894 praebeat,
1816 4814 1922 4895 sitque
1942 4818 2163 4894 opportunum
2192 4811 2379 4893 inquirendi

1401 4895 1582 4975 exordium,
1607 4905 1646 4960 ut
1666 4897 1738 4981 ipse
1758 4898 1918 4981 loquitur3
1947 4917 2014 4959 666
2034 4902 2146 4959 161666
2169 4896 2204 4960 16
2226 4899 2377 4980 opinione

1401 4982 1672 5130 aquieseendum
1694 5005 1773 5063 6666,
1801 4983 1858 5048 sed
1879 4988 1967 5046 certa
1989 4989 2022 5044 et
2044 4981 2146 5046 solida
2165 4985 2305 5049 veritate
2328 4985 2378 5048 ni-

1400 5075 1456 5131 ten
1478 5089 1543 5132 616.

1486 5159 1515 5216 4.
1563 5154 1741 5218 Tenendum
1761 5153 1841 5233 quod
1861 5153 2054 5233 6611611161,
2077 5175 2138 5217 666
2155 5160 2225 5218 cate
2241 5156 2377 5220 stabiliri

1399 5240 1554 5303 doctrinae
1583 5240 1692 5320 fidem,
1725 5258 1820 5319 quem
1847 5237 1934 5301 nebia
1960 5239 2086 5303 16161116
2107 5260 2298 5322 pancorum
2324 5240 2374 5318 at,

1399 5330 1536 5388 66161616
1564 5326 1632 5388 eires
1659 5344 1724 5386 csse
1751 5323 1864 5386 Deum.
1916 5324 2027 5406 Itaque
2056 5347 2179 5389 666666
2203 5327 2376 5404 6611116166

368 5417 561 5501 6116116666
582 5438 626 5497 se,
649 5434 750 5499 quum
772 5411 1231 5490 6116666666616116,666
1253 5411 1348 5476 aliter
1393 5411 1537 5491 probatae
1567 5409 1694 5488 possim
1728 5430 1749 5471 o
1782 5407 1845 5473 Dei
1882 5409 2032 5491 loqueatis
2062 5432 2199 5494 11616666
2231 5411 2374 5474 sumitur.

443 5693 470 5759 1)
491 5693 593 5746 Contra
610 5691 760 5760 Epistolam
778 5685 953 5752 fundamenti,
971 5700 994 5738 c.
1013 5683 1037 5737 b.

1400 5580 1603 5590 ——.--—-

1470 5680 1500 5744 1)
1517 5678 1576 5730 Imo
1590 5685 1654 5746 pest
1668 5682 1863 5738 salmasium.
1878 5681 2029 5738 11111614.
2087 5680 2117 5748 2)
2132 5683 2206 5735 libr.
2216 5680 2250 5734 32
2258 5684 2374 5750 poesim.
