5600 6809
399 781 462 843 eso
695 755 697 758 ’
759 771 851 840 uns.
873 774 935 841 rr.
979 774 1042 840 na
1064 773 1301 842 munaus
1323 773 1490 841 amnne
1512 772 1577 840 sn
1600 773 1830 840 situram
1874 773 1973 840 ear.
1995 773 2040 841 n
2335 779 2400 842 sse

401 973 513 1045 natae;
540 965 575 1029 in
596 966 607 1028 i
631 964 676 1029 sis
699 963 907 1029 concionibus
929 963 1020 1044 quies
1043 983 1080 1028 aa
1102 963 1284 1042 silentium,
1307 962 1378 1029 loca
1429 963 1485 1046 pia
1516 970 1628 1028 tamen
1661 970 1695 1026 et
1726 962 1814 1027 facili
1846 962 1888 1028 ad
1915 960 2161 1045 obsequendum
2188 965 2404 1047 propensione

403 1051 578 1128 destinata,
718 1070 813 1114 orum
845 1055 1036 1125 concentus,
1069 1048 1138 1113 dies
1165 1047 1377 1114 celebrandae
1429 1069 1570 1127 servare,
1592 1070 1658 1113 non
1680 1049 1890 1132 contemptim
1913 1049 2049 1128 habere,
2073 1069 2140 1113 non
2161 1050 2279 1131 supina
2299 1050 2405 1133 negli-

403 1136 539 1202 Domini
557 1156 676 1201 coenae
697 1135 850 1217 praefixi,
874 1132 961 1216 quod
982 1133 1108 1200 Paulus
1129 1142 1220 1199 vetat
1240 1155 1282 1199 ne
1305 1155 1376 1198 mu·
1430 1135 1543 1217 gentia
1571 1135 1751 1217 praeterire
1758 1158 1766 1214 ;
1795 1141 1926 1200 tantum
1948 1133 2040 1198 abest
2070 1141 2108 1198 ut
2158 1154 2195 1198 er
2221 1135 2343 1200 fastum
2371 1140 2405 1200 et

403 1223 556 1296 heresin
578 1219 872 1287 ecclesiadoccant
894 1220 926 1305 (l
948 1219 1023 1285 Oor.
1050 1224 1098 1297 14,
1119 1219 1184 1303 34),
1208 1225 1242 1284 et
1263 1220 1291 1285 si
1313 1239 1378 1302 qua
1430 1221 1667 1285 contumaciam
1684 1220 1807 1286 violare
1826 1228 1936 1304 aperte
1954 1218 2080 1285 debeat.
2121 1155 2245 1300 dualis,
2267 1221 2402 1302 inquies,

404 1315 481 1373 sunt
502 1307 630 1372 similia
670 1307 713 1370 In
734 1306 850 1388 primis
870 1326 949 1371 vero
970 1324 1053 1387 quae
1075 1304 1279 1390 disciplinam
1301 1326 1378 1370 con-
1429 1306 1466 1369 in
1488 1313 1582 1370 tanta
1604 1307 1811 1372 observantia
1838 1314 1871 1369 et
1893 1307 2044 1370 cautione
2065 1306 2283 1371 conscientiae
2306 1306 2403 1370 liber·

405 1401 552 1471 servant,
579 1398 618 1457 ut
646 1392 838 1471 catechesis,
869 1410 1025 1457 censurae
1047 1392 1299 1470 ecclesiasticae,
1321 1412 1378 1456 ex·
1431 1398 1482 1456 tas
1505 1412 1574 1456 esse
1596 1391 1739 1473 poterit?
1783 1392 1855 1455 Imo
1877 1413 1954 1456 vero
1976 1391 2144 1473 praeclare
2165 1390 2327 1456 constabit
2348 1391 2404 1458 ubi

404 1477 669 1556 communicatio,
698 1478 833 1554 ieiunia,
863 1484 1000 1559 atquae
1028 1477 1062 1539 in
1089 1476 1229 1542 eundem
1258 1477 1378 1542 catalo-
1430 1476 1663 1559 reputabimus,
1687 1497 1754 1540 non
1776 1478 1859 1542 fixas
1882 1497 1952 1542 esse
1974 1485 2008 1541 et
2024 1485 2202 1559 perpetuas
2220 1477 2405 1542 sanctiones

405 1586 483 1649 gum
505 1564 620 1629 referri
648 1571 791 1645 possunt.
836 1562 890 1626 Ita
911 1582 1025 1626 omnes
1047 1562 1280 1627 ecclesiasticas
1302 1582 1378 1627 con-
1430 1563 1547 1644 quibus
1569 1563 1692 1627 astricti
1715 1564 1826 1640 simus,
1849 1562 1906 1628 sed
1924 1569 2062 1627 externa
2080 1562 2244 1627 humanae
2266 1563 2404 1628 infirmi·

405 1651 605 1726 stitutiones,
634 1669 714 1731 quas
740 1669 800 1731 pro
829 1649 948 1713 sanctis
976 1653 1010 1711 et
1038 1647 1235 1713 salutaribus
1263 1649 1377 1730 reeipi-
1431 1648 1509 1712 tatis
1549 1647 1736 1714 rudimenta
1743 1673 1751 1728 ;
1792 1648 1908 1731 quibus
1941 1649 2072 1713 tametsi
2110 1669 2178 1711 non
2218 1648 2405 1732 indigemus

403 1756 494 1814 mus,
522 1737 558 1799 in
580 1734 644 1799 duo
670 1735 777 1816 capita
798 1735 919 1798 referre
940 1733 1024 1798 licet.
1069 1733 1204 1814 ¹hlterae
1226 1735 1314 1797 enim
1337 1733 1377 1798 ad
1431 1753 1559 1811 omnes,
1582 1742 1694 1797 tamen
1715 1754 1829 1799 omnes
1851 1735 1991 1811 utimur,
2021 1734 2098 1816 quia
2119 1733 2176 1798 alii
2198 1734 2270 1799 aliis
2293 1734 2334 1799 ad
2355 1735 2405 1798 fo-

405 1822 490 1886 ritus
512 1828 546 1884 et
566 1820 802 1898 caeremonias,
830 1819 952 1883 alterae
975 1818 1016 1883 ad
1039 1817 1244 1902 disciplinam
1266 1827 1300 1883 et
1321 1840 1378 1901 pa·
1432 1817 1572 1883 vendam
1602 1820 1769 1884 internos
1791 1822 1962 1885 caritatem
1989 1827 2104 1883 mutuo
2126 1841 2239 1885 sumus
2261 1819 2403 1884 obnoxii

405 1927 476 1972 cem
497 1907 686 1988 respiciunt.
1431 1904 1504 1970 Hoc
1538 1905 1573 1967 in
1601 1906 1759 1988 exemplis
1788 1905 1939 1988 superius
1967 1905 2081 1987 positis
2104 1925 2337 1989 recognoscere
2363 1905 2404 1969 li-

492 1996 541 2056 30.
587 1988 654 2056 Sed
685 1991 761 2073 quia
793 1989 847 2055 hie
869 1989 1050 2071 periculum
1082 1998 1146 2069 est,
1180 2011 1222 2054 ne
1249 1990 1289 2055 ab
1311 2011 1379 2054 una
1431 1999 1489 2054 cet
1535 1988 1647 2069 Quid?
1677 2013 1720 2055 an
1741 1991 1775 2054 in
1797 1991 1944 2057 mulieris
1967 1991 2100 2055 carbaso
2122 1990 2185 2055 sita
2206 1990 2322 2075 religio
2345 1997 2403 2071 est,

404 2085 497 2175 parte
529 2075 793 2159 pseudoepiscopi
824 2081 1030 2157 praetextum
1065 2074 1142 2140 inde
1174 2082 1306 2158 captent
1337 2075 1379 2141 ad
1431 2083 1469 2139 ut
1500 2075 1588 2140 nudo
1617 2077 1723 2158 eapite
1752 2076 1862 2160 egredi
1891 2077 1935 2141 sit
1962 2076 2076 2141 nefas?
2116 2098 2158 2140 an
2186 2085 2338 2142 sanctum
2365 2074 2405 2141 de

404 2164 522 2245 1mpias
550 2170 680 2227 suaset
706 2162 896 2246 tyrannicas
917 2160 1006 2244 leges
1028 2160 1245 2239 excusandas,
1269 2161 1309 2225 ab
1331 2161 1378 2225 al·
1431 2161 1502 2226 eius
1530 2162 1661 2226 silentio
1694 2160 1877 2240 decretum,
1911 2160 1998 2243 quod
2026 2161 2143 2227 violari
2172 2162 2243 2226 sine
2277 2181 2406 2227 summo

405 2255 477 2313 tera
496 2248 564 2313 sint
585 2246 719 2331 quidam
740 2247 838 2312 nimis
859 2245 1056 2324 meticulosi,
1079 2248 1134 2329 qui
1157 2247 1378 2330 superioribus
1432 2247 1553 2311 scelere
1583 2270 1649 2312 non
1675 2247 1799 2329 possit?
1834 2270 1877 2312 an
1898 2247 2019 2329 aliquid
2046 2248 2081 2311 in
2104 2249 2346 2330 genuflexione,
2368 2247 2405 2310 in

404 2334 501 2398 malis
533 2333 690 2397 admoniti
724 2332 853 2399 nullum
885 2332 1066 2413 quamlibet
1098 2333 1219 2398 sanetis
1251 2333 1378 2417 legibus
1432 2331 1598 2399 humando
1621 2333 1778 2399 cadavere
1800 2333 2004 2419 mysterium,
2027 2332 2113 2415 quod
2133 2333 2307 2416 praeteriri
2335 2333 2406 2397 sine

405 2419 512 2485 locum
539 2419 739 2501 relinquant:
778 2418 831 2482 hic
860 2418 972 2482 testari
1001 2437 1117 2500 operae
1147 2419 1291 2501 pretium
1318 2426 1377 2497 est,
1431 2417 1561 2500 piaculo
1583 2441 1651 2483 non
1681 2418 1805 2501 possit?
1846 2420 1994 2484 Minime.
2032 2419 2121 2483 Nam
2143 2420 2171 2483 si
2193 2418 2251 2482 tali
2272 2419 2405 2484 festina-
2527 2485 2532 2494 ,

406 2502 604 2570 easdemum
617 2505 779 2568 humanas
796 2503 1044 2568 constitutiones
1061 2524 1115 2567 me
1132 2504 1277 2587 probare,
1296 2525 1379 2585 quae
1431 2505 1521 2567 tione
1553 2524 1635 2586 opus
1669 2505 1713 2568 sit
1744 2505 1876 2570 mulieri
1909 2506 1943 2569 iu
1970 2504 2114 2570 iuvando
2147 2505 2296 2586 proximo
2322 2523 2405 2586 quae

407 2597 441 2654 et
451 2591 515 2654 Dei
534 2591 708 2654 autoritate
725 2588 880 2653 fundatae
899 2598 932 2652 et
949 2610 990 2652 ex
1008 2590 1170 2673 scriptura
1189 2588 1379 2672 desumptae
1430 2589 1540 2653 velare
1571 2598 1669 2672 eaput
1702 2612 1769 2655 non
1796 2592 1897 2669 sinat,
1926 2590 2011 2655 nihil
2045 2589 2206 2671 delinquit
2238 2590 2266 2653 si
2294 2595 2407 2671 aperto
2482 2641 2485 2644 .

407 2675 551 2758 adeoque
571 2684 706 2758 prorsus
727 2674 856 2738 divinae
878 2675 953 2737 sint.
984 2675 1184 2757 Exemplum
1201 2676 1245 2740 sit
1265 2676 1301 2738 in
1323 2696 1379 2759 ge·
1431 2675 1536 2757 capite
1565 2686 1723 2739 accurrat.
1774 2678 1820 2741 Et
1847 2687 1898 2743 est
1919 2675 1975 2740 ubi
2003 2676 2092 2759 loqui
2113 2697 2178 2740 non
2207 2675 2317 2739 minus
2350 2695 2407 2758 op-

406 2760 605 2826 niculatione
626 2781 710 2842 quae
735 2760 774 2822 fit
799 2758 879 2824 dum
906 2759 1056 2825 solennes
1083 2759 1247 2826 habentur
1267 2782 1379 2844 preca-
1431 2768 1609 2842 portunum
1626 2760 1674 2823 illi
1695 2761 1747 2840 sit,
1770 2783 1870 2844 quam
1891 2761 1969 2827 alibi
1990 2770 2106 2827 tacere.
2152 2759 2306 2826 Stantem
2327 2780 2408 2842 quo-

406 2847 520 2911 tiones.
560 2844 753 2924 Quaeritur,
776 2846 860 2909 sitne
883 2846 1029 2910 humana
1046 2846 1193 2925 traditio,
1212 2868 1310 2929 quam
1327 2868 1379 2912 re-
1432 2867 1494 2928 que
1522 2866 1615 2910 orare
1637 2847 1694 2928 qui
1715 2849 1828 2913 morbo
1857 2847 2033 2929 impeditus
2060 2868 2197 2912 curvare
2220 2867 2329 2930 genua
2349 2867 2407 2910 ne·

406 2931 542 3014 pudiare
569 2931 623 2996 vel
651 2930 818 3014 negligere
850 2931 954 2996 cuivis
979 2931 1083 2996 liceat.
1128 2932 1212 2998 Dico
1241 2933 1286 2998 sie
1309 2953 1379 2998 esse
1432 2932 1511 3013 quit,
1534 2931 1620 2995 nihil
1630 2939 1728 2997 vetat.
1762 2933 1914 3016 Denique
1936 2934 2039 2997 satius
2057 2939 2107 2996 est
2123 2939 2253 2995 mature
2271 2932 2408 2996 humare
2529 2984 2533 2992 .

406 3017 595 3094 humanam,
629 3025 667 3081 ut
699 3015 797 3080 simul
828 3017 872 3081 sit
893 3015 1012 3082 divina.
1057 3017 1121 3081 Dei
1150 3030 1200 3082 est
1220 3027 1380 3102 quatenus
1431 3023 1614 3096 mortuum,
1638 3038 1735 3100 quam
1756 3019 1812 3083 ubi
1833 3019 1973 3082 linteum
1995 3018 2100 3095 deest,
2122 3015 2177 3081 ubi
2199 3039 2265 3081 non
2288 3017 2409 3082 adsunt

405 3123 483 3184 pars
505 3110 555 3167 est
576 3101 684 3167 decori
711 3101 799 3166 illius
825 3103 917 3166 cuius
945 3123 1023 3167 eura
1050 3110 1084 3167 et
1111 3103 1293 3169 observatio
1320 3125 1380 3168 no·
1453 3103 1488 3166 ui
1509 3101 1682 3183 deducant,
1706 3112 1895 3187 exspectare
1918 3102 1998 3168 dum
2019 3102 2212 3167 inhumatus
2230 3107 2405 3185 putrescat.

405 3189 455 3253 bis
482 3209 542 3271 per
569 3187 751 3270 apostelum
774 3186 1032 3267 commendatam
1060 3188 1231 3253 hominum
1259 3196 1379 3268 autem,
1431 3124 1502 3253 bed
1531 3195 1581 3253 est
1609 3189 1823 3255 nihilominus
1850 3191 1887 3254 in
1913 3190 1985 3254 istis
2014 3188 2111 3253 rebus
2134 3186 2219 3270 quod
2242 3187 2408 3270 agendum

407 3280 569 3355 quatenus
591 3272 774 3355 specialiter
796 3272 947 3357 designat
967 3272 1052 3356 quod
1074 3274 1110 3338 in
1132 3295 1252 3357 genere
1272 3276 1380 3340 firerat
1432 3282 1490 3337 aut
1511 3274 1693 3340 cavendum
1715 3298 1786 3342 mos
1807 3277 1958 3360 reptante,
1986 3275 2152 3352 instituta,
2175 3274 2246 3355 ipsa
2268 3271 2408 3355 denique

407 3357 587 3423 indicatum
620 3358 726 3442 magis
757 3380 855 3441 quam
888 3360 1082 3442 expositum.
1134 3359 1188 3425 Ab
1219 3360 1281 3426 hoo
1313 3381 1379 3425 uno
1432 3360 1622 3426 humanitas
1654 3369 1688 3427 et
1720 3360 1897 3428 modestiae
1925 3361 2039 3446 regula
2067 3360 2181 3438 dictet;
2209 3358 2266 3423 ubi
2296 3358 2324 3422 si
2345 3358 2408 3422 im·

407 3444 557 3527 exemplo
590 3444 762 3508 aestimare
794 3445 871 3510 licet
897 3443 975 3528 quid
1007 3443 1048 3509 de
1075 3452 1143 3510 toto
1169 3445 1233 3511 hoc
1261 3467 1380 3530 genere
1432 3445 1610 3529 prudentia
1631 3455 1675 3512 et'
1688 3448 1851 3515 oblivione
1872 3447 1950 3531 quid
1970 3453 2116 3511 erratum
2143 3444 2255 3523 firerit,
2279 3443 2408 3508 nullum

407 3530 450 3594 sit
472 3529 691 3594 sentiendum:
720 3551 838 3614 nempe
860 3532 936 3613 quia
956 3531 1120 3596 Dominus
1142 3537 1176 3596 et
1198 3539 1302 3597 totam
1323 3553 1380 3598 ve-
1433 3529 1612 3596 admissum
1640 3534 1765 3599 crimen
1797 3542 1860 3614 est;
1889 3534 1941 3599 sin
1969 3539 2174 3614 contemptu,
2194 3528 2409 3612 improbanda

405 3637 462 3679 rae
483 3615 626 3679 iustitiae
648 3636 825 3695 summam,
848 3625 881 3680 et
902 3637 1014 3681 omnes
1032 3617 1144 3681 cultus
1165 3618 1310 3682 numinis
1329 3618 1380 3684 sui
1432 3623 1483 3683 est
1514 3621 1727 3686 contumacia.
1783 3618 1946 3685 Similiter
1977 3619 2046 3683 dies
2079 3617 2142 3699 ipsi
2174 3617 2231 3700 qui
2263 3616 2344 3694 sint,
2365 3621 2408 3679 =et

405 3707 531 3783 partes,
561 3709 593 3765 et
619 3699 776 3783 quidquid
804 3701 845 3769 ad
878 3702 1019 3767 salutem
1051 3704 1270 3768 necessarium
1298 3712 1378 3782 erat,
1433 3704 1542 3783 horae,
1566 3725 1651 3786 quae
1673 3705 1819 3771 locorum
1841 3712 2019 3783 structura,
2048 3703 2105 3787 qui
2126 3722 2190 3785 quo
2213 3701 2265 3766 die
2287 3721 2408 3765 canan·

407 3787 507 3851 sacris
540 3787 607 3851 suis
644 3788 784 3853 oraculis
808 3798 889 3857 ¹tum
927 3787 1068 3853 fideliter
1099 3789 1287 3871 complexus
1320 3796 1378 3870 est,
1432 3798 1488 3854 tur
1508 3789 1636 3872 psalmi,
1659 3791 1742 3855 nihil
1764 3792 1910 3857 interest.
1953 3790 2081 3854 Verum
2101 3795 2135 3853 et
2155 3796 2261 3853 certos
2284 3786 2353 3851 dies
2375 3793 2410 3850 et

405 3879 475 3936 tum
497 3873 666 3955 perspicue
689 3875 869 3954 enarravit,
897 3875 933 3938 in
955 3874 1007 3939 his
1036 3873 1125 3940 solus
1151 3876 1309 3958 magister
1331 3884 1381 3942 est
1434 3881 1536 3940 statas
1567 3896 1638 3940 esse
1678 3877 1776 3942 horas
1809 3878 1976 3955 convenit,
2010 3882 2043 3939 et
2076 3874 2184 3938 locum
2214 3871 2409 3955 recipiendis

406 3956 594 4023 audiendus.
651 3957 738 4038 Quia
770 3967 880 4024 autem
912 3960 948 4023 in
978 3964 1117 4025 extema'
1143 3960 1315 4043 disciplina
1347 3967 1381 4026 et
1434 3961 1583 4025 omnibus
1605 3960 1774 4041 idoneum,
1803 3963 1832 4027 si
1854 3984 1919 4045 qua
1936 3959 2117 4026 servandae
2139 3958 2229 4042 pacis
2246 3959 2330 4023 ratio
2348 3958 2408 4022 ha·

406 4043 618 4108 caeremoniis
644 4065 711 4108 non
732 4045 837 4109 voluit
864 4044 1031 4129 sigillatim
1058 4045 1278 4128 praescribere
1301 4046 1379 4129 quid
1432 4045 1537 4112 betur.
1582 4046 1669 4110 Nam
1697 4055 1895 4131 quantarum
1916 4048 2064 4112 rixarmn
2092 4065 2205 4111 semen
2234 4045 2345 4109 futura
2366 4044 2410 4110 sit

406 4131 498 4211 sequi
530 4128 707 4193 debeamus
740 4128 841 4212 (quod
866 4130 955 4194 istud
982 4129 1167 4213 penderes
1195 4139 1380 4214 temporum
1433 4153 1546 4196 earum
1567 4153 1677 4196 rerum
1701 4134 1861 4211 eonfirsio,
1884 4133 1912 4198 si
1939 4142 2037 4215 prout
2057 4132 2174 4214 cuique
2202 4130 2333 4194 libitum
2355 4129 2407 4207 sit,

407 4214 592 4284 conditione
619 4215 819 4298 provideret,
854 4237 959 4298 neque
985 4215 1144 4280 iudicaret
1176 4238 1278 4281 unam
1309 4238 1380 4282 sae·
1432 4224 1561 4282 mutare
1578 4217 1676 4283 liceat
1693 4239 1775 4302 quae
1794 4218 1835 4283 ad
1853 4239 2061 4284 communem
2079 4224 2202 4282 statum
2219 4213 2406 4297 pertinent?

406 4300 488 4365 culis
520 4299 671 4365 omnibus
709 4301 847 4366 formam
881 4301 1084 4385 convenire),
1124 4302 1298 4386 confligere
1326 4303 1380 4370 hio
1433 4300 1563 4386 quando
1596 4325 1767 4386 nunquam
1798 4305 1947 4370 futurum
1980 4311 2030 4368 est
2062 4310 2100 4367 ut
2137 4299 2287 4366 omnibus
2319 4298 2408 4364 idem

406 4392 534 4469 oportet
556 4385 597 4449 ad
620 4386 789 4469 generales
811 4408 892 4468 quas
914 4386 1003 4451 dedit
1027 4387 1173 4470 regulas,
1202 4395 1240 4451 ut
1262 4388 1301 4453 ad
1326 4410 1386 4455 eas
1432 4389 1574 4472 placeat,
1604 4389 1632 4453 si
1654 4411 1722 4468 res,
1745 4390 1837 4456 velut
1856 4391 1891 4454 in
1913 4388 2019 4454 medio
2041 4388 2180 4470 positae,
2203 4385 2408 4468 singulorum

406 4472 581 4553 exigantur
602 4492 812 4555 quaecunque
833 4471 874 4536 ad
897 4472 1043 4537 ordinem
1061 4479 1095 4537 et
1116 4471 1270 4538 decorum
1285 4496 1380 4556 prae-
1434 4473 1569 4540 arbitrio
1591 4474 1724 4541 relictae
1745 4477 1877 4541 fuerint.
1922 4473 2018 4556 Quod
2041 4475 2069 4538 si
2091 4473 2164 4555 quis
2185 4470 2354 4552 obstrepat
2375 4478 2409 4535 et

406 4556 479 4704 ta
497 4557 1073 4726 catarrhactas
1093 4559 1381 4711 testatur
1432 4560 2096 4713 lassataslasatas
2107 4554 2409 4724 aristatas:

407 4726 488 4790 haec
509 4731 692 4794 necessaria
713 4737 804 4809 sunt,
828 4739 862 4793 et
882 4752 940 4812 pro
959 4731 1105 4795 moribus
1126 4732 1380 4814 uniuscuiusque
1433 4739 1543 4796 tamen
1569 4730 1657 4796 istud
1678 4734 1776 4798 Pauli
1804 4735 1837 4819 (1
1862 4733 2005 4807 eor.1.1,
2033 4728 2086 4812 16)
2115 4728 2195 4792 satis
2223 4728 2329 4793 faeere
2351 4727 2408 4793 de-

407 4810 515 4894 gentis
528 4832 565 4875 ao
583 4815 702 4878 saeculi
720 4818 810 4881 varie
829 4814 1064 4882 accommodari
1083 4816 1203 4881 debent
1219 4816 1261 4881 ad
1278 4817 1380 4883 eecle-
1433 4817 1503 4896 bet,
1538 4838 1598 4882 nos
1631 4817 1845 4885 contendendi
1878 4836 2004 4881 morem
2030 4836 2098 4879 nen
2130 4813 2266 4894 habere,
2300 4835 2407 4899 noque

405 4898 472 4962 siae
495 4895 761 4980 aedificationem,
783 4910 882 4986 prout
903 4903 1057 4968 ecclesiae
1077 4903 1203 4968 utilitas
1224 4904 1378 4986 requiret,
1433 4903 1585 4969 eeclesias
1607 4902 1681 4967 Dei.

404 4990 473 5046 tam
495 4981 635 5045 usitatas
657 4993 783 5051 mutare
805 4995 839 5052 st
865 4987 1022 5072 abrogare
1043 5010 1141 5070 quam
1163 5009 1265 5055 novas
1285 4989 1380 5055 insti-
1519 4992 1569 5054 32.
1614 4989 1719 5055 Porro
1736 5010 1866 5053 summa
1883 4985 2054 5068 diligentia
2074 4984 2330 5050 incumbendum
2347 4993 2407 5066 est,

404 5075 497 5132 tuere
520 5068 697 5131 conveniet.
741 5070 864 5135 Fateor
884 5074 1051 5154 equidem,
1069 5094 1137 5138 non
1158 5080 1296 5153 temere,
1319 5096 1380 5140 nec
1432 5097 1475 5139 ne
1495 5077 1567 5159 quis
1585 5078 1710 5156 irrepat
1728 5094 1819 5138 error
1838 5074 1893 5155 qui
1910 5092 2033 5155 purum
2049 5071 2138 5136 hunc
2166 5093 2265 5138 usum
2282 5072 2335 5136 vel
2355 5073 2406 5137 in-

404 5152 559 5230 subinde,
589 5173 649 5217 nec
669 5152 797 5218 levibus
820 5155 859 5219 de
881 5159 988 5220 causis
1010 5158 1052 5221 ad
1074 5161 1282 5225 novationem
1309 5182 1380 5226 esse
1433 5161 1522 5225 fimat
1549 5161 1602 5226 vel
1635 5158 1793 5223 obscuret.
1844 5156 1940 5238 Quod
1977 5156 2110 5239 quidam
2144 5156 2345 5222 obtinebitur
2379 5158 2408 5221 si

405 5237 653 5304 decurrendum.
704 5235 771 5302 Sed
792 5238 870 5321 quid
896 5248 1012 5304 noceat
1036 5242 1089 5305 vel
1111 5243 1273 5324 aedificet,
1297 5247 1381 5312 cari·
1433 5263 1646 5328 quaecunque
1668 5251 1765 5307 erunt
1790 5243 2033 5309 observationes
2053 5243 2261 5308 manifestam
2282 5241 2408 5306 utilita-

405 5333 456 5389 tas
487 5325 607 5407 optime
638 5323 808 5397 iudicabit:
842 5343 940 5406 quam
967 5326 996 5389 si
1028 5325 1277 5394 moderatricem
1309 5352 1380 5397 esse
1433 5340 1501 5395 tem
1532 5351 1610 5413 prae
1643 5350 1678 5393 se
1710 5324 1831 5408 lerant;
1871 5329 1901 5394 si
1932 5328 2142 5413 parcissimae
2174 5327 2407 5407 admittantur;

404 5412 575 5494 patiemur,
599 5410 691 5477 salva
712 5416 810 5475 erunt
830 5411 948 5475 omnia.
1433 5416 1639 5500 potissimum
1661 5436 1739 5480 vero
1760 5415 1789 5481 si
1811 5412 1943 5481 accedat
1963 5413 2070 5479 fidelis
2087 5414 2227 5496 pastoris
2246 5411 2407 5492 docmina,
2434 5411 2439 5421 “

492 5500 541 5560 31.
592 5496 666 5560 Iam
692 5517 771 5561 vero
804 5496 974 5563 christiani
1003 5496 1114 5579 populi
1147 5497 1290 5562 officium
1321 5506 1379 5581 est,
1434 5522 1517 5584 quae
1537 5500 1649 5583 pravis
1671 5522 1690 5566 o
1713 5501 1879 5567 inionibus
1900 5501 1989 5567 viam
2009 5498 2208 5584 praecludat.
2237 5497 2331 5564 Haeo
2347 5517 2407 5564 au·

405 5603 488 5664 quae
527 5581 706 5647 secundum
746 5583 834 5648 hunc
872 5601 1031 5648 canonem
1062 5582 1187 5648 fuerint
1217 5582 1379 5666 instituta,
1433 5594 1501 5649 tem
1518 5585 1659 5669 cognitio
1680 5522 1766 5668 deit,
1788 5594 1826 5652 ut
1847 5606 1907 5653 sua
1927 5587 2044 5669 cuique
2064 5586 2099 5649 in
2117 5585 2169 5650 his
2186 5584 2284 5649 rebus
2301 5583 2407 5650 omni·

406 5666 509 5733 libera
541 5667 673 5750 quidem
700 5668 912 5749 conscientia,
950 5668 1107 5753 nullaque
1139 5664 1380 5754 superstitione,
1432 5671 1495 5736 bus
1516 5669 1649 5738 libertas
1671 5680 1798 5740 constet
1804 5697 1814 5754 ;
1842 5681 1877 5738 et
1901 5670 2066 5756 quandam
2091 5670 2307 5736 nihilominus
2328 5689 2406 5737 suae
