5600 6809
394 772 477 837 1105
739 765 829 832 bIB.
851 763 912 830 IV.
956 764 1021 831 DE
1043 761 1281 829 nxrsRMs
1303 759 1471 829 MEDHS
1493 762 1558 827 AD
1582 759 1814 829 SALUTEM.
1858 761 1960 830 osP.
1980 763 2061 832 XX.
2261 839 2263 844 ,
2319 772 2401 836 1106

394 957 479 1035 dam
503 957 744 1022 demonstrasse
766 955 845 1019 satis
867 953 939 1018 erit.
980 953 1044 1018 Est
1061 959 1173 1017 autem
1195 951 1371 1018 observan-
1424 950 1630 1017 stitutionem
1651 957 1685 1016 et
1705 952 1919 1035 aequitatem,
1942 952 2035 1019 cuius
2056 955 2183 1020 ratione
2210 958 2403 1024 constitutio

394 1043 437 1109 da
457 1043 593 1126 vulgata
613 1041 670 1106 illa
692 1039 840 1124 pertitio,
864 1060 947 1120 quae
968 1040 1157 1104 universam
1178 1039 1242 1103 Dei
1265 1038 1371 1121 legem
1423 1038 1496 1120 ipsa
1515 1037 1653 1118 suadela
1673 1041 1719 1102 est
1739 1058 1776 1102 ae
1797 1038 1923 1102 nititur.
1968 1041 2140 1122 Aequitas,
2163 1043 2239 1124 quia
2266 1050 2401 1109 natura-

435 1152 453 1192 r
474 1129 592 1193 Mosen
608 1127 841 1208 promalpotum
862 1124 899 1188 in
920 1145 1036 1201 mores,
1060 1124 1296 1202 caeremonias,
1319 1125 1372 1188 in·
1423 1123 1465 1188 lis
1487 1130 1551 1202 est,
1581 1146 1647 1189 non
1670 1123 1733 1187 nisi
1755 1145 1823 1187 una
1850 1125 1997 1188 omnium
2023 1145 2095 1190 esse
2121 1135 2243 1210 potest,
2272 1128 2346 1193 ideo
2368 1139 2402 1195 et

393 1150 479 1279 licia
501 1212 683 1289 distribuit,
707 1231 744 1275 ac
767 1209 984 1292 dispiciendae
1012 1210 1161 1293 singulae
1190 1218 1316 1293 partes,
1335 1219 1372 1274 ut
1423 1208 1550 1293 legibus
1572 1208 1737 1288 omnibus,
1783 1231 1819 1274 ro
1841 1211 1965 1294 negotii
1987 1233 2122 1294 genere,
2145 1213 2260 1278 eadem
2282 1236 2400 1298 propo-

394 1298 574 1364 habeamus
596 1298 676 1381 quid
698 1319 740 1361 ex
757 1297 798 1360 iis
816 1295 859 1361 ad
876 1316 937 1361 nos
954 1297 1128 1378 pertineat,
1150 1295 1229 1378 quid
1250 1296 1369 1360 minus.
1425 1295 1488 1360 sita
1510 1316 1581 1360 esse
1603 1295 1708 1360 debet.
1778 1296 2016 1376 onstitutiones,
2040 1298 2117 1379 quia
2138 1300 2400 1366 circumstantias

394 1385 464 1449 Neo
484 1386 616 1449 interim
639 1382 824 1465 quempiam
846 1390 991 1446 moretur
1007 1381 1062 1445 hio
1079 1382 1262 1465 serupulus,
1285 1381 1372 1464 quod
1424 1381 1549 1463 aliquas
1580 1380 1704 1445 habent
1725 1402 1745 1446 a
1765 1383 1882 1465 quibus
1903 1403 1964 1464 pro
1986 1393 2079 1465 parte
2103 1385 2280 1466 pendeant,
2302 1387 2400 1451 modo

395 1469 437 1535 ad
463 1491 571 1535 mores
608 1471 707 1534 etiam
734 1467 853 1533 iudicia
880 1476 913 1531 et
939 1467 1163 1532 caeremoniae
1196 1468 1369 1550 pertinent.
1423 1467 1459 1530 in
1481 1466 1622 1531 eundem
1654 1468 1828 1548 aequitatis
1849 1487 1983 1551 scopum
2005 1489 2120 1534 omnes
2147 1471 2269 1552 pariter
2289 1471 2400 1536 inten-

394 1556 533 1635 Veteres
555 1556 646 1635 enim
667 1555 723 1638 qui
744 1554 954 1637 partitionem
977 1554 1061 1617 hane
1081 1552 1298 1632 tradiderunt,
1321 1561 1371 1618 ta-
1424 1551 1512 1631 dant,
1536 1552 1684 1617 diversas
1706 1573 1776 1616 esse
1797 1552 1882 1616 nihil
1903 1554 2003 1618 obest.
2048 1555 2120 1619 Iam
2144 1576 2246 1638 quum
2267 1550 2332 1622 Dei
2354 1558 2400 1623 le-

394 1641 492 1705 metsi
520 1641 602 1705 duas
629 1642 710 1704 istas
731 1640 926 1722 posteriores
954 1645 1065 1721 partes
1088 1660 1156 1702 non
1175 1639 1373 1722 ignorabant
1423 1659 1513 1721 gem,
1542 1659 1642 1720 quam
1669 1637 1825 1701 moralem
1857 1658 2028 1718 vocamus,
2061 1648 2190 1706 constet
2216 1663 2284 1705 non
2311 1643 2401 1709 aliud

395 1726 482 1793 cirea
503 1748 612 1791 mores
634 1725 768 1802 versari,
791 1725 868 1807 quia
887 1732 999 1789 tamen
1018 1724 1118 1789 salvis
1135 1725 1280 1790 moribus
1296 1747 1370 1789 mu·
1423 1745 1495 1789 esse
1516 1745 1615 1808 quam
1632 1723 1793 1788 naturalis
1816 1723 1900 1808 legia
1917 1726 2156 1805 testimonium,
2181 1728 2303 1792 eteius
2324 1750 2401 1794 oon·

394 1811 460 1876 tari
489 1820 523 1876 et
549 1812 699 1895 abrogari
732 1815 901 1893 poterant,
932 1810 1072 1875 morales
1104 1831 1170 1874 non
1204 1809 1370 1875 dixerunt.
1425 1810 1582 1875 scientiae
1600 1831 1684 1892 quae
1706 1809 1878 1874 hominum
1896 1810 2013 1876 animis
2035 1812 2138 1876 aDeo
2156 1812 2320 1896 insculpta
2342 1822 2400 1893 est,

394 1897 543 1963 Primam
569 1897 661 1962 illam
693 1904 821 1979 partem
854 1895 1061 1977 peculiariter
1094 1896 1303 1978 appellarunt
1331 1918 1368 1962 eo
1423 1902 1493 1960 tota
1514 1895 1628 1974 huius,
1651 1895 1692 1960 de
1714 1916 1778 1978 qua
1799 1917 1889 1961 nuno
1915 1896 2093 1978 loquimur,
2121 1899 2292 1981 aequitatis
2319 1901 2402 1964 ratio

395 1983 543 2062 nomine,
566 1984 649 2049 citra
670 2003 768 2065 quam
789 2002 856 2045 non
878 1989 1007 2046 constet
1024 2001 1103 2046 vera
1124 2004 1254 2047 morum
1275 2004 1371 2049 sano·
1423 1981 1458 2045 in
1480 1983 1553 2064 ipsa
1573 1981 1774 2064 praescripta
1800 1989 1858 2047 est
1902 1982 2049 2047 Proinde
2082 1984 2151 2048 sola
2177 2005 2303 2068 quoqne
2329 1985 2403 2068 ipsa

394 2068 471 2134 titas
493 2074 521 2134 et
541 2067 747 2133 immeabilis
766 2071 844 2132 reete
863 2067 988 2131 vivendi
1007 2087 1127 2132 nonno.
1295 2109 1300 2115 «
1422 2067 1535 2151 logum
1562 2066 1710 2131 omnium
1732 2073 1765 2131 et
1785 2087 1903 2150 scopus
1925 2075 1959 2132 et
1979 2069 2094 2152 regula
2116 2077 2150 2134 et
2170 2071 2331 2135 terminus
2359 2072 2403 2136 sit

483 2159 532 2219 15.
576 2155 650 2219 Lex
670 2154 780 2235 itaque
801 2152 936 2217 moralis
958 2152 1010 2237 (ut
1029 2152 1107 2216 inde
1124 2154 1268 2236 primum
1289 2154 1370 2219 inei·
1422 2160 1560 2237 oportet.
1610 2152 1665 2217 Ad
1702 2173 1776 2217 eam
1811 2153 1958 2237 regulam
1995 2175 2207 2238 quaeeunque
2234 2156 2402 2232 ,formatae

394 2241 498 2323 piam)
521 2262 622 2322 quum
644 2239 769 2304 duobus
791 2238 951 2321 capitibus
979 2239 1201 2317 contineatur,
1231 2260 1371 2320 quorum
1423 2247 1522 2305 erunt
1543 2239 1642 2322 leges,
1664 2258 1748 2321 qnae
1768 2239 1804 2302 in
1826 2260 1901 2303 eum
1922 2261 2056 2323 scopum
2077 2239 2231 2320 directae,
2256 2263 2340 2324 quae
2360 2263 2399 2308 eo

394 2326 535 2391 alterum
556 2346 640 2409 pura
657 2324 767 2389 Deum
788 2323 853 2389 fide
875 2330 908 2388 et
929 2325 1051 2407 pietate
1079 2323 1199 2403 colere,
1228 2325 1370 2388 alterum
1422 2326 1565 2389 termino
1586 2324 1754 2403 limitatae,
1777 2345 1843 2389 non
1866 2331 1916 2389 est
1938 2346 1996 2389 eur
2013 2347 2032 2390 a
2049 2326 2142 2391 nobis
2162 2327 2398 2411 improbentur,

395 2413 522 2477 sincera
539 2411 689 2475 homines
711 2410 881 2475 dilectione
909 2409 1081 2493 complecti
1107 2410 1298 2493 simpliciter
1319 2411 1369 2474 iu·
1422 2418 1588 2493 uteunque
1609 2409 1663 2477 vel
1681 2431 1701 2474 a
1717 2411 1791 2494 lege
1812 2409 1949 2489 iudaice,
1972 2411 2026 2476 vel
2045 2412 2133 2477 inter
2154 2434 2189 2478 se
2210 2414 2300 2496 ipsae
2317 2414 2400 2480 alias

395 2497 466 2573 bet,
496 2517 574 2560 vora
596 2503 646 2560 est
667 2504 862 2577 aeternaque
890 2495 1034 2561 iustitiae
1061 2495 1192 2580 regula,
1220 2497 1370 2580 gentium
1423 2495 1585 2560 differant
1629 2496 1704 2560 Lex
1735 2497 1801 2561 Dei
1833 2497 1938 2561 furari
1971 2497 2132 2580 prohibet
2177 2497 2270 2579 Quae
2301 2500 2399 2566 finds

395 2581 545 2645 omnium
562 2602 600 2646 ac
616 2589 802 2664 temporum
820 2580 1007 2647 hominibus
1024 2582 1234 2665 praescripta,
1253 2581 1309 2664 qui
1328 2579 1370 2646 ad
1423 2581 1600 2646 constituta
1620 2582 1719 2645 fixerit
1740 2602 1846 2664 poena
1865 2583 1900 2646 in
1921 2582 2037 2666 politia
2055 2583 2261 2663 Indaeorum,
2286 2584 2399 2650 videre

394 2666 459 2733 Dei
480 2666 683 2732 voluntatem
705 2666 808 2731 vitam
830 2686 923 2730 suam
945 2686 1139 2750 componere
1160 2667 1281 2733 volent
1315 2665 1370 2733 Si·
1423 2675 1473 2731 est
1489 2667 1525 2731 in
1541 2666 1668 2730 Exodo.
1702 2667 1854 2732 Aliarum
1875 2668 2025 2751 gentium
2047 2671 2287 2756 vetustissimae
2309 2670 2399 2754 leges

394 2752 527 2836 quidem
544 2753 625 2817 haee
647 2758 780 2816 aelerna
799 2759 850 2816 est
871 2760 904 2815 et
924 2751 1139 2818 immutabilis
1163 2754 1233 2818 eius
1253 2753 1370 2819 volun·
1422 2753 1547 2816 lurtum
1569 2751 1667 2835 duplo
1688 2752 1883 2833 puniebant;
1906 2773 1989 2835 quae
2006 2761 2120 2836 postea
2137 2764 2293 2837 sequutae
2310 2763 2398 2836 sunt,

394 2845 462 2917 tas,
485 2847 523 2901 ut
544 2857 565 2902 a
584 2839 678 2903 nobis
704 2837 775 2921 ipse
801 2835 933 2920 quidem
960 2837 1112 2904 omnibus
1139 2839 1281 2918 colatur,
1309 2859 1370 2903 nos
1423 2835 1650 2904 discreverrmt
1676 2838 1762 2901 inter
1785 2839 1996 2903 manifestum
2024 2846 2058 2902 et
2084 2861 2151 2904 non
2177 2841 2398 2906 manifestum.

394 2945 473 2990 vero
495 2931 609 2988 mutuo
631 2924 798 2988 internos
820 2921 1004 3007 diligamus.
1036 2923 1292 2991 Caeremonialis
1313 2925 1370 2989 Iu·
1423 2924 1518 2988 Aliae
1536 2923 1578 2988 ad
1595 2923 1749 2988 exsilium
1770 2942 1962 3007 progressae
1984 2931 2071 3002 sunt,
2089 2924 2172 2990 aliae
2189 2924 2232 2989 ad
2248 2927 2399 3009 flagrum,

395 3009 550 3075 dacorum
571 3009 773 3096 paedagogia
792 3008 864 3088 fuit,
888 3028 952 3091 qua
972 3009 1084 3091 populi
1100 3010 1189 3077 illius
1206 3010 1372 3094 quandam
1423 3008 1507 3073 aliae
1528 3009 1668 3091 denique
1689 3007 1731 3072 ad
1752 3009 1868 3091 capitis
1900 3009 2104 3092 supplicium.
2148 3009 2285 3075 Falsum
2307 3012 2400 3076 testi·

394 3097 488 3161 velut
508 3096 683 3178 pueritiam
716 3116 868 3161 exercere
888 3093 1032 3158 Domino
1058 3095 1167 3159 visum
1189 3105 1247 3173 est,
1269 3096 1371 3162 donec
1423 3095 1571 3160 monium
1602 3093 1735 3159 talionis
1760 3114 1867 3177 poena
1891 3094 1980 3159 inter
2007 3094 2146 3160 Iudaeos
2178 3096 2398 3179 plectebatur;

394 3181 525 3246 veniret
554 3188 684 3265 tempus
711 3179 794 3245 illud
820 3178 1049 3263 plenitudinis,
1082 3201 1146 3263 quo
1175 3181 1371 3264 sapientiam
1423 3180 1501 3244 alibi
1523 3180 1617 3263 gravi
1639 3188 1768 3244 tantum
1789 3179 1984 3262 ignominia,
2008 3179 2086 3243 alibi
2107 3180 2296 3264 suspendio,
2319 3180 2399 3247 alibi

396 3287 489 3331 suam
517 3266 615 3332 terris
643 3266 845 3349 adplenum
871 3265 1112 3344 manifestaret,
1140 3287 1178 3332 ec
1199 3269 1372 3333 veritatem
1422 3284 1526 3330 cruce.
1570 3264 1796 3329 Homioidium
1827 3286 1941 3331 omnes
1971 3266 2095 3348 paritor
2121 3266 2211 3348 leges
2237 3267 2399 3350 sanguine

395 3350 565 3416 exhiberet
591 3373 704 3416 earum
730 3370 944 3433 rerumquae
966 3359 1038 3415 tum
1058 3353 1174 3436 figuris
1195 3352 1370 3418 adumbra-
1422 3350 1641 3429 ulciscuntur,
1676 3349 1815 3417 diversis
1847 3360 1958 3417 tamon
1983 3351 2099 3416 mortis
2129 3350 2312 3434 generibus.
2356 3351 2399 3417 In

394 3435 525 3502 bantur.
570 3436 752 3515 Iudicialis,
786 3437 918 3521 politiae
945 3436 1017 3502 loco
1044 3437 1111 3504 illis
1139 3438 1230 3518 data,
1263 3445 1370 3504 certas
1423 3435 1589 3501 adulteros
1611 3436 1691 3501 abbi
1712 3438 1900 3516 severiores,
1924 3437 2002 3502 alibi
2021 3437 2159 3502 leviores
2180 3435 2304 3502 edictae
2321 3448 2400 3503 sunt

395 3522 569 3603 aequitatis
590 3532 624 3587 et
644 3523 790 3588 iustitiae
812 3522 968 3589 formulas
989 3522 1157 3601 tradebat,
1180 3525 1297 3607 quibus
1318 3526 1371 3588 in·
1422 3542 1556 3605 poenae.
1604 3521 1768 3589 Videmus
1804 3533 1916 3588 tamen
1944 3532 1983 3588 ut
2008 3522 2167 3588 eiusmodi
2208 3521 2400 3589 diversitate
2530 3574 2533 3582 ι

395 3615 551 3674 nocenter
569 3618 603 3674 et
620 3610 728 3692 quiete
756 3611 842 3674 inter
863 3631 899 3674 se
963 3617 1066 3675 erent
1110 3612 1221 3692 Atque
1248 3617 1287 3675 ut
1312 3610 1371 3676 illa
1422 3609 1459 3673 in
1480 3608 1620 3674 eundem
1645 3630 1759 3674 omnes
1784 3611 1886 3673 finem
1912 3607 2060 3674 tendant.
2104 3607 2191 3672 Nam
2212 3629 2278 3673 uno
2301 3610 2399 3675 simul

395 3696 677 3759 caeremoniarum
703 3696 934 3761 exercitatioa
977 3696 1107 3778 pietah's
1134 3695 1267 3779 quidem
1295 3695 1370 3761 doe·
1423 3715 1479 3760 ore
1512 3714 1652 3778 poenam
1685 3694 1962 3777 pronuntiantia
1988 3715 2027 3758 ea
2054 3714 2137 3776 quae
2168 3701 2304 3759 aeterna
2333 3696 2399 3760 Dei

395 3779 517 3844 hinem
540 3782 670 3864 proprie
697 3781 881 3864 pertinebat
909 3781 1037 3866 (utpote
1069 3802 1152 3865 quae
1172 3781 1370 3848 Iudaeorum
1421 3779 1495 3864 lege
1512 3780 1668 3845 darnnata
1685 3788 1766 3845 sunt
1781 3780 1933 3859 facinma,
1956 3800 2073 3862 nempe
2095 3779 2280 3858 homicidia,
2298 3781 2398 3860 hirta

394 3864 563 3931 ecelesiam
596 3866 759 3932 retinebat
783 3868 820 3931 in
840 3868 905 3932 Dei
935 3867 1028 3934 cultu
1057 3890 1094 3934 ae
1116 3868 1299 3954 religione),
1328 3868 1370 3934 ab
1421 3865 1590 3944 adadteria,
1612 3865 1696 3931 falsa
1716 3865 1916 3945 testimonia;
1938 3865 1996 3931 sed
2016 3867 2053 3929 in
2072 3885 2197 3947 poenae
2217 3864 2314 3930 modo
2331 3886 2398 3931 non

395 3949 466 4032 ipsa
488 3958 599 4017 tamen
621 3954 743 4035 pietate
771 3951 928 4037 distingui
948 3961 1092 4036 poterat,
1115 3955 1162 4020 ita
1183 3955 1265 4020 haec
1285 3953 1371 4019 iudi·
1422 3951 1631 4016 conveniunt
1658 3951 1774 4034 Neque
1791 3951 1921 4018 veroid
1939 3972 2072 4017 necesse
2089 3958 2149 4028 est,
2171 3971 2277 4032 neque
2298 3952 2398 4017 etiam

394 4036 518 4101 ciorum
545 4037 665 4114 forma,
687 4058 875 4121 quanquam
896 4059 962 4103 non
982 4039 1047 4104 elio
1068 4041 1249 4122 spectabat,
1272 4061 1371 4123 quam
1422 4036 1564 4120 expedit.
1608 4037 1672 4103 Ilst
1699 4037 1790 4121 regio
1819 4058 1917 4120 quae,
1946 4037 2011 4102 nisi
2038 4035 2213 4101 horrendis
2239 4037 2398 4119 exemplis

393 4123 450 4204 qui
471 4123 592 4205 optime
619 4124 743 4188 servari
769 4130 881 4205 posset
901 4143 941 4187 ea
961 4125 1033 4207 ipsa
1053 4126 1188 4203 caritas,
1208 4147 1293 4208 quae
1316 4146 1370 4190 ae·
1421 4123 1459 4187 in
1487 4123 1668 4189 homicidas
1693 4123 1832 4202 saeviat,
1851 4121 2004 4189 caedibus
2031 4122 2142 4187 statim
2164 4127 2197 4185 et
2216 4120 2398 4187 latrociniis

393 4213 488 4291 terna
508 4208 573 4271 Dei
595 4207 667 4291 lege
686 4210 898 4292 praecipitur,
922 4208 963 4274 ab
984 4210 1056 4292 ipso
1084 4219 1197 4275 tamen
1223 4211 1369 4276 dileetio-
1422 4207 1589 4291 perdenda
1610 4209 1661 4273 sit
1705 4210 1770 4275 Ilst
1796 4209 1963 4275 saeculum
1988 4206 2074 4291 quod
2099 4226 2280 4290 poenarum
2307 4225 2397 4272 acer·

394 4291 447 4358 nis
467 4301 639 4376 praecepto
661 4293 851 4360 distinctum
873 4293 1028 4378 quiddam
1050 4296 1199 4363 habebat
1245 4295 1370 4378 Quem·
1422 4294 1559 4361 bitatem
1592 4294 1707 4379 augeri
1738 4294 1890 4378 postulet.
1936 4293 1975 4360 si
2001 4293 2079 4375 quid
2109 4290 2266 4356 rueram
2292 4292 2336 4356 ait
2361 4293 2398 4357 in

394 4378 573 4444 admodum
601 4400 680 4464 ergo
712 4380 804 4445 salva
825 4388 860 4447 et
887 4380 1044 4446 incolumi
1066 4381 1187 4464 pietate
1217 4383 1369 4467 abrogari
1422 4385 1507 4446 satu
1520 4380 1657 4462 publico,
1679 4382 1770 4446 aevia
1790 4381 1899 4447 edidis
1930 4377 2111 4462 emenda
2130 4381 2204 4441 aare
2224 4396 2304 4457 quoue
2324 4377 2398 4442 inde

395 4471 574 4544 potuerunt
599 4468 829 4546 caeremoniae,
852 4468 898 4532 ita
919 4473 954 4531 et
974 4467 1153 4534 iudiciariis
1175 4469 1227 4536 his
1249 4469 1370 4535 consti-
1423 4467 1513 4531 nara
1532 4467 1630 4532 solea
1639 4466 1733 4531 melu.
1754 4465 1844 4532 Belli
1864 4472 2005 4546 ternpore,
2023 4464 2237 4528 isaurorum
2254 4462 2396 4543 strepitu,

394 4548 575 4614 tutionibas
597 4552 743 4632 sublatis,
761 4560 919 4636 perpetua
938 4553 1083 4620 caritatis
1104 4555 1211 4621 officia
1227 4562 1261 4619 et
1276 4575 1370 4638 prae·
1421 4552 1590 4618 eorwideret
1615 4553 1718 4617 omnia
1747 4552 1940 4627 hamanitas,
1972 4548 2039 4613 cisi
2070 4546 2193 4612 insolito
2219 4567 2397 4629 poenarum

395 4640 489 4714 cepta
510 4656 644 4701 munero
665 4647 809 4721 possunt.
852 4636 949 4721 Quod
971 4640 1000 4704 si
1022 4662 1140 4706 verum
1159 4649 1217 4720 est,
1237 4640 1371 4707 libertas
1423 4643 1506 4703 metu
1532 4639 1649 4703 ιἰιίεσιο.
1693 4637 1738 4702 Ia
1757 4636 1933 4712 sterilitate,
1953 4634 1989 4697 ia
2004 4632 2199 4715 pestilente,
2221 4633 2287 4697 aiei
2307 4632 2398 4698 adbi-

395 4725 483 4782 oerte
505 4719 645 4803 singulis
661 4727 813 4807 gentibus
834 4726 948 4791 relicta
964 4734 1016 4792 est
1030 4726 1192 4793 condendi
1209 4748 1292 4809 quaa
1308 4726 1372 4792 sibi
1423 4723 1531 4789 teate
1551 4725 1654 4789 mour
1671 4724 1826 4799 scaettas,
1841 4739 1973 4801 pessum
1989 4718 2076 4782 aaa
2092 4717 2206 4783 onmia
2238 4717 2303 4783 Ilat
2319 4739 2400 4802 gens

395 4802 576 4868 conducere
598 4810 806 4891 providerint,
828 4813 931 4897 leges:
954 4834 1037 4896 quae
1058 4820 1170 4879 tamen
1191 4813 1234 4880 ed
1255 4834 1371 4897 perpe·
1424 4811 1461 4875 in
1483 4810 1601 4874 vitium
1629 4808 1790 4891 quoddam
1817 4805 2024 4889 propensior,
2047 4803 2113 4868 nisi
2132 4803 2292 4868 acerrime
2314 4824 2401 4869 oom-

395 4893 488 4952 tuam
515 4889 609 4954 illam
635 4894 780 4961 caritatis
812 4899 961 4982 regulam
988 4899 1179 4983 exigantur,
1207 4907 1247 4964 ιιι
1266 4900 1372 4964 forma
1423 4902 1585 4979 poscatur.
1630 4892 1740 4975 Quam
1769 4890 1944 4973 malignus,
1964 4889 2076 4968 bremt,
2100 4909 2138 4953 ao
2158 4889 2289 4971 publico
2316 4890 2401 4956 bono

397 4972 528 5055 quidam
556 4975 699 5054 varient,
732 4983 893 5047 rationem
925 4983 1069 5048 habeant
1093 4985 1239 5051 candem.
1283 4986 1371 5051 Nam
1424 4982 1571 5058 invidus,
1594 4980 1647 5063 qui
1670 4977 1730 5041 tali
1747 4975 1937 5040 diversitate
1964 4974 2162 5053 offendetur,
2192 4974 2234 5039 ad
2256 4975 2401 5041 retinen·

396 5055 552 5124 barbaras
578 5060 653 5129 illes
683 5063 822 5127 etseras
852 5066 956 5147 loges,
986 5070 1099 5148 quales
1128 5073 1262 5137 fuorunt
1288 5091 1371 5155 quae
1424 5067 1500 5132 dam
1534 5065 1616 5148 legis
1648 5062 1713 5127 Dei
1744 5061 2006 5127 observationem
2043 5059 2399 5127 accommodatissima?

396 5143 485 5209 iures
503 5145 625 5210 honore
641 5147 929 5230 prosequebantur,
948 5172 1031 5237 qipa
1048 5157 1249 5235 promiscuos
1267 5158 1372 5222 coitus
1423 5154 1510 5219 Nam
1530 5147 1615 5233 quod
1636 5149 1777 5213 iactatur
1799 5168 1819 5212 a
1841 5146 2052 5229 quibusdam,
2075 5147 2146 5211 fieri
2169 5146 2401 5212 contumeliam

396 5230 639 5312 permittebant,
661 5233 807 5316 chaoque
828 5234 932 5299 multo
953 5245 1025 5299 tum
1046 5237 1204 5304 foediores
1226 5250 1297 5304 tum
1315 5241 1371 5305 ab·
1422 5240 1488 5321 legi
1509 5235 1573 5300 Dei
1601 5255 1660 5317 per
1686 5234 1804 5299 Mosen
1825 5232 1925 5312 latae,
1952 5253 2056 5315 quum
2082 5231 2239 5316 abrogata
2263 5231 2322 5296 illa
2342 5251 2402 5295 no-

398 5315 577 5394 surdiores,
610 5340 669 5400 pro
702 5318 828 5403 legibus
860 5320 1027 5387 habendas
1065 5323 1200 5388 minimo
1239 5346 1369 5391 censeo:
1425 5345 1484 5391 vae
1506 5319 1589 5384 aliae
1610 5318 1659 5383 illi
1679 5320 1921 5402 praeferuntur,
1943 5317 2160 5384 vanissimum
2182 5324 2241 5382 est.
2286 5316 2402 5398 Neque

397 5401 660 5484 quandoquidem
682 5404 861 5469 abhorrent
878 5406 919 5471 ab
936 5407 1027 5471 omni
1044 5429 1111 5472 non
1128 5408 1254 5476 iustitia
1273 5411 1370 5477 modo
1424 5409 1511 5475 enirn
1533 5405 1616 5469 aliae
1637 5405 1684 5469 illi
1707 5407 1951 5488 praeferuntur,
1977 5404 2055 5469 dum
2081 5403 2188 5486 magia
2208 5403 2399 5485 probentur,

397 5486 456 5553 sed
477 5486 683 5553 humanitate
703 5491 804 5555 etiam
824 5499 859 5554 et
879 5493 1141 5559 mansuetudine.
1424 5515 1490 5558 non
1510 5491 1651 5576 simplici
1682 5491 1866 5570 collatione,
1889 5488 1946 5556 scd
1968 5497 2165 5572 temporum,
2187 5487 2267 5566 loci,
2291 5488 2401 5572 gentis

487 5578 534 5639 16.
578 5574 619 5639 Id
646 5576 732 5658 qaod
759 5575 828 5640 dixi
860 5578 996 5660 planum
1026 5580 1098 5658 fiet,
1126 5580 1156 5646 si
1182 5581 1218 5645 in
1244 5580 1371 5667 legibus
1424 5577 1624 5658 conditione;
1652 5585 1711 5643 aut
1731 5579 1789 5643 illa
1810 5578 1988 5660 abrogatur
2008 5595 2091 5658 queo
2112 5572 2206 5639 nobis
2227 5573 2296 5638 lata
2314 5595 2402 5638 nun·

397 5659 549 5726 omnibus
570 5660 634 5726 duo
661 5663 757 5741 haee,
781 5669 820 5728 ut
841 5662 947 5743 decet,
974 5664 1158 5733 intuemur:
1184 5667 1267 5752 legis
1293 5689 1371 5735 con-
1423 5687 1523 5749 quam
1550 5664 1620 5730 fuit
1665 5662 1836 5748 Siquidem
1863 5685 1931 5728 non
1957 5681 2031 5726 eam
2055 5659 2219 5726 Dominus
2244 5680 2305 5744 per
2330 5678 2406 5724 ma-

484 5761 600 5819 Oaler'm‘
612 5780 708 5833 opero.
757 5763 879 5821 Vol-11.
2152 5760 2187 5814 ’10
