5600 6809
430 770 490 832 575
1076 754 1342 825 INSTITU'HO
1364 755 1469 821 REL.
1493 754 1673 822 OHRISr.
1700 760 1791 820 1559.
2372 764 2435 825 576

516 957 563 1016 16.
619 951 715 1015 Duae
748 958 827 1016 sunt
860 950 1067 1032 potissimum
1099 944 1193 1008 nobis
1226 939 1405 1026 abigendae
1429 963 1432 1061 i
1457 945 1511 1010 hic
1539 945 1640 1010 habes
1662 943 1766 1008 veluti
1793 945 1964 1009 materiam
1994 967 2057 1029 qua
2083 947 2178 1011 nobis
2204 947 2331 1012 iustitia
2357 971 2435 1015 con-

427 1040 489 1104 hac
519 1045 613 1121 parte
642 1060 683 1101 ex
711 1038 830 1101 animis
860 1044 981 1119 pestes:
1016 1054 1058 1096 ne
1091 1028 1169 1113 quid
1201 1029 1237 1092 in
1270 1047 1406 1108 opernm
1456 1031 1581 1109 ficitnr;
1620 1051 1678 1112 per
1709 1028 1808 1094 fidem
1837 1031 1873 1093 in
1906 1032 2066 1115 sanguine
2093 1033 2210 1115 ipsius:
2251 1033 2305 1099 hic
2337 1056 2435 1102 causa

427 1125 551 1190 iustitia
571 1123 710 1189 fiduciae
729 1128 862 1206 ponant,
885 1143 927 1186 ne
948 1118 1027 1202 quid
1048 1116 1115 1181 illis
1137 1115 1260 1199 gloriae
1282 1112 1404 1176 adscri-
1456 1117 1669 1180 instrumenti
1703 1116 1899 1194 ostenditur,
1933 1138 1998 1198 qua
2026 1117 2152 1182 Christi
2184 1118 2311 1183 iustitia
2341 1123 2435 1188 nohis

427 1211 515 1277 hant.
562 1209 703 1275 Fiducia
723 1207 867 1292 qualibet
886 1228 947 1271 nos
969 1204 1092 1288 passim
1114 1200 1282 1283 depellunt
1303 1198 1405 1280 scrip·
1458 1203 1648 1284 applicatur.
1692 1201 1864 1266 Postremo
1886 1203 2054 1285 subiungit
2075 1204 2190 1281 finem,
2218 1225 2321 1286 quum
2343 1207 2434 1273 dicit:

427 1305 536 1375 turae,
564 1317 667 1378 quum
688 1295 805 1360 docent
826 1293 967 1357 iustitias
994 1310 1107 1354 omnes
1134 1293 1262 1350 nostras
1284 1283 1405 1347 foetere
1456 1288 1493 1350 in
1526 1286 1837 1352 demonstrationem
1868 1289 2013 1352 iustitiae
2052 1289 2169 1371 ipsius,
2209 1300 2247 1353 ut
2284 1293 2327 1354 sit
2365 1294 2435 1375 ipse

427 1383 464 1447 in
488 1383 552 1446 Dei
573 1387 762 1464 conspectu,
790 1379 854 1443 nisi
875 1397 895 1441 a
916 1376 1043 1443 Christi
1069 1372 1257 1437 innocentia
1282 1369 1405 1433 bonum
1456 1374 1573 1451 iustus,
1603 1381 1635 1438 et
1663 1373 1845 1438 iustificans
1874 1395 1951 1437 eum
1978 1375 2033 1456 qui
2062 1382 2113 1440 est
2139 1397 2181 1439 ex
2211 1374 2275 1440 fide
2298 1376 2433 1444 Christi.

428 1469 561 1534 odorem
590 1466 723 1546 ducant;
756 1462 840 1528 nihil
870 1482 970 1545 quam
996 1461 1127 1525 irritare
1153 1458 1218 1522 Dei
1246 1455 1405 1519 ultionem
1457 1463 1567 1541 Atque
1599 1458 1651 1542 (ut
1685 1459 1789 1523 obiter
1830 1480 1956 1541 quoque
1992 1459 2126 1524 denotet
2156 1462 2316 1526 iustitiam
2348 1465 2434 1529 hanc

428 1575 533 1638 posse,
556 1551 619 1618 nisi
641 1548 880 1616 misericordiae
903 1549 973 1612 eius
994 1544 1199 1629 indulgentia
1220 1540 1405 1606 sustinean-
1457 1544 1719 1610 reconciliatione
1741 1546 1904 1626 oonstme)
1926 1546 2120 1609 nominatim
2142 1548 2243 1628 ponit,
2265 1547 2435 1614 Christum

429 1648 494 1704 tur.
539 1640 593 1702 Ita
619 1656 716 1721 porro
746 1635 831 1698 nihil
858 1634 1022 1716 reliquum
1048 1629 1141 1696 nobis
1169 1628 1307 1705 faciunt,
1341 1625 1405 1689 nisi
1458 1629 1570 1694 datum
1598 1652 1668 1695 esse
1696 1630 1732 1693 in
1760 1631 2065 1717 reconciliationem.
2110 1630 2168 1697 Sic
2195 1640 2230 1697 et
2261 1635 2366 1717 primo
2393 1636 2435 1700 ad

429 1733 468 1790 nt
492 1723 632 1790 iudicem
658 1726 807 1786 nostrum
834 1718 1059 1804 deprecemur,
1086 1735 1162 1781 oum
1187 1712 1246 1777 illa
1266 1711 1406 1809 Daridis
1457 1716 1620 1799 Ephesios
1649 1717 1755 1798 capite
1782 1715 1874 1781 docet
1897 1737 1956 1780 nos
1978 1718 2080 1801 recipi
2101 1740 2121 1782 a
2141 1718 2214 1783 Deo
2235 1720 2271 1783 in
2293 1723 2435 1803 gratiam

429 1810 641 1886 confessione,
674 1807 841 1871 neminem
870 1805 1082 1870 iustificatum
1114 1800 1156 1864 iri
1183 1818 1293 1862 eoram
1325 1816 1404 1878 ipso,
1457 1823 1500 1867 ex
1521 1822 1613 1865 mera
1633 1801 1872 1881 misericordia3
1895 1802 1929 1865 id
1950 1803 2022 1866 fieri
2045 1802 2170 1868 Christi
2192 1805 2433 1885 intercessione,

429 1896 457 1960 si
490 1895 650 1958 rationem
684 1914 704 1956 a
731 1891 835 1957 servis
867 1892 934 1955 suis
964 1893 1114 1971 reposcat
1140 1884 1243 1969 (Psal.
1265 1885 1334 1959 143,
1359 1883 1404 1965 2).
1457 1887 1522 1953 fide
1544 1886 1762 1972 apprehendi3
1791 1889 1900 1952 omnia
1928 1888 1964 1951 in
1983 1888 2073 1954 hunc
2095 1890 2211 1967 finem,
2240 1899 2278 1955 nt
2305 1890 2435 1958 divinae

314 1996 315 2001 ’
436 1977 497 2046 Ubi
527 1984 629 2044 autem
660 1978 719 2042 Iob
748 1978 815 2057 (10,
848 1976 902 2058 15)
930 1975 1021 2039 dicit:
1054 1973 1082 2036 si
1112 1971 1212 2052 impie
1244 1969 1310 2051 egi,
1345 1987 1407 2032 vae
1457 1973 1623 2039 bonitatis·
1643 1973 1748 2057 gloria
1778 1973 1820 2038 ad
1851 1973 1987 2056 plenum
2019 1974 2152 2039 eluceat
2198 1974 2311 2056 Quum
2343 1976 2435 2044 vide-

429 2065 511 2129 mihi
517 2088 525 2143 ;
554 2065 581 2130 si
603 2070 705 2129 acam
726 2065 830 2140 iuste,
858 2082 919 2126 nec
947 2060 993 2125 sic
1020 2059 1146 2207 erigam
1168 2062 1278 2152 caput:
1307 2073 1407 2151 quate
1458 2080 1552 2123 amus
1572 2080 1686 2124 omnes
1707 2059 1822 2124 salutis
1841 2065 1973 2124 nostrae
1992 2060 2171 2142 particulas
2192 2061 2239 2125 ita
2259 2071 2354 2127 extra
2374 2086 2434 2129 nos

429 2171 524 2233 quum
550 2152 675 2231 respicit
702 2150 745 2214 ad
771 2167 926 2212 summum
954 2144 1044 2209 illam
1099 2142 1326 2217 attestatum,
1355 2159 1406 2202 oue
1458 2152 1614 2224 tonsure,
1644 2144 1722 2227 qnid
1749 2153 1800 2209 est
1826 2141 1912 2227 quod
1938 2145 2005 2210 iam
2032 2147 2182 2228 operibus
2209 2147 2262 2213 vel
2289 2150 2434 2214 confida-

428 2257 466 2300 πθ
493 2237 597 2319 capeti
625 2235 750 2317 quidem
776 2233 969 2314 respondero,
1003 2229 1099 2294 simul
1130 2232 1232 2291 mareu
1265 2225 1405 2321 ostendit,
1458 2252 1532 2294 mus
1551 2231 1603 2295 vel
1626 2230 1826 2313 gloriemur?
1862 2230 1931 2295 Nec
1949 2229 1989 2294 de
2007 2231 2176 2310 efficiente,
2199 2252 2260 2297 nee
2279 2232 2320 2298 de
2340 2236 2434 2300 finali

428 2322 482 2386 att
509 2323 553 2386 ad
579 2320 644 2385 Dei
674 2321 829 2385 iudicium
856 2318 992 2394 cetrum,
1024 2314 1109 2379 attii
1140 2316 1257 2376 restare
1288 2315 1407 2374 acute
1458 2317 1712 2380 controversiam
1744 2317 1836 2381 nobis
1866 2336 1998 2380 movere
2031 2325 2168 2399 possunt
2198 2318 2252 2384 vel
2284 2321 2433 2385 coniura-

428 2408 611 2472 mortalibus
630 2407 694 2470 aict
711 2411 746 2468 ut
764 2405 976 2469 obntuaescuat.
1019 2399 1097 2463 Non
1114 2398 1202 2462 enim
1220 2417 1258 2459 eo
1275 2402 1407 2493 tantum
1457 2402 1575 2465 tissimi
1592 2401 1722 2467 dinnao
1740 2402 1865 2485 gratiae
1884 2401 2002 2480 hostes,
2025 2403 2090 2467 nisi
2112 2410 2215 2469 totam
2237 2406 2434 2487 scripturam

427 2494 572 2574 pertinet
594 2491 679 2573 quod
707 2490 821 2555 cedere
849 2489 936 2553 ultro
957 2486 1052 2551 malit
1073 2504 1171 2566 qnam
1193 2501 1269 2544 oum
1291 2478 1405 2578 ngtdl·
1458 2485 1620 2569 abnegare
1642 2488 1754 2551 velint.
1798 2488 1840 2551 ln
1861 2487 2023 2552 materiali
2044 2495 2079 2552 et
2101 2489 2231 2554 formali
2251 2491 2363 2556 fucum
2384 2493 2433 2556 fa·

430 2584 497 2641 tate
514 2577 579 2641 Dei
599 2577 777 2660 periculose
800 2582 933 2652 certare,
956 2571 1013 2636 sed
1036 2570 1199 2653 significat
1219 2587 1286 2630 non
1307 2566 1406 2663 aliam
1457 2574 1556 2650 ciunt,
1583 2573 1676 2655 quasi
1701 2572 1906 2637 dimidiatum
1933 2594 2008 2638 cum
2034 2572 2099 2638 fide
2122 2574 2311 2658 Christique
2339 2578 2432 2643 iusti·

430 2664 569 2728 sensisse
590 2684 666 2727 eum
683 2664 719 2726 in
737 2682 771 2727 se
789 2661 860 2742 ipso
881 2658 1051 2734 iustitiam,
1074 2675 1174 2738 quam
1196 2672 1278 2735 quao
1299 2671 1405 2733 immo
1457 2659 1530 2722 titia
1556 2658 1666 2723 locum
1693 2679 1792 2741 opera
1818 2666 1932 2723 nostra
1957 2666 2099 2724 teneant.
2144 2659 2213 2725 Sed
2240 2659 2275 2725 id
2307 2684 2433 2745 quoque

429 2756 594 2814 momento
613 2755 699 2812 esset
716 2769 736 2812 a
752 2747 835 2810 faeie
852 2744 917 2808 Dei
934 2726 1127 2825 collapsirra.
1172 2739 1300 2803 llxaota
1321 2735 1405 2800 fidu·
1457 2746 1620 2826 scriptura
1647 2744 1859 2810 reclamante:
1886 2765 1968 2826 quan
1995 2753 2028 2809 et
2050 2744 2220 2810 christum
2248 2747 2341 2813 nnbin
2362 2770 2433 2813 0530

430 2835 480 2899 oia
512 2835 737 2919 gloriationem
769 2851 896 2914 quoqne
928 2849 1059 2892 omnem
1084 2826 1244 2891 faofflsere
1273 2843 1406 2920 necesse
1457 2830 1493 2893 in
1520 2829 1678 2894 iustitiam
1708 2839 1742 2894 st
1772 2831 1875 2893 vitam
1903 2830 2094 2913 simpliciter
2121 2833 2276 2910 affimat,
2312 2841 2344 2898 et
2370 2834 2432 2899 hoc

429 2927 488 2985 est.
534 2918 618 3000 Quis
645 2920 734 2984 enim
762 2916 905 2980 iustitiae
925 2913 1056 2978 laudem
1078 2911 1224 2995 assignet
1244 2908 1404 2991 operibus,
1457 2916 1601 2980 iustitiae
1623 2914 1747 2980 bonum
1766 2916 1835 2980 sola
1855 2914 1920 2980 fide
1941 2915 2109 2998 possideri.

429 3026 568 3088 quorum
594 3003 791 3069 confidentia
811 2999 994 3085 trepidate
1015 2997 1080 3063 Dei
1099 2993 1297 3078 conspectu?
1350 2992 1406 3090 Va
1547 3006 1594 3065 18,
1639 2999 1737 3082 Quod
1776 3011 1885 3065 nutem
1923 3001 2129 3067 innocentinn
2169 3003 2431 3086 integritatisque

429 3091 578 3156 cundum
603 3111 675 3172 ergo
701 3110 761 3172 quo
788 3080 1281 3167 acemanecestriae),
1309 3083 1350 3159 ct
1370 3098 1406 3175 en
1458 3106 1537 3152 suae
1564 3087 1722 3151 memoria
1750 3086 1952 3169 saepiuscule
1979 3089 2084 3153 sancti
2110 3108 2145 3153 se
2171 3089 2367 3153 confirmant
2392 3111 2432 3154 ac

429 3175 498 3241 Deo
525 3176 670 3240 tactam
696 3195 734 3240 uc
762 3174 913 3256 gloriatur
939 3190 1026 3236 mnne
1052 3189 1153 3233 sanun
1181 3164 1301 3244 Israel5
1329 3184 1407 3245 quta
1457 3173 1680 3251 consolantur,
1707 3192 1767 3237 nec
1789 3173 1888 3236 etiam
1909 3173 1950 3237 ah
1972 3194 2011 3238 ea
2030 3172 2246 3255 praedicanda
2265 3174 2432 3239 interdum

429 3263 630 3326 censimum
651 3261 797 3341 estquod
818 3258 897 3322 atttt
917 3257 993 3321 aaa
1011 3256 1077 3339 (61,
1099 3253 1144 3338 3),
1165 3271 1221 3317 nos
1236 3251 1406 3347 plantati&
1458 3259 1636 3337 abstinent,
1668 3258 1704 3323 id
1735 3260 1774 3323 fit
1802 3257 1964 3322 bifariam:
1999 3259 2052 3323 vel
2081 3258 2166 3341 quod
2191 3259 2310 3324 bonam
2337 3281 2432 3325 suam

429 3367 501 3412 uem
521 3367 587 3411 esse
610 3347 732 3429 gloriae
753 3346 826 3410 Dei.
870 3343 947 3407 Rite
969 3360 1047 3423 ergo
1068 3352 1140 3402 tum
1161 3343 1322 3420 purgatus
1344 3343 1407 3399 erit
1458 3365 1590 3410 causam
1612 3365 1688 3408 tum
1709 3344 1797 3408 mela
1817 3344 1992 3425 impiorum
2013 3365 2112 3409 causa
2133 3343 2358 3428 comparando,
2380 3367 2431 3411 se-

431 3434 576 3511 nuimus,
599 3452 701 3514 quum
724 3450 784 3495 nec
805 3431 842 3493 in
862 3427 982 3493 fiducia
1002 3445 1137 3507 operum
1159 3423 1228 3486 ulla
1249 3443 1291 3485 01
1311 3429 1406 3504 Parte
1458 3431 1631 3495 cuutatem
1652 3428 1729 3494 inde
1750 3429 1905 3494 victoriae
1932 3430 2146 3511 concipiunt,.
2163 3453 2231 3495 non
2259 3439 2327 3494 tam
2354 3452 2431 3496 suae

430 3519 607 3596 rfflumbfllt
626 3538 687 3581 nec
704 3510 1062 3599 11181θῆ8618Μωῦἱί
1107 3509 1161 3573 Ad
1178 3507 1279 3573 falsat
1296 3512 1407 3604 alitem
1457 3515 1601 3580 iustitiae
1625 3513 1904 3579 commendatione
1931 3536 2031 3597 quam
2057 3517 2145 3580 iusta
2172 3517 2352 3599 meritaque
2374 3516 2431 3581 ad-

430 3611 464 3667 et
491 3602 658 3668 mendacis
685 3601 782 3667 istius
809 3598 947 3665 fiduciae
974 3600 1091 3662 flatum
1112 3593 1230 3658 Stultos
1258 3592 1406 3691 hommes
1458 3602 1677 3666 versariorum
1698 3599 1906 3665 damnatione
1913 3623 1921 3678 3
1942 3600 1996 3664 vel
2016 3601 2103 3683 quod
2121 3603 2219 3666 etjam
2237 3602 2309 3667 sine
2326 3603 2432 3667 aliena

430 3688 484 3752 hic
506 3709 598 3752 01101'
620 3689 753 3765 animat,
775 3684 862 3770 quod
885 3703 963 3750 ⁸118&
985 3681 1100 3750 Salutis
1122 3699 1254 3745 causam
1275 3699 1311 3741 1n
1330 3698 1407 3759 01³0·
1459 3687 1706 3769 oomparatione,
1725 3684 1805 3749 dum
1824 3706 1858 3751 se
1877 3706 1987 3750 coram
1997 3686 2326 3770 Deorecognoscunt,
2349 3710 2430 3753 non·

431 3773 522 3837 ribus
544 3794 673 3855 semper
693 3773 810 3837 locant
1458 3773 1585 3837 nullam
1604 3771 1669 3836 illis
1689 3779 1722 3835 et
1742 3771 1995 3836 consolationem
2014 3784 2048 3835 et
2063 3772 2218 3838 fiduciam
2239 3774 2336 3838 affert
2355 3795 2431 3856 pro-

521 3863 567 3921 17.
612 3858 753 3935 Verum,
786 3859 815 3922 si
841 3861 982 3939 quatuor
1008 3871 1182 3918 oausomm
1208 3868 1329 3933 genera
1354 3869 1406 3913 re·
1457 3858 1548 3940 priae
1568 3857 1782 3923 conscientiae
1802 3857 1937 3938 puritas.
1981 3857 2033 3923 De
2050 3859 2160 3940 priore
2177 3861 2303 3923 ratione
2320 3868 2432 3941 postea

316 4022 318 4029 ,
431 3943 601 4026 spicimus‚
630 3963 714 4025 quae
737 3943 774 4006 in
795 3961 907 4005 rerum
933 3941 1051 4005 effectu
1078 3934 1285 4001 considerare
1311 3955 1407 4016 prae-
1457 3941 1652 4021 videbimnsf3
1674 3964 1762 4007 nunc
1784 3941 1824 4007 de
1846 3943 2023 4023 posteriore
2041 3945 2186 4009 breviter
2203 3945 2429 4028 expediamus:

431 4028 556 4111 cipiunt
577 4028 770 4109 philosophi,
793 4026 922 4091 nullum
943 4045 1057 4090 eorum
1077 4021 1278 4104 reperiemus
1299 4020 1406 4102 operi·
1457 4028 1617 4111 quomodo
1648 4049 1722 4093 cum
1755 4048 1793 4092 eo
1825 4029 1999 4094 conveniat
2029 4029 2116 4113 quod
2147 4052 2247 4113 supra
2279 4030 2431 4108 diximus,

430 4113 493 4178 hus
514 4114 550 4177 in
572 4112 799 4178 constituenda
826 4113 932 4176 salute
958 4120 1070 4176 nostra
1097 4107 1279 4173 eonveniro·
1323 4105 1406 4170 Effi·
1457 4114 1550 4178 nullu
1578 4136 1648 4180 esse
1675 4115 1711 4177 in
1732 4114 1797 4178 Dei
1824 4113 1944 4179 iudicio
1966 4136 2102 4198 operum
2123 4116 2244 4180 fiducia
2263 4117 2432 4180 subnitcn·

431 4199 573 4266 cientem
612 4199 700 4263 enim
738 4199 826 4263 vitae
861 4204 1012 4262 aeternae
1043 4194 1137 4260 nobis
1170 4191 1407 4275 oomparandae
1459 4198 1546 4279 dum,
1565 4200 1658 4265 nulla
1675 4221 1787 4265 eorum
1804 4200 1956 4282 opinione
1972 4201 2188 4283 gloriandum
2225 4200 2317 4263 Haec
2334 4219 2430 4280 porro

431 4306 564 4351 causam
592 4283 712 4366 ubique
737 4284 900 4365 scriptura
928 4280 1094 4365 praedicat
1124 4279 1227 4360 patria
1259 4278 1407 4342 eoelestis
1459 4287 1686 4351 convenientia
1713 4295 1763 4352 est
1790 4284 1876 4368 quod
1903 4287 2021 4364 sancti,
2054 4307 2156 4369 qunm
2190 4285 2230 4348 de
2262 4281 2431 4346 frmdanda

430 4366 688 4436 misericordiam
715 4376 748 4434 et
766 4362 954 4452 ‘gratuitam
986 4388 1065 4451 erga
1096 4384 1157 4429 nos
1185 4363 1390 4428 dilectionem
1397 4385 1406 4442 ;
1458 4371 1745 4454 constituendaque
1780 4372 1884 4437 salute
1918 4394 1978 4436 sue
2012 4372 2136 4454 agitur,
2175 4371 2257 4434 citra
2295 4389 2431 4449 operum

431 4456 635 4520 materialem
656 4476 743 4532 vero,
763 4454 934 4520 Christum
955 4473 1032 4518 cum
1053 4470 1113 4517 sua
1134 4448 1326 4527 ohedientia,
1347 4468 1407 4531 per
1458 4467 1642 4542 nespnntntn
1663 4458 1698 4522 in
1715 4458 1819 4522 solnm
1835 4456 1899 4521 Dni
1917 4457 2096 4521 bonitatem
2117 4453 2225 4518 oculos
2246 4452 2429 4517 intendunt,

432 4562 530 4623 quam
551 4542 645 4607 nobis
665 4541 826 4606 iustitiam
847 4539 1027 4622 acquisivit
1071 4535 1261 4601 Formslem
1278 4554 1406 4616 quoque
1458 4543 1573 4626 Neque
1600 4544 1642 4608 nti
1668 4565 1742 4608 enm
1768 4538 1865 4605 modo
1886 4547 1962 4606 nntn
1983 4541 2092 4604 omnin
2114 4546 2270 4620 tanquam
2292 4538 2334 4602 ad
2355 4539 2431 4603 bec-

431 4626 485 4691 vel
507 4626 792 4693 instrumentalem
820 4647 919 4708 quam
940 4645 1011 4690 esse
1033 4622 1177 4688 dicemus
1198 4621 1263 4684 nisi
1281 4619 1405 4684 fidem?
1458 4629 1608 4693 titudinis
1628 4629 1834 4711 pinninum,
1856 4647 1891 4691 ne
1914 4631 2116 4702 convertunt,
2140 4622 2197 4689 sed
2218 4633 2375 4706 tanquam
2395 4626 2431 4689 in

431 4711 541 4794 Atque
569 4719 636 4778 tres
662 4713 761 4779 simul
789 4714 869 4777 istas
890 4731 958 4775 una
979 4709 1140 4776 sententia
1161 4704 1407 4789 comprehendit
1458 4715 1693 4798 nnmpinnnnntn
1731 4711 1973 4794 conquiescunt
2029 4708 2086 4775 Sic
2124 4708 2273 4788 mndata,
2314 4719 2430 4790 crena,

430 4796 587 4875 1⁰³1111⁰S‚
610 4818 711 4879 quum
733 4798 812 4864 (13⁰st
834 4798 878 4879 (3,
901 4795 969 4880 lssl²
993 4798 1039 4861 ⁵5⁰
1059 4794 1152 4860 DOUS
1165 4790 1289 4856 ‘dilexit
1310 4812 1407 4855 mun·
1459 4800 1603 4864 stahilita
1629 4797 1825 4864 conscientia
1851 4816 1988 4878 operum
2019 4816 2144 4878 quoque
2176 4796 2431 4861 consideratione

432 4879 512 4944 dum
533 4891 571 4944 ut
591 4883 695 4948 filium
716 4884 923 4968 unigenitum
946 4881 1052 4959 daret,
1073 4886 1113 4945 ut
1132 4878 1239 4942 omnis
1259 4879 1315 4959 qui
1335 4897 1406 4942 ore·
1459 4885 1636 4962 stabihtnr;
1677 4889 1836 4965 qnatenus
1877 4881 1999 4945 scilicet
2038 4882 2225 4947 testimonia
2260 4890 2337 4947 sunt
2367 4882 2432 4947 Dei

433 4964 482 5029 dit
501 4967 536 5028 in
557 4987 632 5030 eum
653 4989 719 5033 non
738 4977 858 5052 pereat,
884 4967 942 5033 sed
962 4968 1082 5033 habeat
1103 4966 1206 5030 vitam
1225 4972 1405 5028 aeternam.
1458 4971 1494 5035 in
1524 4969 1618 5034 nobis
1650 4967 1829 5033 habitantis
1856 4987 1894 5032 ac
1925 4969 2102 5050 regnantis.
2155 4966 2297 5048 Quando
2329 4968 2433 5051 igitur

432 5049 536 5115 Porro
563 5052 695 5117 finalem
727 5061 867 5119 testatur
893 5053 1058 5136 apostolus
1091 5069 1177 5128 esse,
1209 5055 1243 5111 et
1276 5048 1406 5112 divinae
1457 5055 1582 5119 isthaec
1604 5074 1740 5136 operum
1761 5052 1881 5118 fiducia
1902 5052 2011 5118 locum
2028 5053 2223 5132 nonhabet,
2246 5054 2432 5118 nisitotam

390 5158 394 5164 ·
431 5135 576 5201 iustitiae
599 5135 923 5217 demonstrationem,
953 5147 985 5202 et
1006 5136 1161 5204 bonitatis
1181 5133 1327 5212 laudem,
1349 5132 1406 5197 uhi
1456 5141 1547 5223 prins
1569 5139 1671 5203 animi
1688 5138 1843 5204 fiduciam
1857 5139 1893 5203 in
1910 5139 2166 5206 miscricordiam
2186 5139 2252 5204 Dei
2271 5139 2430 5216 rejeceris,

432 5228 466 5287 et
488 5221 568 5286 alias
590 5228 657 5286 tres
679 5223 809 5289 disertis
830 5225 940 5290 verbis
961 5229 1202 5289 commemorat.
1239 5217 1295 5284 Sic
1318 5219 1406 5283 enim
1456 5244 1525 5289 non
1547 5222 1643 5290 debet
1662 5225 1712 5290 illi
1727 5222 1832 5291 videri
1850 5226 2012 5291 contraria
2032 5225 2119 5290 unde
2140 5223 2269 5307 pendet
2310 5222 2430 5302 Quare,

432 5306 474 5372 ad
501 5307 668 5372 Romanos
696 5308 839 5391 loquitur
867 5310 912 5394 (3,
938 5310 1009 5394 23):
1038 5328 1151 5374 omnes
1176 5311 1405 5391 peccaverunt,
1457 5308 1538 5375 dnm
1569 5331 1705 5395 operum
1735 5310 1890 5378 fiduciam
1923 5311 2143 5388 excludimus,
2183 5310 2245 5374 hoe
2279 5307 2430 5373 volumus

432 5399 465 5459 et
482 5401 581 5478 egent
597 5394 702 5478 gloria
719 5394 796 5473 Dei3
817 5396 1036 5461 iustificantur
1053 5400 1164 5461 autam
1182 5392 1287 5478 gratis
1301 5390 1410 5476 ipsius
1457 5396 1633 5477 duntaxat,
1660 5419 1702 5463 ne
1727 5419 1821 5464 mens
1847 5396 2026 5462 christiana
2047 5396 2089 5462 ad
2109 5414 2246 5479 operum
2267 5393 2430 5472 meritum,

432 5481 551 5564 gratia:
586 5480 642 5546 hic
668 5480 769 5545 habes
796 5487 894 5564 caput
920 5488 955 5546 et
980 5482 1124 5565 primum
1149 5480 1288 5561 fontem,
1320 5475 1407 5563 quod
1456 5481 1612 5548 velutad
1632 5483 1748 5549 salutis
1770 5482 1966 5561 subsidium,
1992 5483 2193 5557 reflectatur,
2222 5477 2279 5543 sed
2299 5477 2431 5559 penitus

431 5564 525 5629 Dens
545 5587 605 5631 nos
625 5567 769 5651 gratuita
789 5566 1011 5633 misericordia
1032 5565 1220 5652 complexus
1241 5573 1300 5632 est
1344 5562 1406 5632 Se-
1457 5568 1598 5636 resideat
1618 5569 1654 5635 in
1681 5571 1826 5655 gratuita
1849 5569 1992 5633 iustitiae
2012 5567 2239 5649 promissione·
2276 5563 2353 5627 Non
2374 5584 2431 5629 ve-

432 5651 559 5731 quitur:
580 5672 640 5734 per
657 5652 919 5735 redemptionem¹
932 5673 1017 5737 quae
1038 5660 1089 5719 est
1108 5653 1145 5718 in
1161 5651 1296 5721 Christo
1312 5651 1406 5719 Iesu:
1458 5661 1567 5720 tamus
1606 5663 1718 5720 autem
1751 5676 1794 5720 ne
1828 5653 1958 5720 dinnao
1996 5672 2074 5735 erga
2112 5671 2148 5717 se
2186 5649 2431 5715 benevolentiae
