5600 6809
394 857 477 950 1095
1034 847 1301 916 INSTITUTIO
1318 848 1424 915 REL.
1446 848 1628 916 OHRISOE
1653 851 1744 914 1559.
2320 851 2407 912 1096

394 1044 438 1109 sit
454 1046 678 1123 assequentur,
696 1039 724 1104 si
742 1040 812 1105 eius
829 1045 940 1122 partes
957 1060 1102 1104 seersum
1123 1045 1370 1123 pertractemus.
1423 1060 1500 1104 rum
1521 1037 1686 1120 exempla;
1709 1057 1848 1118 quorum
1868 1037 1925 1102 alii
1945 1038 2066 1122 regnis,
2088 1043 2127 1101 ut
2145 1037 2265 1116 David,
2288 1038 2406 1116 Iesias,

394 1127 484 1194 Sunt
510 1133 621 1190 autem
649 1133 729 1191 tres:
759 1127 982 1208 magistratus,
1011 1125 1068 1207 qui
1094 1134 1225 1208 praeses
1253 1132 1304 1190 est
1323 1125 1372 1189 le·
1423 1124 1582 1190 Ezechias
1589 1147 1597 1202 ;
1620 1123 1675 1187 alii
1697 1123 1858 1206 satrapiis,
1875 1131 1919 1187 ut
1931 1123 2054 1206 Ioseph
2074 1130 2107 1188 et
2123 1123 2262 1202 Daniel;
2284 1123 2342 1187 alii
2359 1123 2407 1187 ci-

394 1234 474 1297 gum
493 1234 530 1276 ac
552 1218 675 1291 custos;
696 1213 795 1295 leges,
820 1211 1000 1276 secundum
1022 1231 1103 1294 quas
1125 1213 1194 1294 ipso
1215 1212 1371 1294 imperat;
1424 1209 1544 1275 vilibus
1571 1209 1787 1293 praefecturis
1808 1209 1842 1273 in
1862 1208 1965 1274 libere
1986 1209 2119 1293 popule,
2142 1217 2181 1274 ut
2200 1210 2326 1288 Moses,
2351 1210 2408 1274 Io-

393 1298 546 1382 populus,
583 1299 638 1381 qui
667 1298 794 1382 legibus
819 1298 945 1380 regitur
971 1305 1005 1360 et
1030 1298 1237 1380 magistratui
1266 1303 1370 1379 peret.
1424 1318 1483 1362 sue
1505 1315 1542 1361 ac
1563 1294 1702 1371 Iudices,
1721 1294 1827 1358 functi
1847 1302 1945 1374 sunt;
1967 1315 2106 1377 quorum
2137 1295 2319 1361 fonctiones
2341 1295 2409 1360 sibi

393 1383 576 1448 Videamus
604 1405 681 1467 erge
709 1385 853 1467 primum
875 1382 915 1447 de
936 1383 1008 1465 ipsa
1039 1384 1252 1466 magistratus
1279 1383 1370 1448 fune·
1424 1382 1577 1466 probatas
1594 1402 1665 1446 esse
1686 1381 1850 1446 Dominus
1873 1380 2060 1446 declaravit.
2107 1381 2220 1461 Quare
2236 1381 2319 1445 nulli
2335 1382 2409 1445 iam

394 1470 493 1546 tiene,
526 1491 606 1533 num
638 1470 785 1552 legitima
817 1470 860 1535 sit
888 1490 925 1534 ao
957 1470 1029 1533 Dee
1057 1469 1196 1552 probata
1226 1468 1372 1547 voeati03
1426 1468 1563 1533 dubium
1592 1488 1663 1533 esse
1684 1466 1781 1531 debet
1802 1468 1881 1549 quin
1903 1467 2008 1532 civilis
2031 1473 2185 1549 potestas,
2204 1468 2329 1533 vocatio
2352 1467 2408 1544 sit,

395 1555 491 1638 quale
509 1555 661 1634 officium,
683 1562 804 1637 quanta
824 1560 984 1636 potestes3
1008 1554 1125 1619 deinde
1143 1554 1260 1638 quibus
1277 1556 1372 1620 insti·
1425 1577 1492 1620 nen
1512 1553 1609 1618 mode
1630 1573 1738 1618 ceram
1759 1552 1832 1616 Dee
1854 1559 1968 1617 sancta
1985 1562 2018 1616 et
2037 1552 2193 1636 legitima,
2217 1551 2276 1618 sed
2297 1574 2409 1617 sacer-

394 1640 521 1705 tuenda
538 1641 582 1704 sit
603 1641 731 1723 legibus
752 1641 932 1706 christiana
953 1640 1082 1723 politia;
1104 1648 1176 1706 tum
1197 1648 1372 1724 pestremo,
1426 1642 1511 1705 rima
1527 1640 1635 1717 etiam,
1655 1637 1742 1703 etin
1760 1645 1829 1702 teta
1845 1638 2033 1703 mortalium
2049 1639 2120 1703 vita
2136 1639 2234 1723 longe
2256 1639 2410 1707 omnium

396 1726 469 1809 quis
491 1726 602 1809 legum
623 1749 702 1791 usus
717 1725 762 1806 ad
780 1725 936 1808 populum
957 1725 1079 1805 redeat,
1099 1748 1182 1810 quae
1199 1729 1374 1811 magistra·
1428 1725 1668 1790 honestissima.
2391 1746 2400 1778 r

395 1813 447 1876 tui
469 1811 653 1877 obedientia
675 1811 839 1876 debeatur.
1514 1815 1542 1874 5.
1588 1809 1775 1891 Ereptum,
1798 1808 1854 1890 qui
1875 1809 2060 1873 anmciiaru
2081 1810 2228 1875 inducere
2248 1814 2408 1892 cuprum,

483 1903 512 1961 4.
556 1897 815 1984 Magistratuum
848 1896 1052 1962 functionem
1083 1919 1150 1962 non
1182 1898 1279 1963 mode
1313 1898 1374 1962 sibi
1426 1895 1572 1979 merois
1587 1896 1663 1960 etim
1684 1895 2101 1976 muneremunere
2120 1915 2206 1978 repes
2221 1915 2259 1961 ae
2275 1895 2407 1973 iudicer,

396 1982 527 2066 probari
549 1991 778 2065 acceptamque
798 2005 869 2047 esse
892 1985 1032 2048 testatus
1055 1992 1106 2048 est
1126 1985 1298 2062 Dominus,
1317 1983 1375 2049 sed
1427 1982 1517 2048 tertie
1537 1987 1641 2046 wmeu
1656 1980 1854 2062 perimunt,
1876 2001 1971 2062 quem
1994 1979 2140 2046 Christus
2158 2001 2228 2046 cum
2248 1981 2408 2063 eranqelie

397 2068 733 2134 honorificentissimis
765 2069 902 2152 insuper
936 2071 1051 2152 elegiis
1082 2071 1151 2135 eius
1180 2069 1374 2154 dignitatem
1428 2088 1485 2134 sue
1505 2069 1620 2146 attulit,
1642 2067 1771 2131 minime
1793 2067 1953 2147 quadrare
1973 2067 2084 2131 savae
2103 2067 2187 2132 iliud
2206 2066 2408 2151 pubenundi

396 2162 613 2237 prosequutus
634 2154 771 2219 mirifice
794 2155 887 2220 nobis
909 2155 1160 2220 commendavit
1204 2156 1252 2220 Ut
1272 2174 1376 2238 pauca
1426 2173 1531 2238 penus.
1576 2153 1619 2217 In
1639 2172 1700 2234 que
1720 2172 1782 2216 nen
1802 2171 1896 2216 suurn
1916 2152 2006 2216 mede
2027 2152 2202 2232 mettium,
2224 2154 2279 2218 ced
2301 2153 2408 2216 diade

396 2260 659 2305 commemorem:
695 2239 781 2323 quod
803 2240 848 2304 dii
869 2249 1103 2324 nuncupantur
1124 2239 1243 2325 (Exed.
1263 2244 1318 2320 22,
1338 2245 1375 2320 83
1428 2241 1523 2305 tierrm
1542 2239 1663 2321 fastum
1678 2238 1824 2318 produnt,
1842 2239 1919 2302 dum
1934 2238 2152 2320 perfwtienem
2168 2239 2230 2303 sibi
2245 2242 2407 2320 arrepunt,
2494 2307 2497 2322 Ι

395 2325 484 2391 Psal.
504 2328 554 2403 82,
577 2331 591 2388 l
613 2334 646 2389 et
664 2325 699 2410 6)
721 2327 908 2410 quicunque
930 2327 1158 2409 magistratum
1181 2334 1310 2411 gerunt,
1334 2348 1376 2391 ne
1429 2327 1521 2392 cuius
1544 2346 1583 2389 ue
1603 2325 1770 2390 uiuum
1796 2325 1921 2405 quidem
1942 2343 2025 2405 pers
2050 2325 2086 2388 in
2112 2325 2179 2390 ritis
2205 2325 2402 2406 unrpiciur.

397 2411 435 2476 in
456 2432 495 2476 ea
517 2411 736 2494 appellatione
758 2413 831 2476 leve
859 2413 966 2477 inesse
992 2419 1194 2477 momentum
1219 2413 1292 2496 quis
1313 2433 1376 2495 pu·
1438 2412 1553 2477 Verum
1584 2411 1810 2492 quotacunque
1836 2411 1908 2487 sint,
1931 2409 2087 2491 refutatie'
2104 2410 2214 2492 facitis
2240 2415 2300 2474 est:
2324 2410 2404 2491 quia

400 2503 458 2562 tet.
491 2497 544 2562 Ea
563 2497 651 2562 enim
674 2499 885 2580 significatur,
907 2497 1099 2562 mandatum
1118 2518 1138 2561 a
1154 2498 1227 2563 Dee
1245 2499 1377 2575 habere,
1430 2497 1485 2562 ubi
1512 2496 1624 2562 Dauid
1650 2516 1737 2581 repes
1758 2500 1787 2559 et
1800 2498 1977 2577 praelectus
2003 2516 2107 2561 erum
2134 2499 2177 2562 ud
2198 2495 2405 2562 earumdem

401 2581 514 2648 divina
530 2584 706 2647 autoritate
726 2584 890 2665 praeditos
912 2603 991 2662 esse,
1015 2605 1053 2648 ac
1069 2585 1202 2648 omnine
1217 2584 1282 2648 Dei
1303 2604 1378 2666 per·
1431 2582 1495 2649 Dei
1513 2581 1619 2663 filiurn
1644 2581 1787 2647 hortatu
1807 2580 1910 2664 (Psal.
1930 2584 1965 2660 2,
1988 2582 2055 2666 12),
2082 2602 2144 2647 nen
2162 2582 2248 2646 iubet
2274 2581 2408 2662 irnperio

402 2690 517 2734 senam
552 2669 730 2746 sustinere,
758 2670 851 2734 cuim
879 2671 966 2734 vices
996 2669 1233 2751 quodammodo
1264 2677 1376 2754 agunt.
1432 2670 1569 2750 demsite
1590 2669 1633 2733 ud
1648 2668 1812 2748 privum
1838 2669 1937 2732 eitam
1962 2668 2133 2746 euadere,
2155 2669 2211 2733 sed
2226 2671 2411 2749 potestatem

401 2754 479 2817 Non
501 2775 612 2816 meum
643 2753 705 2817 hec
727 2764 777 2818 est
797 2755 962 2832 cavillum,
984 2754 1042 2819 sed
1063 2754 1189 2820 Christi
1217 2756 1379 2838 interpre·
1432 2775 1496 2836 qua
1519 2760 1595 2819 eunt
1621 2754 1766 2818 instructi
1792 2751 1914 2818 Christe
1945 2753 2109 2833 nutura,
2135 2757 2171 2817 ut
2196 2773 2281 2818 unus
2307 2773 2412 2835 aspra

402 2840 494 2902 tatio.
540 2836 579 2902 Si
601 2839 771 2921 scriptura,
794 2841 903 2922 inquit
925 2842 1053 2920 (Ioann.
1077 2846 1131 2919 10,
1152 2840 1224 2926 35),
1244 2863 1299 2906 ees
1320 2861 1379 2907 ve-
1432 2860 1538 2905 annm
1558 2841 1697 2904 emineat.
1739 2838 1895 2904 Simrtiter
1916 2838 2044 2904 Iasone
2064 2838 2131 2922 (49,
2150 2839 2217 2924 23),
2240 2840 2315 2903 dum
2331 2857 2410 2920 pre·

403 2923 492 2988 eavit
509 2921 593 3000 dees,
617 2923 750 3006 adquos
770 2924 909 2990 verbum
921 2927 985 2990 Dei
1002 2926 1192 2992 factumest
1217 2926 1306 3008 Quid
1317 2927 1379 2992 hoc
1431 2927 1526 2990 mittit
1545 2945 1631 3008 repes
1650 2924 1718 3006 fore
1738 2925 1881 2990 oedeeiue
1898 2925 2045 2989 nunties
2063 2930 2093 2990 et
2112 2926 2242 3008 rupinae
2261 2926 2406 3000 numer,

403 3016 461 3087 est,
484 3009 548 3072 nisi
570 3007 803 3074 demandatum
824 3010 891 3077 illis
913 3032 984 3076 esse
1006 3032 1026 3075 a
1046 3012 1118 3076 Dee
1141 3014 1318 3097 negotium,
1339 3020 1381 3076 ut
1432 3016 1494 3076 nen
1520 3011 1644 3076 abanet
1670 3031 1721 3076 eos
1741 3004 1872 3089 tenum
1893 3012 1972 3092 quin
1987 3012 2099 3090 petius
2124 3010 2285 3092 innutrito
2309 3009 2406 3091 eleeto

401 3095 452 3158 illi
473 3095 509 3157 in
532 3115 591 3159 suo
613 3115 749 3159 munere
771 3096 938 3161 serviant?
962 3104 996 3162 et
1013 3096 1114 3181 (qued
1134 3097 1294 3165 iudicibus
1311 3099 1379 3165 suis
1430 3103 1577 3179 patrones
1593 3097 1749 3163 umenti
1762 3097 1834 3177 piis
1850 3094 1915 3161 Dei
1936 3096 2115 3161 maun.
2153 3096 2236 3160 Nam
2252 3095 2295 3160 ud
2312 3092 2406 3159 Uirri
2508 3106 2510 3110 ‘

403 3179 554 3244 dicebant
575 3180 685 3244 Moses
708 3186 741 3245 et
761 3181 927 3264 Iosephat,
971 3204 1030 3248 nos
1051 3185 1278 3269 persingulas
1300 3185 1379 3250 eivi-
1430 3185 1473 3249 su·
1500 3184 1668 3247 adantum
1687 3183 1823 3262 pertinet
1842 3181 2028 3246 naeinam
2052 3182 2142 3248 teau.
2181 3181 2327 3247 Plurima
2348 3183 2407 3244 ras

402 3271 488 3330 tetes
515 3265 601 3330 Iuda
626 3267 882 3352 constituebant)
917 3268 953 3333 iu
979 3270 1076 3332 'cium
1110 3279 1285 3336 exerceant
1313 3291 1380 3336 nen
1431 3270 1562 3334 tirannio
1583 3269 1684 3333 eciem
1703 3269 1807 3333 eruite
1823 3288 1903 3349 quae
1915 3269 2042 3349 passini
2058 3271 2233 3347 merant,
2262 3286 2298 3332 uc
2310 3285 2408 3347 prue-

401 3371 462 3434 pre
495 3351 642 3429 homine,
678 3353 736 3417 sed
770 3375 829 3436 pre
861 3355 933 3420 Dee
968 3355 1082 3439 (Dent
1112 3361 1143 3433 l,
1171 3360 1230 3436 16;
1257 3360 1276 3418 2
1300 3357 1377 3422 Par.
1431 3356 1540 3420 sertim
1560 3354 1596 3418 in
1619 3353 1912 3435 Praesentibus
1932 3374 2026 3419 mum
2047 3356 2101 3419 iuc
2115 3354 2286 3436 praetem
2311 3352 2411 3416 eruri-

405 3440 454 3515 19,
475 3435 532 3521 6)?
576 3436 704 3502 Eodem
725 3442 870 3521 pertinet
891 3440 978 3523 qued
1000 3441 1161 3523 sapientia
1177 3440 1242 3506 Dei
1263 3462 1322 3524 per
1342 3452 1379 3507 es
1430 3441 1488 3506 brar
1506 3442 1670 3505 οοοονίέον.
1718 3439 1868 3506 Orruim
1888 3460 1959 3504 ecre
1979 3442 2118 3505 maxime
2145 3439 2283 3504 iduetris
2303 3441 2347 3504 ert
2367 3436 2410 3500 lo·

403 3520 590 3589 Solomonis
619 3524 787 3607 (Prov.8,
810 3525 863 3611 14)
887 3527 1045 3604 affirmat,
1073 3548 1172 3592 suum
1193 3547 1265 3599 esse
1286 3547 1377 3610 opus,
1431 3548 1487 3593 ure
1517 3526 1617 3591 Perdi
1622 3526 1676 3676 “81¹
1692 3525 1775 3590 rim.
1795 3529 1830 3604 2,
1849 3526 1899 3609 2),
1921 3525 1976 3589 ubi
2004 3525 2198 3590 Timotheum
2230 3524 2410 3600 adnm,

403 3607 610 3692 quadrages
637 3617 779 3693 regnant
799 3617 833 3675 et
859 3611 1037 3677 consiliarii
1069 3612 1249 3678 decernunt
1275 3615 1377 3694 iusta;
1430 3616 1466 3678 in
1486 3617 1570 3678 ueta
1594 3635 1622 3694 ρ
1674 3610 1721 3676 iee
1748 3611 1966 3693 mundas
1987 3631 2054 3676 esse
2063 3604 2174 3694 praem
2189 3631 2253 3692 pre
2274 3608 2412 3692 rapitur,

402 3693 491 3777 qued
510 3694 675 3777 principes
691 3697 913 3779 principatum
934 3705 1062 3782 gerunt,
1085 3705 1119 3764 et
1139 3688 1287 3764 inunifiei
1308 3720 1378 3764 em·
1430 3701 1584 3765 ratium
1604 3717 1678 3762 mee
1698 3696 1837 3762 mtiieit:
1856 3703 1892 3761 ut
1911 3697 2119 3778 tranquillam
2135 3698 2232 3762 uitari
2248 3696 2308 3760 sub
2326 3694 2413 3775 epeia

401 3800 462 3844 nes
483 3780 605 3845 iudices
627 3787 744 3845 terrae.
788 3782 932 3849 Perinde
958 3785 1049 3848 enim
1070 3785 1159 3851 istud
1181 3785 1269 3850 valet
1290 3805 1328 3850 ae
1349 3787 1378 3851 si
1431 3805 1563 3870 wamue
1582 3803 1653 3848 errrn
1673 3783 1758 3848 omni
1772 3783 1890 3864 naara
1910 3787 1940 3847 et
1960 3781 2121 3849 benum
2163 3781 2283 3864 Quibus
2302 3779 2414 3844 eneis

402 3864 528 3930 dictum
549 3872 643 3945 esset,
665 3887 734 3930 nen
756 3867 903 3968 humana
932 3871 1148 3969 peruersitate
1168 3873 1242 3936 fieri
1262 3878 1301 3937 ut
1320 3893 1378 3954 pe·
1430 3892 1536 3937 eorum
1574 3869 1751 3952 patrocinio
1782 3873 1811 3933 et
1848 3869 1959 3933 tutelae
1994 3874 2112 3934 autum
2154 3867 2296 3934 manue
2329 3885 2413 3930 eern-

402 3952 1379 4135 didmmffibiffiffifeigsdiliiriafflpiridiitderriiiarbltumsaridid
1429 3957 1685 4137 militiano
1716 4039 1869 4124 cegitatio
1906 4042 2120 4125 magistratus
2154 4040 2242 4123 ipses
2275 4037 2412 4102 assidue

403 4120 625 4220 ordinatione,
650 4123 703 4187 cui
724 4125 771 4190 sie
794 4126 902 4191 visum
920 4135 970 4192 est
991 4148 1045 4192 res
1067 4129 1239 4193 hominum
1266 4128 1378 4196 mede-
1430 4149 1582 4194 exercere
1603 4126 1709 4207 debet,
1730 4124 1862 4209 quando
1883 4125 2052 4210 ingentem
2068 4126 2134 4192 illis
2155 4123 2327 4191 stimulum
2349 4121 2410 4186 ad-

399 4226 478 4271 rarr.
529 4205 804 4291 Quandoquidem
836 4211 901 4278 illis
930 4213 1023 4278 adest
1050 4234 1089 4278 ae
1116 4215 1214 4279 etiam
1246 4222 1379 4298 praeest
1431 4216 1517 4293 dere,
1538 4235 1603 4297 qno
1620 4212 1663 4278 ad
1684 4213 1829 4279 efficium
1846 4213 2039 4292 excitentur,
2057 4219 2091 4277 et
2107 4211 2311 4295 singularem
2328 4228 2409 4272 oon-

400 4291 593 4358 inferendis
604 4294 732 4378 legibus
745 4303 779 4360 et
792 4294 987 4364 iudiciorum
1005 4299 1169 4383 aequitate
1185 4301 1376 4367 exercenda.
1430 4301 1624 4368 solationem
1651 4300 1769 4365 afferre
1793 4305 1915 4382 potest,
1938 4320 2004 4382 qua
2023 4298 2171 4363 muneris
2192 4296 2245 4361 sui
2266 4292 2406 4380 difficul-

402 4376 499 4459 Qued
520 4386 555 4443 et
575 4379 699 4445 Paulus
732 4381 843 4465 (Rom.
866 4388 920 4463 12,
942 4390 978 4469 8)
1011 4392 1124 4470 aperte
1157 4385 1265 4466 docet,
1299 4386 1378 4453 dnm
1431 4395 1532 4466 tetes,
1566 4407 1650 4469 quae
1681 4385 1805 4450 multae
1837 4391 1924 4448 certe
1946 4394 2118 4468 etgraves
2150 4390 2242 4462 sunt,
2269 4379 2403 4445 leniant

401 4465 624 4613 praefecturas
650 4467 738 4565 inter
760 4467 824 4566 Dei
847 4468 934 4535 dona
954 4479 1135 4571 enumerat,
1157 4493 1242 4556 quae
1262 4494 1378 4539 secun-
1432 4473 1603 4556 Quantum
1625 4471 1714 4571 enim
1733 4469 1954 4570 integritatis,
1981 4470 2190 4568 prudentiae,
2213 4471 2407 4567 mansuetu-

403 4552 880 4733 atstttttttttt
888 4556 1215 4708 alietate
1228 4578 1379 4711 titt?
1430 4550 2409 4728 destituiteenitentia-tetum&

403 4721 549 4787 Tametsi
575 4723 665 4786 enim
684 4724 753 4789 illic
771 4727 903 4809 proprie
926 4727 966 4793 de
988 4737 1106 4794 senatu
1132 4729 1277 4812 loquitur
1303 4753 1378 4816 gra·
1431 4731 1625 4798 constitutos
1657 4751 1728 4794 esse
1756 4725 1902 4792 nerunt?
1947 4725 2023 4807 Qua
2052 4725 2173 4790 fiducia
2201 4724 2411 4807 iniquitatem

402 4807 495 4872 vium
522 4808 683 4887 virorum,
705 4810 762 4892 qui
783 4812 819 4874 in
840 4815 1009 4894 primitiva
1034 4814 1169 4879 ecelesia
1200 4818 1378 4882 constitue-
1430 4819 1467 4882 in
1484 4816 1629 4882 tribunal
1651 4817 1754 4881 snum'
1769 4813 1952 4891 admittent,
1971 4810 2057 4894 qued
2073 4811 2139 4875 Dei
2156 4810 2297 4877 viventis
2314 4807 2411 4872 thro-

316 4931 318 4935 ·
403 4890 539 4970 bantur,
563 4900 601 4956 ut
622 4895 873 4992 conformandae
896 4900 1046 4981 publicae
1073 4898 1262 4982 disciplinae
1283 4923 1379 4986 prae-
1431 4925 1512 4967 num
1534 4923 1605 4967 esse
1627 4898 1787 4965 audiunt?
1832 4895 1909 4978 Qua
1930 4896 2068 4961 audacia
2093 4896 2251 4961 iniustam
2273 4900 2411 4960 senten·

403 4984 521 5055 essent,
539 4978 626 5060 qued
642 5000 763 5045 munus
780 4982 813 5046 in
833 4985 969 5067 epistola
986 4988 1027 5052 ad
1045 4986 1235 5053 (lorinthies
1252 4987 1284 5072 <l
1301 4987 1377 5054 Oer.
1431 4991 1513 5055 tiam
1541 4982 1815 5069 pronuntiabunt,
1846 5003 1884 5046 ee
1912 5004 1968 5047 ere
1994 4982 2080 5064 quod
2109 4982 2240 5047 divinae
2274 4979 2411 5047 veritati

407 5063 525 5160 1238)
543 5064 733 5148 κυβερνήσεις
751 5077 856 5148 vocat,
875 5073 952 5154 quia
969 5080 1080 5138 tamen
1097 5072 1247 5138 ridemus
1265 5073 1379 5138 eodem
1432 5074 1639 5157 designatum
1666 5089 1737 5134 esse
1769 5088 1929 5152 organum
1961 5068 2174 5151 intelligent?
2227 5067 2303 5147 Qua
2329 5084 2410 5129 eon-

404 5146 548 5212 rcerdere
576 5151 676 5213 finem
705 5152 812 5219 civilis
833 5159 1019 5238 potestatis,
1042 5181 1108 5224 nen
1136 5160 1269 5224 dubium
1299 5160 1379 5241 quin
1432 5158 1614 5225 seientiain
1627 5154 1729 5238 impia
1747 5151 1878 5219 decreta
1899 5154 2115 5233 subscribent,
2134 5174 2173 5217 ea
2189 5173 2292 5216 manu
2308 5171 2411 5234 quam
2479 5150 2490 5181 ⁴

405 5253 502 5297 omne
527 5234 632 5300 iustae
659 5239 884 5320 praefecturae
910 5265 1015 5326 genus
1041 5244 1135 5310 nobis
1163 5244 1377 5311 commendet
1432 5244 1474 5310 ad
1505 5241 1736 5330 perscribenda
1765 5241 1830 5306 Dei
1861 5247 1935 5306 acta
1967 5242 2077 5306 sciunt
2109 5237 2321 5304 ordinatam?
2365 5236 2411 5301 In

404 5318 513 5383 Multo
534 5333 612 5385 vero
634 5321 768 5401 elarius,
790 5326 846 5390 ubi
869 5328 990 5394 iustam
1008 5350 1047 5395 ea
1068 5329 1108 5396 de
1129 5352 1166 5396 re
1187 5331 1380 5415 disputatio-
1433 5351 1578 5408 summa,
1599 5330 1628 5394 si
1649 5348 1684 5393 se
1705 5326 1771 5392 Dei
1797 5327 1937 5393 nosnos
1964 5348 2034 5392 esse
2061 5325 2288 5403 meminerint,
2317 5323 2411 5388 omni

405 5425 481 5468 nem
514 5406 666 5471 instituit.
711 5409 798 5473 Nam
827 5418 860 5474 et
886 5423 1082 5496 potestatem
1109 5415 1174 5482 Dei
1201 5417 1380 5482 ordinatio-
1432 5437 1526 5496 eura,
1554 5415 1742 5493 sedulitate,
1775 5408 1937 5477 industria
1967 5412 2142 5496 invigilent
2168 5416 2310 5494 eportet,
2343 5429 2411 5491 quo

406 5510 483 5554 uem
511 5512 581 5556 esse
610 5493 711 5556 tradit
722 5517 729 5571 ;
757 5515 818 5558 nee
847 5507 1023 5579 potestates
1050 5523 1120 5567 esse
1146 5501 1244 5578 ullas,
1273 5504 1338 5568 nisi
1360 5525 1380 5568 a
1432 5501 1620 5568 hominibus
1642 5499 1807 5584 quandam
1825 5498 1957 5564 divinae
1977 5496 2212 5581 providentiae,
2231 5494 2410 5574 custoffiae,

405 5572 663 5674 Deeerdinates
685 5579 868 5666 (Rom313,
890 5585 931 5670 1).
965 5586 1059 5669 Ipsca
1076 5594 1186 5653 autem
1206 5589 1378 5673 principes,
1433 5589 1602 5667 bonitatis,
1629 5585 1892 5663 benevolentiae,
1930 5583 2075 5650 iustitiae
2101 5584 2280 5668 imaginem
2308 5583 2345 5645 in
2373 5603 2412 5647 se

406 5672 574 5760 ministros
594 5683 665 5728 esse
674 5663 749 5745 Dei,
771 5665 854 5731 bene
875 5672 1047 5752 egentibus
1063 5672 1099 5738 in
1115 5670 1258 5752 leudem,
1274 5675 1379 5757 malis,
1432 5679 1687 5758 repraesentent
1736 5671 1793 5738 Ae
1819 5676 1979 5761 perpetuo
2015 5669 2099 5735 illud
2131 5669 2194 5735 sibi
2232 5667 2413 5733 subiiciunt

408 5743 450 5808 ad
469 5765 555 5811 uam
576 5746 708 5814 ultores.
752 5750 829 5816 Huc
853 5754 1013 5820 meedrmt
1030 5764 1065 5823 et
1084 5765 1273 5824 meorum
1292 5760 1381 5826 rire·
1434 5759 1513 5846 (Icr.
1531 5763 1583 5838 48,
1605 5756 1674 5842 10):
1702 5755 1995 5823 simeledianutur
2015 5775 2128 5822 omnes
2149 5755 2207 5838 qui
2227 5768 2311 5838 opus
2331 5752 2412 5819 vin·
