5600 6809
401 759 482 821 1000
734 755 824 820 um.
847 754 908 820 IV.
951 755 1015 821 na
1037 753 1273 823 uxruums
1294 751 1462 820 nunus
1485 753 1551 818 nu
1573 751 1804 821 smmum
1836 698 1950 821 xoar.
1971 754 2070 822 xix
2324 764 2406 826 1000

398 945 588 1010 audiamus:
625 944 759 1010 diaeono
787 945 843 1025 qui
871 942 1056 1022 ordinatur,
1090 945 1179 1010 solus
1205 946 1375 1027 episeopus
1408 941 1624 1007 *firmandam
1656 942 1914 1024 promissionem
1965 943 2059 1008 Nihil
2080 945 2146 1009 tale
2173 967 2244 1011 esse
2270 948 2306 1011 in
2332 969 2404 1013 ma·

396 1052 532 1096 manum
554 1030 702 1114 imponit.
748 1029 904 1094 Orarium
927 1029 976 1092 illi
997 1037 1030 1095 et
1048 1031 1166 1095 stolam
1188 1050 1287 1114 super
1307 1030 1375 1096 lae·
1427 1029 1581 1093 trimonio
1602 1028 1697 1109 pueri
1715 1049 1843 1111 quoque
1865 1027 2066 1095 iudioabunt
2097 1029 2165 1096 Sed
2187 1034 2322 1115 signum
2343 1042 2402 1113 est,

397 1138 477 1182 vum
509 1116 685 1180 humerum
719 1115 867 1193 eolloeat‚
895 1122 934 1180 ut
959 1115 1123 1200 intelligat
1149 1137 1185 1181 se
1213 1117 1375 1199 aeeepisse
1427 1113 1593 1196 inquiunt,
1624 1134 1735 1179 saerae
1757 1115 1824 1192 roi,
1844 1113 1907 1178 hoe
1928 1123 1978 1180 est
1996 1117 2176 1198 spiritualis
2204 1119 2403 1185 eoniunotie·

397 1204 513 1285 iugum
546 1201 681 1265 Domini
709 1201 794 1279 leve,
821 1222 884 1284 que
911 1201 953 1265 ad
982 1202 1150 1266 sinistram
1176 1203 1375 1284 pertinentia
1426 1200 1479 1264 nis
1501 1199 1627 1265 Christi
1647 1221 1722 1266 eum
1745 1200 1887 1265 ecelesia
1933 1198 1971 1265 Si
1988 1201 2088 1266 verbe
2111 1203 2198 1286 signi
2218 1204 2404 1287 symbolum

398 1287 508 1352 divino
530 1288 640 1351 timori
664 1287 820 1352 subiioiat.
866 1288 1009 1352 Textum
1040 1287 1203 1370 evangelii
1228 1288 1373 1369 praebet,
1426 1285 1616 1369 intelligunt
1638 1287 1746 1350 aDeo
1773 1286 1867 1351 nobis
1888 1287 1924 1350 in
1946 1270 2008 1352 hoe
2036 1289 2240 1370 propositum
2268 1299 2305 1354 ut
2326 1290 2404 1356 fidei

397 1380 436 1437 ut
457 1395 492 1438 se
514 1374 584 1438 eius
610 1394 804 1456 praeconem
827 1379 991 1457 agnosoat.
1036 1373 1083 1437 Et
1100 1373 1202 1438 istaee
1232 1372 1310 1454 quid
1333 1370 1375 1436 ad
1426 1379 1558 1436 nestrae
1580 1372 1811 1437 certitudinem
1829 1372 1943 1455 erigat,
1965 1373 2062 1457 longe
2081 1395 2101 1438 a
2118 1396 2212 1458 soopo
2233 1376 2402 1456 aberrant;

398 1459 572 1524 diaeonos?
616 1458 759 1523 Perinde
787 1479 864 1524 vero
892 1459 1018 1523 faeiunt
1038 1480 1076 1523 ao
1097 1459 1126 1522 si
1148 1460 1222 1541 quis
1244 1465 1374 1541 aposte-
1425 1458 1453 1521 si
1475 1457 1607 1540 signum
1630 1458 1821 1540 simplieiter
1843 1458 2015 1541 aeeipiunt,
2044 1460 2131 1542 quod
2157 1461 2192 1523 in
2215 1461 2403 1526 similitudi-

397 1545 446 1610 los
475 1567 510 1609 se
538 1546 709 1610 instituere
742 1543 864 1610 dieeret
896 1565 977 1627 quos
1010 1542 1173 1609 duntaxat
1205 1543 1373 1609 adolendis
1426 1563 1502 1607 nem
1520 1543 1698 1608 adductum
1716 1544 1767 1622 sit,
1787 1543 1957 1609 ostendam
1975 1566 2073 1626 quam
2092 1553 2188 1611 aaute
2205 1548 2402 1613 ratiooinen-

397 1629 564 1709 thuribus,
589 1630 770 1695 simulacris
792 1627 960 1713 poliendis,
983 1629 1214 1695 convertendis
1231 1630 1372 1712 templis,
1424 1636 1490 1692 tur.
1526 1629 1652 1695 Paulus
1674 1630 1720 1693 ait
1737 1632 1770 1714 (1
1791 1628 1865 1695 Dor.
1888 1634 1936 1714 lb,
1959 1629 2031 1723 40:
2051 1632 2136 1696 siout
2158 1632 2254 1696 stella
2272 1655 2292 1697 a
2308 1633 2405 1698 stella

398 1715 566 1798 oaptandis
605 1717 768 1794 muribus,
808 1715 961 1800 fugandis
999 1715 1134 1780 eanibus
1171 1717 1371 1798 praeficeret.
1427 1714 1537 1778 differt
1555 1717 1591 1779 in
1613 1716 1776 1792 claritate,
1799 1717 1846 1781 sio
1874 1717 1937 1780 erit
1964 1717 2160 1781 resurreetio
2185 1727 2402 1786 mertuorum.

398 1799 482 1881 Quis
503 1801 539 1865 id
561 1802 733 1866 hominum
755 1823 859 1885 genus
881 1802 991 1867 vocari
1014 1801 1176 1883 apostolos
1195 1808 1372 1885 pateretur,
1426 1801 1480 1864 En
1509 1822 1611 1864 unum
1638 1810 1887 1866 saeramentum.
1933 1800 2088 1866 Ohristus
2117 1805 2164 1866 ait
2190 1804 2324 1887 (Matth.
2353 1809 2402 1885 13,

397 1896 432 1953 et
459 1888 599 1952 oonferri
625 1910 701 1953 oum
730 1889 810 1971 ipsis
841 1887 969 1952 Christi
1002 1886 1179 1970 apostolis?
1228 1887 1373 1953 Posthae
1428 1890 1465 1948 31
1487 1894 1521 1950 et
1544 1887 1613 1969 33):
1653 1887 1760 1951 simile
1786 1895 1837 1952 est
1868 1908 2008 1970 regnum
2036 1888 2200 1952 eoelorum
2228 1910 2332 1972 grano
2359 1893 2403 1956 si-

274 2036 283 2052 ,
397 1993 475 2057 ergo
493 1995 535 2037 ne
558 1973 709 2039 diaeenos
732 1994 802 2038 esse
823 1973 1036 2051 mentiantur,
1055 1994 1135 2056 quos
1157 1993 1223 2037 non
1246 1974 1310 2038 nisi
1332 1971 1374 2037 ad
1427 1972 1531 2054 napis.
1577 1973 1633 2035 En
1660 1972 1809 2037 alterum.
1860 1974 2024 2039 Rursum:
2053 1974 2159 2038 simile
2188 1983 2239 2039 est
2265 1997 2404 2059 regnum

398 2059 603 2124 histrienieos
625 2080 703 2124 suos
724 2058 819 2125 ludos
841 2060 1026 2124 instituunt.
1072 2058 1281 2139 Quinetiam
1302 2060 1372 2142 ipso
1427 2057 1592 2122 eoelorum
1613 2058 1781 2123 fermento.
1825 2059 1912 2125 ane
1934 2060 2077 2124 tertium.
2122 2060 2246 2124 Iesaias
2267 2062 2314 2125 ait
2336 2062 2403 2146 (40,

396 2145 528 2209 nomine
550 2146 630 2211 satis
657 2144 825 2210 deelarant
856 2145 952 2228 quale
974 2145 1018 2210 sit
1040 2145 1192 2210 offieium.
1237 2144 1374 2209 Levites
1430 2142 1499 2227 11):
1523 2163 1596 2208 eoee
1614 2144 1779 2208 Dominus
1808 2165 1944 2228 gregem
1972 2167 2070 2209 suum
2097 2154 2208 2227 paseat
2230 2148 2323 2229 quasi
2345 2167 2404 2231 pa·

397 2232 486 2295 enim
508 2231 684 2314 appellant,
707 2251 883 2314 eorumque
905 2231 1066 2295 rationem
1089 2252 1126 2297 ae
1149 2231 1309 2314 originem
1331 2229 1373 2294 ad
1425 2239 1502 2294 ster.
1547 2230 1634 2294 ane
1655 2235 1818 2311 quartum.
1861 2230 1954 2295 -Alibi
1977 2230 2054 2314 (Ies.
2074 2235 2125 2309 42,
2147 2231 2216 2312 13):
2240 2233 2404 2297 Dominus

396 2317 481 2381 filios
518 2316 603 2381 Levi
641 2317 756 2381 referri
794 2316 917 2382 volunt
975 2314 1073 2396 Quod
1095 2337 1165 2398 ·per
1203 2337 1257 2381 mo
1300 2316 1373 2398 qui-
1425 2316 1518 2397 quasi
1541 2316 1635 2398 gigas
1656 2315 1850 2398 egredietur.
1886 2317 2144 2397 ansquintum.
2178 2318 2225 2381 Et
2242 2319 2316 2400 quis
2328 2327 2404 2383 tan-

397 2401 472 2466 dem
497 2402 588 2481 lieet,
615 2402 712 2467 modo
733 2423 776 2467 ne
799 2402 915 2468 ahenis
947 2401 1068 2484 plumis
1095 2423 1149 2467 eos
1176 2410 1290 2485 postea
1316 2422 1374 2468 ve-
1425 2400 1501 2465 dem
1521 2401 1597 2465 finis
1619 2410 1676 2465 aut
1697 2400 1835 2467 modus?
1865 2401 1949 2466 nihil
1969 2402 2031 2467 hae
2060 2403 2186 2466 ratione
2213 2424 2402 2470 saeramen·

397 2488 508 2552 stiunt.
1425 2494 1497 2550 tum
1519 2506 1588 2549 non
1614 2487 1690 2550 erit:
1719 2495 1799 2570 quot
1818 2488 1853 2551 in
1877 2487 2040 2569 seriptura
2067 2487 2240 2569 parabolae
2268 2496 2404 2554 suntet

484 2578 534 2638 33.
579 2574 631 2639 De
653 2573 887 2659 hypodiaeonis
909 2574 989 2656 quid
1006 2573 1113 2640 dieere
1135 2571 1275 2638 attinet?
1296 2593 1374 2638 nam
1426 2569 1671 2649 similitudines,
1704 2578 1754 2636 tot
1781 2581 1879 2638 erunt
1912 2581 2125 2638 saeramenta
2177 2570 2268 2652 Quin
2303 2576 2405 2639 etiam

397 2680 498 2742 quum
526 2680 562 2722 re
595 2680 675 2725 vera
708 2679 804 2724 aurae
835 2679 1018 2742 pauperum
1050 2659 1129 2724 olim
1160 2659 1372 2742 praefuerint,
1425 2658 1553 2722 hirtum
1580 2667 1822 2722 saoramentum
1848 2660 1925 2737 erit,
1949 2656 2213 2741 quandoquidem
2246 2662 2405 2743 seriptum

396 2746 605 2829 nugatoriam
625 2745 736 2810 neseio
758 2766 856 2828 quam
876 2746 1077 2810 funetonom
1095 2745 1161 2810 illis
1178 2745 1373 2824 attribuunt,
1426 2756 1478 2808 est
1494 2748 1526 2826 (1
1547 2742 1661 2808 Thess.
1682 2749 1710 2821 5,
1730 2743 1779 2827 2):
1803 2744 1871 2809 dies
1892 2744 2030 2808 Domini
2051 2745 2136 2809 sieut
2157 2744 2218 2808 fur.
2254 2743 2338 2825 Quis
2355 2746 2403 2811 fe-

349 2899 352 2906 ,
396 2837 435 2893 ut
456 2831 591 2897 ealioem
612 2852 650 2895 ae
670 2839 840 2914 patenam,
869 2832 1037 2896 ureeolum
1058 2852 1135 2896 oum
1157 2851 1257 2914 aqua,
1278 2851 1374 2895 man·
1426 2837 1480 2893 rat
1500 2830 1581 2894 istos
1607 2828 1770 2911 sophistas
1799 2835 1868 2893 tam
1889 2829 2006 2895 inseite
2034 2822 2237 2913 garrientes?
2282 2833 2405 2896 Fateor

396 2915 455 2980 tile
483 2916 525 2981 ad
548 2916 652 2981 altare
674 2916 835 2995 deferant,
870 2937 987 3000 aquam
1020 2916 1160 2981 fundant
1187 2916 1230 2981 ad
1256 2937 1374 2981 manus
1427 2914 1575 2997 quidem,
1610 2915 1736 2997 quoties
1769 2915 1927 2997 aspioitur
1958 2916 2052 2992 vitis,
2083 2916 2244 2997 optimum
2269 2937 2339 2981 esse
2365 2919 2404 2982 in

396 3001 568 3081 lavandas,
591 3009 651 3066 eto.
697 3001 771 3066 lam
790 3023 861 3067 uero
883 3002 969 3084 quod
995 3001 1036 3066 de
1057 3000 1274 3066 oblationibus
1292 3003 1374 3068 reei-
1426 3001 1620 3065 memoriam
1654 3001 1801 3066 revoeari
1823 3000 1909 3083 quod
1937 3000 1984 3064 ait
2010 2999 2164 3065 (lhristus
2197 3001 2326 3080 (Ieann
2354 3007 2403 3081 lo,

396 3087 524 3170 piendis
554 3095 587 3152 et
613 3087 794 3153 inferendis
826 3087 953 3166 meunt,
983 3109 1038 3152 eas
1070 3087 1261 3171 intelligimt
1292 3108 1374 3169 quas
1431 3087 1581 3170 lseqq.):
1622 3107 1683 3170 ego
1704 3107 1780 3151 sum
1800 3087 1888 3165 vitis,
1911 3106 1970 3152 vos
1991 3087 2159 3169 palmites,
2187 3094 2281 3169 pater
2311 3109 2405 3153 meus

396 3173 489 3239 velut
510 3173 711 3238 anathemati
728 3172 907 3239 destinatas
929 3173 1146 3257 ingurgitant.
1190 3173 1280 3238 Huie
1302 3194 1375 3237 mu·
1426 3170 1541 3238 eulter.
1586 3170 1723 3253 Quoties
1745 3173 1888 3238 oeourrit
1908 3179 2021 3256 pastor
2040 3192 2118 3237 oum
2135 3193 2244 3255 grege,
2268 3180 2302 3238 et
2322 3172 2406 3238 illud

397 3259 469 3322 neri
487 3258 609 3341 optime
628 3260 804 3342 respondet
824 3258 978 3324 initiandi
999 3259 1092 3335 ritus,
1111 3266 1150 3323 ut
1166 3259 1206 3323 ab
1224 3258 1374 3340 episeopo
1426 3258 1526 3322 etiam
1552 3272 1725 3324 ooourrere
1757 3258 1880 3324 bonum
1907 3279 1978 3323 esse
2006 3258 2135 3342 (loann.
2164 3262 2217 3336 10,
2245 3257 2315 3341 11);
2345 3278 2406 3343 ego

397 3352 551 3426 patenam
574 3351 608 3408 et
629 3344 772 3424 ealieem,
796 3346 836 3410 ab
860 3345 1087 3410 arehidiaeeno
1109 3343 1277 3408 uroeolum
1299 3363 1374 3408 eum
1426 3364 1498 3409 sum
1517 3351 1631 3426 pastor
1648 3344 1754 3410 bouus
1764 3368 1772 3423 3
1791 3364 1869 3410 eves
1886 3364 1980 3408 meae
1997 3362 2106 3408 meam
2123 3362 2236 3408 voeem
2253 3343 2403 3409 audiunt

398 3449 495 3511 aqua,
523 3431 676 3495 manuale
699 3438 734 3495 et
760 3430 948 3497 huiusmodi
980 3437 1092 3496 aerata
1114 3428 1259 3512 aoeipiat.
1309 3429 1374 3494 His
1426 3429 1554 3493 Verum
1571 3431 1599 3494 si
1617 3431 1689 3513 quis
1706 3431 1790 3496 tales
1812 3429 2043 3495 similitudines
2065 3429 2278 3493 saeramentis
2300 3452 2406 3495 annu·

396 3514 528 3597 ineptiis
550 3523 588 3579 ut
608 3515 773 3582 inelusum
791 3517 942 3599 spiritum
963 3523 1113 3582 sanetum
1134 3516 1296 3581 fateamur
1316 3536 1374 3597 po-
1425 3523 1540 3595 meret,
1562 3517 1598 3580 in
1619 3517 1815 3602 Anticyram
1833 3515 2013 3580 mittendus
2035 3514 2087 3580 sit

398 3599 530 3665 stulant.
576 3599 660 3681 Quis
683 3603 758 3686 pius
784 3603 846 3668 hee
873 3601 1049 3668 eoneedere
1077 3599 1260 3666 sustineat?
1305 3600 1373 3665 Ve-
1513 3605 1564 3665 35.
1609 3600 1721 3667 Verba
1743 3610 1854 3667 tamen
1874 3601 1975 3666 Pauli
1996 3601 2189 3678 obtrudunt,
2213 3600 2332 3683 quibus
2354 3620 2406 3666 aa·

314 3745 316 3754 .
397 3706 487 3764 rum,
508 3693 546 3750 ut
569 3687 668 3753 semel
696 3689 866 3767 finiamus,
889 3688 967 3754 lieet
988 3687 1028 3752 de
1050 3687 1090 3752 iis
1107 3686 1197 3751 idem
1223 3685 1310 3769 quod
1332 3685 1373 3752 de
1426 3688 1586 3752 eramenti
1617 3708 1738 3752 nomen
1766 3688 1974 3753 matrimonio
2005 3687 2142 3751 attribui
2167 3685 2279 3752 dieunt
2303 3687 2404 3771 (Dph.

396 3771 531 3854 reliquis
553 3780 706 3839 statuere.
746 3775 863 3858 Neque
881 3775 971 3839 enim
993 3794 1075 3856 opus
1096 3780 1147 3838 est
1168 3772 1300 3857 longius
1320 3792 1373 3837 rs-
1428 3777 1462 3851 5,
1482 3773 1568 3857 29):·
1586 3773 1643 3855 qui
1664 3794 1802 3838 uxorem
1824 3772 1942 3857 diligit,
1967 3774 2132 3856 seipsum
2161 3772 2281 3855 diligit3
2309 3792 2405 3836 nemo

395 3865 507 3940 petere
533 3879 617 3941 quae
643 3881 743 3942 supra
772 3867 850 3926 sunt
876 3859 1047 3943 explieata
1091 3859 1165 3925 Heu
1192 3857 1273 3924 satis
1303 3879 1373 3922 esse
1425 3879 1573 3941 unquam
1605 3879 1739 3924 earnem
1770 3880 1866 3925 suam
1895 3858 1970 3923 edio
2000 3858 2129 3936 habuit,
2158 3857 2213 3922 sed
2244 3857 2351 3921 nutrit
2372 3864 2407 3923 st

395 3944 518 4026 poterit
547 3945 702 4011 modestis
735 3952 770 4010 et
803 3945 975 4025 doeilibus,
1009 3945 1122 4028 quales
1154 3943 1372 4009 instituendos
1425 3944 1514 4010 fovet
1530 3963 1612 4022 eam,
1630 3945 1717 4010 sieut
1732 3952 1767 4008 et
1784 3944 1940 4010 Christus
1958 3944 2140 4022 eoelesiam3
2164 3943 2242 4025 quia
2257 3941 2407 4010 membra

396 4030 534 4113 ausoepi,
556 4030 686 4094 nullum
708 4053 779 4097 esse
800 4033 865 4096 Dei
882 4038 1124 4096 sacramentum
1144 4030 1209 4095 nisi
1225 4028 1281 4094 ubi
1299 4050 1372 4095 eae·
1424 4050 1541 4094 sumus
1556 4031 1700 4112 eorporis
1711 4031 1792 4111 eius,
1810 4031 1850 4096 de
1866 4052 1963 4095 earne
1979 4031 2058 4108 eius,
2075 4036 2109 4092 et
2126 4028 2167 4093 de
2178 4029 2304 4094 ossibus
2321 4030 2406 4110 eius3

395 4116 543 4180 remonia
569 4116 753 4181 ostenditur
782 4138 912 4182 annexa
943 4115 1166 4199 promissioni3
1200 4121 1258 4179 aut
1284 4121 1372 4179 certa
1423 4121 1558 4198 propter
1574 4116 1638 4181 hoe
1654 4116 1819 4200 relinquet
1834 4117 1932 4181 home
1948 4122 2076 4200 patrem
2087 4121 2120 4179 et
2135 4122 2285 4192 matrem,
2303 4123 2337 4177 et
2348 4112 2406 4179 ad·

396 4201 514 4283 potius,
543 4201 608 4265 nisi
636 4200 693 4266 ubi
710 4204 881 4285 promissio
908 4203 944 4266 in
970 4200 1175 4266 caeremonia
1197 4207 1370 4282 speetatur.
1424 4201 1574 4266 haerebit
1594 4203 1691 4266 uxori
1712 4224 1806 4282 suae,
1828 4209 1863 4267 et
1883 4208 1980 4268 amnt
2001 4201 2064 4266 duo
2080 4201 2116 4263 in
2137 4219 2270 4265 earnem
2290 4219 2405 4264 unam:

394 4285 461 4351 Hie
478 4308 521 4350 ne
539 4287 667 4370 syllaba
688 4286 820 4372 quidem
842 4287 984 4353 habetur
1006 4293 1114 4352 sertae
1135 4285 1275 4351 alieuius
1296 4306 1371 4369 pro-
1425 4293 1666 4353 saeramentum
1688 4289 1750 4355 hee
1771 4310 1929 4372 magnum
1951 4295 2015 4366 est;
2044 4306 2104 4369 ego
2125 4291 2235 4348 autem
2257 4282 2343 4362 dieo,
2370 4285 2406 4349 in

395 4372 574 4453 missionis3
607 4374 729 4439 frustra
755 4374 858 4456 igitur
890 4382 1067 4456 quaeratur
1094 4373 1299 4437 eaeremonia
1330 4370 1373 4435 ad
1426 4371 1560 4438 Ohristo
1582 4381 1616 4438 et
1637 4374 1782 4440 eoelesia
1827 4374 1876 4439 At
1897 4375 1943 4439 sia
1963 4379 2105 4437 traetare
2126 4370 2314 4451 seripturas,
2338 4377 2406 4433 ter-

397 4458 655 4524 eonfirmffldam
680 4460 936 4542 promissionem.
981 4459 1129 4523 Rursum
1151 4456 1245 4521 nulla
1263 4478 1372 4523 eaere-
1426 4480 1500 4523 ram
1521 4459 1611 4524 eeelo
1638 4462 1775 4526 miseere
1796 4467 1854 4524 est
1899 4459 2041 4535 Paulus,
2064 4463 2102 4519 ut
2124 4453 2311 4520 estenderet
2331 4475 2403 4520 ma·

396 4543 515 4620 monia,
531 4566 573 4608 ex
590 4546 630 4609 iis
647 4567 729 4629 quas
749 4555 920 4628 usurpant,
939 4565 958 4608 a
975 4545 1048 4610 Deo
1068 4543 1221 4609 instituta
1237 4543 1372 4628 legitur:
1427 4545 1510 4624 ritis,
1537 4565 1636 4627 quam
1657 4545 1818 4631 singulari
1845 4564 1956 4610 amore
1983 4561 2104 4605 uxores
2125 4560 2202 4605 suas
2231 4540 2402 4621 eompleoti

396 4630 639 4693 saeramentum
655 4632 757 4715 igitur
777 4631 906 4696 nullum
928 4652 1000 4696 esse
1020 4636 1136 4712 potest
1427 4628 1582 4710 debeant,
1615 4632 1787 4698 (lhristum
1809 4630 1876 4694 illis
1897 4630 1932 4692 in
1959 4625 2129 4708 exemplar
2150 4626 2311 4707 proponit.
2356 4626 2404 4692 Ut

1320 4763 1322 4768 .
1427 4715 1518 4779 enim
1538 4717 1594 4783 ille
1615 4721 1742 4785 viscera
1763 4715 1894 4799 pietatis
1911 4711 2028 4777 effudit
2044 4711 2080 4774 in
2101 4711 2280 4789 eeclesiam,
2304 4731 2402 4793 quam

617 4894 627 4905 ,
689 4833 1089 4903 enarmonio.
1427 4797 2404 4974 llithila-‘ttilxtlltquttlttdlttt=it

484 4974 534 5034 34.
579 4970 788 5034 Postremum
814 4983 865 5037 est
890 4973 1152 5050 matrimonium,
1181 4972 1268 5055 quod
1297 4980 1375 5038 uta
1427 4994 1565 5039 uxorem
1586 4975 1706 5057 diligit,
1737 4972 1949 5053 semetipsum
1978 4968 2099 5051 diligit,
2127 4968 2404 5051 quemadmodum

398 5057 470 5122 Deo
490 5056 675 5121 institutum
705 5055 850 5119 fatentur
872 5076 999 5132 omnes,
1023 5059 1069 5120 ita
1090 5079 1149 5139 pro
1170 5067 1375 5124 saoramento
1428 5058 1581 5125 Christus
1608 5058 1722 5121 dilexit
1749 5057 1927 5122 ecelesiam.
1971 5055 2092 5134 Porro,
2110 5061 2149 5118 ut
2169 5053 2301 5119 deseret
2322 5076 2402 5137 quo·

399 5141 514 5206 datum
546 5160 642 5205 nemo
671 5161 774 5222 usque
801 5140 844 5205 ad
871 5140 1025 5222 Gregorii
1057 5148 1206 5223 tempora
1237 5144 1373 5211 viderat
1427 5145 1523 5210 modo
1543 5145 1696 5209 Christus
1718 5141 1870 5207 dilexerit
1891 5141 2061 5207 ecelesiam
2082 5140 2217 5224 perinde
2235 5147 2332 5222 atque
2350 5162 2401 5204 se-

399 5228 446 5292 Et
467 5227 520 5293 eui
541 5247 687 5309 unquam
708 5226 814 5291 sobrio
836 5227 1040 5310 inurentem
1066 5227 1230 5291 venisset?
1275 5228 1374 5293 Ordi·
1427 5231 1611 5310 metipsum,
1630 5230 1697 5293 imo
1714 5228 1874 5311 quomodo
1890 5249 1926 5292 se
1942 5247 2047 5292 unum
2064 5227 2178 5291 feeerit
2191 5246 2268 5290 eum
2284 5245 2404 5308 sponsa

399 5315 488 5378 natio
516 5312 582 5376 Dei
609 5312 695 5377 bona
717 5318 768 5376 est
789 5320 823 5376 et
844 5318 966 5376 saneta
1010 5310 1057 5374 Et
1080 5310 1293 5393 agrioultura,
1323 5334 1374 5376 ar·
1429 5336 1488 5379 sua
1505 5315 1650 5393 eeclesia,
1668 5316 1769 5380 refert
1782 5314 1823 5379 ad
1835 5335 1911 5379 eum
1928 5335 2011 5396 quae
2028 5313 2139 5377 Moses
2159 5319 2272 5374 narrat
2294 5310 2403 5375 Adam

400 5399 591 5477 ehiteetura,
614 5399 751 5478 sutrina,
774 5396 946 5475 tonstrina,
969 5393 1190 5462 ordinationes
1211 5404 1291 5463 sunt
1311 5399 1375 5463 Dei
1429 5398 1468 5462 de
1491 5421 1525 5465 se
1553 5400 1683 5466 dixisse.
1736 5398 1848 5479 Quum
1876 5400 1964 5464 enim
1992 5397 2132 5463 adducta
2156 5402 2243 5460 esset
2269 5396 2305 5459 in
2331 5397 2402 5461 eius

401 5485 580 5569 legitimae,
614 5506 673 5550 nee
701 5492 814 5549 tamen
844 5489 1052 5548 saeramenta
1084 5490 1169 5546 sunt
1218 5482 1258 5547 Id
1287 5485 1375 5549 enim
1428 5494 1638 5569 eonspeotum
1658 5488 1765 5564 Hera,
1787 5507 1886 5571 quam
1904 5508 1922 5550 e
1938 5506 1999 5551 sua
2015 5492 2106 5550 aesta
2126 5483 2300 5545 formatam
2320 5482 2402 5547 seie-
2485 5541 2487 5543 ,

400 5592 467 5636 non
484 5578 610 5637 tantum
629 5571 665 5635 in
684 5575 889 5636 saeramento
905 5568 1075 5652 quaeritur
1090 5576 1128 5631 ut
1143 5568 1208 5633 Dei
1225 5569 1268 5632 sit
1284 5590 1375 5652 opus,
1428 5569 1498 5637 bat:
1518 5572 1608 5653 haee,
1626 5573 1735 5656 inquit
1752 5572 1852 5657 (Gen.
1871 5575 1900 5651 2,
1915 5571 1980 5652 23),
1999 5577 2049 5634 est
2061 5590 2097 5634 os
2110 5590 2151 5633 ex
2167 5567 2292 5632 essibus
2309 5569 2401 5648 meis,

402 5656 460 5723 sed
481 5666 519 5723 ut
539 5659 584 5723 sit
603 5657 808 5724 caeremonia
829 5657 972 5721 exterior
988 5674 1011 5719 a
1027 5652 1100 5720 Dee
1115 5653 1222 5738 posita
1239 5654 1281 5720 ad
1298 5677 1375 5721 oon·
1429 5661 1463 5719 et
1482 5681 1559 5726 earo
1587 5659 1628 5726 de
1649 5680 1748 5725 earne
1775 5678 1858 5725 mea
1903 5657 2023 5723 'fotum
2043 5653 2078 5719 id
2099 5652 2314 5737 spiritualiter
2339 5654 2404 5719 im.
2458 5728 2463 5740 ι
2517 5681 2524 5687 -

511 5759 622 5816 Caluini
635 5777 726 5831 opera.
769 5759 824 5815 Vol.
844 5757 886 5812 11.
2031 5785 2036 5796 ·
2166 5753 2200 5807 69
