5600 6809
392 737 453 798 683
1035 725 1301 794 INSTI'PU'PIO
1324 729 1435 793 REL.
1458 727 1639 794 cflrtlsr.
1668 731 1759 792 1559.
2341 732 2406 791 684

387 923 535 986 futurum
557 925 614 982 aut
636 918 860 999 praeteritum,
885 916 942 981 sed
959 915 1069 980 omnia
1087 914 1155 978 sint
1172 915 1365 995 praesentia,
1422 916 1493 980 suis
1516 917 1637 980 vocibus
1658 938 1738 996 opus
1759 917 1829 981 eius
1850 916 2029 997 impedient,
2054 936 2108 980 nec
2128 917 2334 980 masculorum
2356 917 2404 979 la-

388 1017 421 1072 et
448 1007 493 1070 sio
520 1003 654 1087 quidem
676 1003 880 1086 praesentia,
910 1010 948 1065 ut
974 1022 1041 1065 non
1069 1021 1111 1063 ex
1133 999 1214 1064 ideis
1238 1007 1367 1080 tantam
1416 1002 1512 1080 pidcs
1540 1003 1575 1064 in
1602 1003 1717 1067 coelum
1744 1003 1902 1079 meando,
1932 1002 2088 1067 iustitiam
2115 1003 2182 1065 eius
2207 1003 2319 1082 ferunt
2344 1007 2402 1066 aut

280 1086 293 1117 ¹
387 1092 585 1174 imaginetur
611 1089 769 1172 (qualiter
796 1089 890 1153 nobis
917 1087 1133 1152 obversantur
1162 1105 1200 1147 ea
1229 1106 1367 1166 quorum
1420 1086 1556 1164 laedent;
1583 1089 1660 1168 quin
1682 1089 1791 1169 potius
1818 1089 1854 1151 in
1881 1109 1986 1152 eorum
2018 1090 2122 1168 capita
2153 1089 2294 1152 recident.
2345 1088 2403 1152 Ad

386 1178 579 1242 memoriam
606 1197 701 1239 mens
723 1182 836 1239 nostra
858 1173 1003 1255 retinet),
1027 1171 1085 1236 sed
1113 1179 1270 1252 tanquam
1290 1179 1366 1235 anto
1420 1171 1474 1235 boc
1496 1174 1590 1237 etiam
1606 1175 1805 1253 praecipium
1831 1175 1965 1257 manili
1987 1174 2122 1255 foederis
2142 1164 2337 1238 revocantur¹
2351 1173 2403 1237 Is-

387 1284 422 1328 se
450 1263 558 1344 posita
592 1282 669 1327 vore
703 1263 872 1324 intueatur
905 1280 942 1323 ac
975 1265 1096 1322 cernat.
1142 1258 1252 1338 Atque
1287 1257 1367 1320 haec
1420 1258 1558 1337 melitae,
1580 1259 1634 1333 ubi
1653 1260 1700 1323 uel
1719 1261 1841 1341 pratiae
1863 1259 1930 1324 Deo
1950 1260 2085 1341 apendae
2106 1265 2187 1338 sunt,
2209 1258 2256 1323 vel
2272 1280 2343 1339 spes
2365 1260 2402 1324 in

386 1349 604 1432 praescientia
632 1347 673 1410 ad
703 1347 896 1410 universum
921 1343 1039 1407 mnndi
1068 1342 1228 1406 ambitum
1261 1349 1294 1405 ot
1325 1341 1366 1406 ad
1417 1343 1563 1424 (uturum
1584 1350 1705 1426 tempus
1726 1345 1880 1426 macida.
1927 1344 2001 1425 Ipse
2020 1346 2093 1426 (ecit
2114 1366 2178 1423 nos,
2201 1350 2228 1409 et
2251 1366 2313 1407 non
2335 1347 2401 1425 ipsi

387 1454 502 1499 omnes
523 1441 688 1497 creaturas
714 1429 913 1496 extenditur.
947 1428 1287 1493 Praedestinationem
1309 1447 1366 1492 vo·
1418 1450 1483 1507 nos,
1507 1432 1608 1510 inquil
1622 1430 1788 1511 propbeta,
1805 1431 1948 1511 populus
1967 1430 2049 1508 aus,
2073 1436 2100 1494 ct
2120 1451 2190 1496 oues
2205 1451 2401 1512 pascuorum

387 1542 500 1586 eamus
530 1528 699 1584 aeternum
722 1518 786 1581 Doi
816 1516 1000 1592 decretum,
1028 1535 1091 1597 quo
1120 1513 1208 1595 apud
1230 1536 1264 1578 se
1288 1534 1366 1578 con·
1419 1516 1488 1579 eius
1505 1516 1607 1600 (Psal.
1631 1521 1700 1594 100,
1714 1518 1757 1598 3).
1792 1517 1865 1580 Non
1887 1523 1931 1580 esc
1952 1537 2147 1596 superuacua
2167 1517 2401 1598 nepotianum

388 1607 542 1671 stitutum
576 1603 704 1678 habuit,
739 1601 817 1684 quid
847 1601 886 1666 de
914 1621 1106 1683 unoquoque
1134 1600 1267 1663 homine
1294 1600 1366 1676 fieri
1419 1603 1461 1666 ad
1483 1622 1540 1664 nos
1560 1602 1766 1666 excludendos
1787 1603 1945 1679 adiicitur,
1974 1608 2010 1665 ut
2036 1604 2139 1667 sciant
2166 1602 2314 1666 bonorum
2335 1624 2400 1666 oni·

387 1692 494 1757 vellet.
540 1691 616 1753 Non
642 1690 729 1751 enim
757 1688 829 1770 pari
852 1686 1037 1751 conditione
1059 1692 1213 1749 creantur
1234 1706 1365 1762 omnes3
1419 1688 1516 1767 nium,
1540 1688 1652 1768 quibus
1673 1688 1829 1767 excellunt,
1852 1688 1956 1752 Deum
1978 1708 2039 1752 ram
2059 1689 2147 1753 niodo
2169 1709 2234 1752 esse
2251 1693 2397 1767 autorem,

388 1778 445 1842 sed
467 1777 539 1841 aliis
554 1773 630 1839 'vita
652 1781 801 1850 aeterna,
832 1773 903 1837 aliis
925 1773 1094 1837 damnatio
1117 1779 1250 1835 aeterna
1271 1791 1365 1852 prae-
1419 1774 1473 1838 sed
1494 1794 1516 1836 a
1537 1793 1569 1835 se
1590 1775 1661 1855 ipso
1681 1793 1809 1838 minam
1830 1775 2016 1854 sumpsisse,
2046 1775 2124 1856 quia
2150 1773 2232 1838 nibil
2259 1774 2295 1836 in
2316 1775 2399 1855 ipsis

388 1862 568 1926 ordinatur.
610 1860 736 1941 Itaque,
757 1867 858 1941 prout
880 1861 914 1921 in
937 1858 1133 1921 alterutrum
1154 1859 1257 1921 finem
1278 1857 1366 1938 quis-
1419 1864 1486 1922 erat
1513 1864 1597 1923 tante
1625 1860 1736 1924 tortore
1756 1861 1895 1941 danaim.
1941 1859 2031 1924 Mero
2058 1862 2152 1924 etiam
2173 1860 2237 1924 Dei
2259 1859 2400 1939 benepla-

310 1973 313 1982 ·
388 1969 448 2031 que
471 1946 622 2011 conditus
644 1952 710 2022 ost,
740 1945 787 2008 ita
814 1945 867 2009 vel
895 1944 1065 2008 advitam
1087 1942 1141 2007 vol
1164 1942 1205 2006 ad
1227 1951 1367 2006 mortem
1419 1946 1476 2008 cito
1504 1949 1654 2009 conitentes
1680 1966 1746 2009 esse
1767 1945 1862 2023 iuba,
1891 1945 1943 2009 bis
1969 1947 2086 2010 uerbis:
2115 1966 2216 2010 semen
2238 1945 2396 2024 Abrabae,

387 2031 663 2116 praedestinatum
683 2030 831 2094 dicimus.
876 2029 968 2093 Hanc
989 2050 1060 2093 cero
1083 2028 1173 2092 Deus
1195 2050 1257 2093 riori
1278 2029 1366 2092 modo
1418 2031 1501 2094 serui
1522 2031 1605 2109 eius,¹
1634 2031 1696 2100 tilii
1719 2031 1824 2109 Iacob,
1852 2032 1937 2097 electi
1963 2033 2031 2095 eius
2053 2030 2144 2113 (ibid.
2168 2036 2243 2108 105,
2264 2032 2307 2115 6).
2353 2032 2398 2095 Et

387 2121 424 2183 in
444 2118 578 2202 sinpulis
593 2117 740 2198 personis
761 2121 889 2180 testatus
910 2120 968 2191 est,
990 2114 1046 2179 secl
1067 2116 1221 2194 specimen
1242 2115 1310 2177 eius
1332 2114 1367 2178 iu
1413 2121 1583 2196 postquam
1608 2118 1758 2180 ‘continua
1790 2116 1853 2180 Dei
1886 2116 2031 2196 beneficia
2063 2117 2215 2181 recensuit
2247 2121 2397 2198 tanquam

387 2210 448 2269 tota
470 2203 618 2268 Abrabae
639 2202 736 2267 sobole
756 2201 868 2278 elidit,
890 2201 973 2264 unde
988 2201 1102 2282 palam
1120 2200 1220 2280 (ieret,
1243 2200 1279 2262 in
1300 2201 1367 2264 cius
1418 2202 1570 2267 dectiorris
1586 2202 1716 2283 fructus,
1735 2202 1860 2267 tandem
1869 2204 2030 2279 concludit,
2048 2203 2094 2266 ita
2107 2202 2277 2267 liberaliter
2287 2203 2395 2285 episse,

387 2291 518 2355 arbitrio
540 2309 605 2353 esse
625 2288 731 2368 qualis
753 2289 900 2367 cuiusque
919 2288 1020 2369 peritis
1036 2286 1148 2366 sutura
1167 2287 1209 2349 sit
1226 2286 1365 2350 conditio.
1418 2289 1495 2368 quia
1527 2289 1703 2352 recordatus
1730 2293 1774 2350 est
1797 2288 1931 2369 foederis
1962 2290 2022 2352 sui.
2070 2287 2130 2352 (lui
2161 2289 2317 2353 doctrinae
2348 2310 2397 2353 re-

391 2377 495 2457 (luum
519 2375 670 2441 diuideret
698 2373 874 2437 altissimus
898 2377 1017 2456 perdes,
1045 2377 1073 2435 et
1099 2376 1260 2451 separaret
1283 2373 1366 2451 (ilios
1418 2375 1544 2456 spondet
1565 2375 1660 2437 totius
1681 2375 1824 2438 ecclesiae
1843 2375 1997 2439 carduum
2019 2373 2110 2457 (ibid.
2129 2378 2188 2450 44,
2208 2374 2259 2457 4).·
2285 2376 2396 2439 deutra

388 2463 504 2538 Adam,
521 2481 603 2541 pars
624 2460 693 2523 eius
713 2459 776 2539 fuit
791 2459 929 2540 populus
947 2457 1059 2535 Israel,
1080 2456 1242 2536 (nummus
1262 2456 1366 2522 luere
1418 2464 1473 2523 tua
1494 2460 1645 2524 etlumen
1667 2460 1771 2524 uultus
1793 2461 1840 2522 tui
1855 2460 2006 2541 patribus
2026 2461 2142 2524 nostris
2166 2459 2249 2525 dedit
2271 2465 2395 2538 terram

387 2548 499 2614 ditatis
526 2548 594 2609 eius
614 2543 728 2627 (Dent.
756 2548 811 2621 32,
832 2545 876 2627 s).
921 2544 1004 2608 Ante
1031 2544 1169 2606 oninium
1196 2542 1297 2608 andos
1323 2547 1367 2608 est
1419 2546 1494 2626 quia
1526 2544 1741 2625 complacitum
1768 2545 1825 2609 tibi
1852 2549 1897 2610 est
1925 2547 1961 2609 in
1989 2545 2064 2610 illis.
2111 2546 2294 2610 Notandum
2326 2567 2397 2611 uero

366 2632 573 2715 'seprepatios
595 2631 631 2694 in
649 2629 798 2695 Abrabae
812 2651 958 2712 wenna,
981 2629 1074 2711 quasi
1096 2630 1131 2692 in
1148 2630 1241 2693 arido
1258 2633 1366 2693 trunco
1418 2636 1479 2709 est,
1505 2631 1559 2695 ubi
1584 2631 1621 2711 (it
1648 2636 1747 2696 terrae
1771 2634 1896 2709 matio,
1926 2630 2096 2713 surnbolum
2117 2652 2182 2696 esse
2203 2632 2325 2695 visibile
2344 2654 2396 2696 ar-

283 2753 286 2765 ·
382 2718 525 2800 popum
545 2735 628 2780 unus
647 2716 724 2780 aliis
744 2717 866 2781 reiectis
881 2716 1086 2796 peculiariter
1108 2713 1247 2796 elipitur;
1269 2733 1366 2779 eausa
1418 2736 1515 2780 canae
1540 2717 1775 2799 seprepationis,
1809 2718 1843 2781 in
1870 2738 1934 2798 qua
1960 2718 2130 2782 continetur
2157 2718 2290 2797 adoptio.
2342 2719 2397 2782 Ad

388 2824 459 2868 cero
481 2823 543 2867 nan
564 2807 702 2884 apparet,
723 2802 789 2866 nisi
809 2801 891 2883 quod
911 2800 1025 2877 Moses,
1047 2805 1083 2864 ut
1098 2801 1237 2880 posteris
1254 2821 1367 2865 ansam
1418 2802 1546 2866 candem
1570 2803 1796 2885 mutitudinem
1817 2803 1972 2884 populum
1997 2802 2139 2867 tortam
2166 2802 2243 2867 alibi
2270 2802 2398 2868 David:

387 2889 547 2973 adoriendi
567 2887 745 2968 praecidat,
772 2889 909 2970 metuito
936 2893 1058 2951 tantum
1085 2886 1151 2951 Dei
1179 2906 1284 2950 maore
1316 2906 1367 2949 ec·
1419 2888 1508 2953 beata
1526 2909 1602 2970 peris
1623 2889 1714 2951 ouius
1732 2887 1846 2952 chova
1866 2894 1911 2953 est
1928 2889 2026 2967 Deus,
2042 2889 2182 2969 populus
2202 2908 2291 2969 quem
2309 2890 2397 2970 clepit

390 2975 495 3040 cellere
523 2994 572 3038 eos
604 2974 695 3038 docet.
751 2973 962 3038 liberationis
996 2974 1080 3037 enim
1112 2971 1192 3035 barto
1225 2971 1368 3053 assipnal
1420 2975 1456 3037 in
1476 2973 1901 3057 haereditatem'sibiffsal.
1923 2975 2057 3057 33,12).
2102 2973 2156 3038 Ad
2177 2974 2288 3037 bonam
2308 2995 2396 3055 spem

389 3080 527 3138 causam,
549 3059 631 3140 quod
652 3057 742 3122 Deus
758 3064 868 3140 patres
888 3060 1046 3137 dilexerit,
1076 3057 1247 3140 eteleperit
1265 3078 1367 3122 semen
1419 3080 1489 3123 uero
1515 3061 1637 3124 animat
1666 3059 1807 3124 Samuel:
1839 3081 1902 3125 non
1932 3062 2047 3125 deseret
2074 3081 2127 3124 nos
2153 3059 2241 3124 Deus
2268 3065 2396 3141 propter

388 3166 494 3211 eorum
510 3149 583 3226 post
602 3163 661 3208 eos.
705 3143 900 3224 Enpressius
928 3145 991 3209 alio
1012 3146 1112 3226 capite
1133 3143 1224 3226 (ibid.
1250 3147 1280 3221 4,
1293 3143 1367 3227 37).·
1419 3166 1568 3229 mapnum
1598 3166 1706 3209 nomen
1738 3166 1853 3224 suum;
1886 3148 2009 3227 quondo
2035 3147 2159 3226 placuit
2189 3146 2218 3210 ei
2250 3166 2304 3209 nos
2336 3145 2398 3209 sibi

388 3230 726 3380 4
741 3232 1043 3312 u
1064 3230 1367 3396 uas
1545 3230 2399 3400 nummata

391 3402 527 3483 Saepius
554 3402 661 3466 eadem
686 3402 774 3482 aprld
800 3403 907 3482 ipsum
933 3402 1104 3467 adnmnitio
1132 3403 1298 3483 repetitur:
1329 3422 1367 3466 cn
1420 3403 1670 3468 amanteum
1697 3423 1788 3483 quem
1814 3404 1945 3486 elepisti,
1970 3403 2124 3468 actuata
2151 3405 2185 3467 ln
2214 3404 2308 3467 atriis
2335 3403 2398 3467 tuis

388 3488 520 3554 Domini
541 3487 607 3552 Dei
632 3488 680 3550 tui
708 3488 823 3552 coelum
844 3493 902 3566 est,
932 3494 1030 3567 terra,
1058 3493 1087 3552 et
1110 3508 1310 3569 quaecunque
1331 3488 1367 3551 in
1420 3490 1522 3575 (Psal.
1542 3494 1592 3566 65,
1613 3488 1656 3573 5).
1704 3490 1786 3570 Quia
1807 3495 1912 3554 autem
1931 3490 2041 3568 electio,
2064 3491 2099 3554 in
2120 3490 2189 3554 Deo
2211 3489 2397 3567 absmnditu,

388 3593 426 3639 oa
453 3578 542 3652 mrit-
576 3575 840 3639 ettamummodo
865 3574 1048 3656 complacuit
1073 3575 1135 3638 sibi
1161 3575 1196 3637 in
1217 3573 1367 3654 patribus
1419 3583 1484 3641 tam
1510 3576 1690 3641 liberatione
1716 3577 1826 3656 prima
1852 3596 1948 3657 quam
1978 3576 2114 3640 secunda
2141 3576 2278 3657 aliisque
2305 3577 2397 3640 inter-

387 3660 465 3739 tuis,
493 3659 660 3724 donauit
681 3677 745 3738 eos,
774 3660 920 3742 cupiam
947 3681 1000 3740 uos
1020 3680 1121 3724 semen
1146 3680 1252 3724 eorum
1273 3658 1365 3742 (ibid.
1419 3661 1531 3726 mediis
1551 3660 1706 3741 beneficiis
1726 3662 1850 3725 sancita
1869 3662 1940 3742 suit,
1968 3661 2044 3725 illuc
2064 3662 2254 3742 transfertur
2274 3663 2399 3727 uerbum

388 3748 417 3823 7,
438 3744 482 3829 8).
519 3744 599 3810 Item
615 3745 684 3810 illis
701 3745 779 3810 alibi
797 3744 887 3829 (ibid.
910 3751 957 3824 10,
980 3745 1034 3830 14)
1053 3745 1255 3826 sanctificatio
1271 3765 1367 3827 prae·
1419 3748 1553 3830 elipatdi
1574 3748 1663 3826 apud
1685 3747 1827 3811 Iesaiam
1849 3746 1916 3831 (14,
1938 3754 1952 3810 l
1978 3772 1988 3811 .·
2012 3747 2211 3811 miserebitur
2232 3747 2321 3812 Deus
2344 3747 2398 3811 Ia-

388 3831 519 3912 cipilur,
548 3831 628 3910 quod
654 3829 739 3895 electi
765 3832 830 3895 sint
855 3834 891 3896 in
908 3832 1062 3913 populum
1076 3832 1278 3911 peculiarem.
1323 3830 1367 3894 Et
1420 3833 1483 3912 aab,
1507 3837 1536 3897 et
1562 3833 1651 3914 elipet
1677 3831 1779 3896 adbuc
1805 3833 1843 3897 de
1863 3833 1919 3898 Isr
1973 3857 1984 3912 ,¹
2012 3834 2089 3913 quia
2113 3835 2259 3914 futurmn
2279 3840 2398 3915 tenum

389 3916 468 3981 alibi
490 3914 583 3998 (ibid.
604 3919 654 3995 23,
678 3916 710 4000 b)
738 3918 851 3982 iterum
877 3918 998 3983 dilectio
1027 3919 1181 3983 asseritur
1207 3937 1272 3982 esse
1294 3937 1367 3998 pro-
1419 3920 1605 4002 desipnans,
1638 3918 1841 3982 collectionem
1872 3919 1996 3984 residui
2022 3919 2154 4000 populi,
2188 3941 2277 4000 quem
2309 3921 2397 3983 visin

390 4001 528 4066 tectiorus
552 4021 658 4065 causa.
707 4003 795 4084 Quod
822 4005 916 4068 etiam
939 4003 1046 4084 (idaea
1067 4023 1133 4067 una
1154 4024 1223 4068 uoce
1237 4003 1368 4084 maedi·
1418 4006 1523 4085 fuerat
1549 4003 1725 4082 abdicasse,
1752 4004 1877 4086 sipnum
1898 4005 1966 4085 (ore
1988 4005 2062 4069 dicit
2084 4005 2209 4070 stabilis
2227 4006 2395 4085 rimaeque

389 4092 476 4153 canl:
504 4086 592 4170 clepit
616 4087 704 4153 nobis
724 4088 942 4154 baaeditatem
966 4094 1120 4166 nostram,
1149 4089 1284 4172 pieriam
1313 4088 1368 4152 Ia
1419 4090 1581 4169 electioms,
1613 4110 1693 4170 quae
1717 4089 1813 4154 simul
1844 4091 1997 4155 accidisse
2027 4090 2097 4154 uisa
2128 4091 2241 4171 fuerat.
2295 4092 2398 4170 Quum

389 4172 440 4237 ceb
467 4193 557 4254 quan
582 4173 695 4238 dilexit
723 4174 825 4259 (Psal.
845 4181 902 4253 47,
923 4172 967 4260 5).
1010 4175 1109 4239 Dotes
1140 4177 1223 4239 enim
1254 4174 1367 4256 quibus
1419 4178 1514 4242 etiam
1535 4175 1614 4241 alibi
1635 4175 1712 4259 (Ies.
1733 4181 1783 4256 41,
1804 4176 1839 4260 9)
1860 4177 1992 4242 dicitur:
2014 4177 2091 4259 alepi
2112 4182 2149 4255 te,
2171 4182 2200 4240 et
2215 4196 2277 4238 non
2299 4175 2397 4239 abiem

389 4261 492 4323 ornati
509 4280 531 4323 a
548 4258 617 4323 Deo
634 4265 731 4338 aaut,
750 4280 853 4324 omnes
869 4261 905 4325 in
920 4262 1095 4342 pratuitum
1111 4281 1249 4326 anwrem
1265 4267 1368 4325 trans·
1418 4267 1462 4342 te,·
1482 4263 1660 4326 continuum
1680 4262 1818 4345 insipnis
1838 4262 2036 4328 liberalitatis
2050 4267 2205 4342 paternae
2223 4260 2396 4323 benevolen-

388 4344 540 4409 seribunt:
559 4365 622 4410 non
642 4346 829 4426 medopam
851 4347 985 4411 scebant
1005 4347 1105 4412 nullis
1121 4367 1176 4412 eas
1193 4348 1313 4412 meritis
1334 4366 1367 4411 se
1419 4349 1481 4412 tiae
1507 4368 1635 4412 cursum
1666 4350 1862 4414 camnendat.
1912 4347 2066 4430 Apertius
2090 4348 2176 4429 oymd
2204 4344 2396 4409 Zachariam

389 4431 521 4511 adeptos,
542 4431 597 4494 sed
617 4451 656 4496 ne
673 4436 815 4495 sendum
836 4432 960 4512 quidem
975 4432 1196 4512 patriarcham
1213 4455 1249 4498 eo
1265 4433 1367 4514 fuisse
1420 4434 1465 4519 (2,
1488 4433 1541 4518 12)
1563 4435 1709 4517 anpelus:
1729 4435 1818 4517 elipet
1838 4433 1941 4498 adbuc
1962 4432 2051 4497 Deus
2072 4431 2252 4497 Ierusalem.
2296 4431 2397 4510 Quasi

388 4516 500 4580 uirtute
514 4517 712 4597 praeditum,
739 4521 775 4580 ut
801 4516 862 4581 sibi
891 4522 920 4582 et
939 4519 1076 4597 posteris
1102 4524 1222 4583 tantam
1241 4519 1368 4584 bonmis
1419 4541 1488 4585 eam
1505 4521 1621 4585 durius
1637 4521 1817 4602 eastipando
1838 4518 2034 4599 reprobasset,
2056 4517 2103 4581 oet
2119 4517 2267 4580 cnsilium
2282 4517 2396 4596 fuisset

384 4603 640 4685 pracropaticam
667 4605 846 4682 acquireret.
894 4603 952 4682 Et,
980 4624 1040 4684 quo
1068 4604 1209 4669 ualidius
1235 4609 1368 4670 minant
1419 4606 1573 4671 electionis
1599 4606 1802 4685 interruptio,
1833 4625 1912 4686 quae
1938 4609 2039 4667 tanim
2066 4601 2257 4666 inviolabilis
2284 4607 2395 4681 manet,

389 4708 509 4754 onmem
529 4688 725 4770 superbiam,
748 4689 915 4769 exprobrat
941 4689 1022 4752 nibil
1048 4689 1109 4754 tale
1129 4691 1230 4771 fuisse
1246 4711 1368 4772 mome-
1420 4693 1489 4757 licet
1508 4711 1569 4756 non
1590 4711 1709 4772 semper
1730 4693 1904 4772 appareant
1924 4690 2024 4771 sipna

256 4788 261 4795 ·
387 4774 478 4850 ritos,
505 4794 603 4853 quum
623 4774 833 4854 populus‘sit
858 4778 1023 4839 mmumau
1049 4795 1087 4840 ac
1113 4776 1213 4841 durae
1240 4778 1368 4841 cervicis
1506 4780 1534 4840 6.
1579 4776 1754 4840 Addendus
1775 4779 1820 4839 est
1840 4775 1990 4839 secundus
2009 4773 2132 4856 pradus
2149 4775 2327 4852 restrictior,
2349 4774 2396 4839 uel

389 4856 505 4940 (Dent.
525 4864 559 4936 9,
579 4858 624 4941 6).
670 4858 769 4940 Saepe
792 4862 885 4924 etiam
905 4861 1009 4926 odiose
1032 4862 1187 4943 etprobri
1206 4864 1268 4927 laco
1287 4863 1379 4928 banc‘
1420 4864 1456 4928 iu
1486 4882 1546 4941 quo
1577 4861 1742 4941 oonspima
1773 4860 1838 4941 fuit
1868 4859 1933 4924 Dei
1962 4860 2069 4942 pratia
2100 4861 2203 4942 mapis
2234 4861 2395 4941 specialis:

388 4943 560 5007 manaem
575 4944 743 5026 prophetae
766 4946 899 5011 Iudaeis
918 4947 1079 5025 obiiciunt,
1101 4949 1250 5028 quatiam
1271 4949 1309 5012 ab
1330 4969 1367 5012 ea
1420 4947 1543 5029 quando
1575 4965 1613 5010 ee
1645 4946 1748 5009 codem
1783 4965 1892 5027 ponere
1924 4944 2074 5010 Abrabae
2106 4946 2187 5010 alim
2219 4946 2397 5028 remediavit

389 5028 523 5108 turpiter
548 5029 747 5095 maneant.
797 5033 958 5114 Quidquid
985 5033 1040 5112 sit,
1070 5053 1154 5097 nunc
1174 5035 1210 5097 ia
1231 5034 1368 5098 medium
1420 5033 1519 5108 Deus,
1541 5031 1622 5094 alios
1642 5031 1679 5094 in
1699 5029 1826 5095 eeclesia
1847 5031 1976 5111 fouendo
1996 5053 2029 5097 se
2056 5032 2136 5096 inter
2154 5031 2240 5112 (ilios
2266 5033 2396 5096 retinere

383 5112 547 5211 prodeant,
565 5116 621 5196 qui
637 5115 702 5180 Dei
721 5117 891 5184 electionem
908 5118 1012 5182 uolunt
1029 5118 1223 5201 adstrinpere
1238 5119 1285 5183 ud
1301 5119 1368 5201 dip-
1420 5117 1556 5183 ostendit.
1586 5115 1704 5180 Ismael
1715 5136 1830 5195 parem
1847 5118 1937 5181 initio
1951 5118 2087 5200 pradmn
2104 5139 2174 5183 cum
2188 5118 2290 5199 fratre
2301 5117 2396 5182 Isaac

388 5201 484 5264 niati
509 5200 682 5281 lominum,
709 5204 757 5268 vel
783 5224 912 5285 operum
936 5205 1068 5269 neritis
1115 5205 1217 5286 Qum
1244 5205 1369 5270 uideant
1421 5203 1551 5284 adeptus
1570 5207 1651 5279 nat,
1679 5203 1757 5283 quia
1777 5202 1945 5282 spmiluale
1970 5204 2081 5284 foedus
2102 5205 2137 5268 in
2158 5225 2191 5268 eo
2211 5224 2272 5268 non
2290 5205 2397 5266 minus

387 5288 506 5370 pcrttan
532 5307 629 5352 unam
658 5289 735 5352 aliis
762 5289 905 5354 omnibus
917 5290 1092 5372 praeferri,
1122 5290 1257 5355 audiam
1283 5290 1368 5355 nullo
1420 5289 1612 5371 mamalum
1634 5287 1741 5369 fuerat
1768 5289 1903 5370 symbolo
1930 5290 2182 5354 circumcisionis.
2227 5289 2397 5353 Exciditur

389 5373 717 5525 mmgpfflugm
737 5375 839 5455 (uisse
856 5374 969 5473 Deum,
991 5381 1027 5440 ut
1047 5377 1083 5474 in
1099 5395 1220 5456 paucos
1241 5376 1369 5459 etipno
1420 5374 1490 5453 ille·
1521 5373 1631 5523 deindle
1654 5373 1769 5525 aEelsaui
1793 5379 1949 5524 {ostreno
1982 5377 2148 5473 innmuera
2178 5374 2398 5524 multem

386 5508 531 5624 aar
557 5564 628 5610 aa
656 5479 728 5609 tt
744 5465 925 5626 tttttt
951 5466 1369 5626 ammiranda
1420 5460 1592 5612 mii
1608 5461 2291 5628 tantatttttttttattu
2307 5545 2398 5611 na

390 5629 602 5695 doaenentum
616 5629 762 5712 proferre
783 5629 900 5695 uoluit?
943 5633 1045 5713 Atqui
1073 5653 1170 5715 neque
1190 5634 1370 5718 obstrepens
1424 5632 1553 5698 &ulem
1577 5633 1786 5714 reprobando;
1811 5632 1894 5713 quod
1919 5633 2013 5696 aiam
2038 5633 2074 5695 in
2096 5631 2225 5697 Psalmo
2246 5632 2320 5715 (78,
2339 5631 2395 5716 69)
