5600 6809
388 777 451 838 973
740 774 826 838 [2113.
848 774 908 840 IV.
951 775 1015 840 DE
1036 772 1274 843 uxrultule
1294 773 1462 842 MEDHS
1483 771 1549 838 AD
1572 772 1802 840 SALUTEM.
1845 771 1944 838 GAP.
1965 773 2039 837 XV.
2328 780 2390 840 974

388 962 581 1046 positionem
607 962 712 1027 datas:
741 983 822 1044 quas
849 963 1003 1045 baptismi
1031 966 1162 1028 nomine
1185 963 1363 1046 significari
1413 962 1657 1044 promissionem
1680 962 1951 1027 catechumenum
1973 962 2131 1044 baptizari
2144 963 2180 1025 in
2198 984 2317 1027 nomen
2334 985 2391 1046 pa·

390 1070 456 1113 non
479 1069 601 1112 novum
623 1055 680 1113 est.
718 1046 868 1127 Qualiter
889 1051 923 1112 in
945 1047 997 1112 die
1020 1055 1231 1131 pentecostes,
1255 1067 1363 1112 recor·
1414 1048 1475 1112 tris
1504 1058 1537 1113 et
1564 1047 1623 1111 filii
1645 1056 1678 1111 ct
1699 1047 1833 1128 spiritus
1862 1048 1981 1127 sancti;
2011 1049 2134 1112 remitti
2162 1046 2295 1112 demum
2316 1071 2392 1115 oum
2494 1083 2496 1085 ·

391 1135 458 1199 dati
482 1134 620 1216 apostoli
642 1133 795 1199 dicuntur
817 1133 905 1211 (Aet.
929 1141 955 1212 l,
976 1135 1009 1218 5)
1032 1135 1209 1199 verborum
1229 1134 1363 1198 Domini
1415 1132 1565 1215 precibus
1592 1142 1626 1197 et
1653 1135 1834 1216 gratiarum
1856 1134 1991 1198 actione.
2042 1133 2098 1199 Sic
2121 1135 2203 1197 nihil
2225 1133 2391 1200 omittere-

390 1221 430 1285 de
460 1218 620 1301 baptismo
654 1220 739 1303 ignis
773 1231 805 1283 et
831 1221 974 1302 spiritus.
1024 1221 1070 1284 Et
1096 1220 1219 1284 Petrus
1248 1218 1364 1284 eadem
1416 1226 1471 1282 tur
1498 1218 1584 1300 quod
1611 1218 1651 1282 ad
1685 1240 1755 1282 rem
1780 1219 1914 1296 faceret,
1949 1228 1982 1284 et
2010 1242 2078 1284 una
2105 1220 2162 1284 illa
2189 1221 2392 1286 caeremonia

390 1306 451 1370 sibi
484 1307 519 1369 in
551 1306 743 1368 memoriam
771 1305 906 1370 rediisse
936 1315 1167 1372 commemorat
1193 1305 1281 1388 (Aet
1315 1308 1362 1382 ll,
1418 1326 1500 1386 quae
1522 1325 1542 1367 a
1563 1304 1636 1368 Deo
1658 1314 1771 1368 autore
1793 1305 1938 1388 profecta
1960 1313 2018 1384 est,
2042 1306 2141 1370 nullis
2164 1306 2300 1369 exoticis
2321 1327 2391 1370 sor-

393 1393 457 1474 16),
476 1392 533 1455 ubi
551 1393 672 1472 gratias
690 1390 764 1454 illas
786 1393 822 1454 in
841 1391 1033 1456 Cornelium
1055 1392 1188 1473 eiusque
1205 1390 1364 1456 familiam
1417 1388 1511 1455 dibus
1533 1389 1658 1467 obruta,
1681 1390 1859 1456 clarissunc
1881 1391 2061 1475 effulgeret.
2107 1391 2283 1456 Caeterum
2304 1413 2391 1456 mer-

390 1489 423 1543 et
441 1477 667 1559 cognationem
685 1477 805 1539 effusas
825 1476 969 1541 vidisset.
1006 1477 1075 1542 Nec
1097 1485 1261 1560 repugnat
1279 1475 1364 1557 quod
1417 1485 1557 1558 gaturne
1579 1482 1668 1540 totus
1689 1477 1744 1557 qui
1767 1477 1921 1558 tingitur,
1944 1477 2041 1558 idque
2063 1486 2114 1541 ter
2136 1499 2178 1541 an
2201 1477 2317 1554 semel,
2348 1500 2391 1542 an

389 1572 502 1645 postea
523 1561 689 1627 subditur:
714 1582 815 1643 quum
835 1562 1043 1645 imposuisset
1065 1563 1130 1626 illis
1152 1584 1279 1639 manus,
1308 1561 1363 1625 de·
1416 1562 1527 1626 infusa
1555 1571 1685 1625 tantum
1718 1583 1802 1644 aqua
1830 1570 2037 1646 aspergatur,
2051 1559 2244 1627 ‘minimum
2276 1565 2390 1642 refert;

389 1647 566 1712 scandebat
583 1648 716 1729 spiritus
733 1656 867 1711 sanctus
879 1669 977 1730 super
999 1670 1061 1712 eos.
1090 1649 1165 1712 Non
1188 1648 1276 1712 eninr
1299 1646 1363 1712 duc
1417 1647 1474 1712 sed
1501 1647 1535 1711 id
1562 1668 1621 1729 pro
1654 1648 1827 1730 regionum
1856 1647 2046 1713 diversitate
2074 1648 2220 1715 ecclesiis
2251 1648 2392 1712 liberum

389 1733 518 1798 diversa
546 1747 661 1796 narrat
687 1733 811 1797 Lucas:
839 1733 897 1797 scd
923 1733 1061 1798 formam
1089 1735 1285 1798 narrationis
1313 1755 1363 1797 se-
1416 1754 1486 1797 esse
1509 1732 1611 1796 debet.
1647 1731 1845 1816 Quanquam
1867 1743 1900 1797 et
1920 1736 2028 1817 ipsum
2049 1734 2237 1818 baptizandi
2255 1734 2392 1799 verbum

389 1820 501 1902 quitur
528 1819 689 1883 Hebraeis
716 1817 924 1895 familiarem,
953 1821 1007 1901 qui
1034 1821 1177 1900 primum
1204 1820 1252 1882 rei
1274 1840 1362 1883 sum-
1415 1839 1564 1901 mergere
1587 1819 1765 1901 signifieat,
1789 1827 1822 1884 et
1843 1820 2013 1904 mergendi
2035 1822 2137 1884 ritum
2159 1821 2264 1884 veteri
2287 1821 2391 1885 eecle-

387 1927 474 1969 mam
498 1911 693 1987 proponunt,
718 1903 834 1968 deinde
855 1906 961 1969 fusius
984 1906 1157 1988 explicant.
1203 1902 1300 1985 Quod
1321 1925 1363 1968 ex
1416 1905 1482 1968 siae
1504 1905 1713 1968 observatum
1734 1906 1834 1969 fuisse
1856 1915 1992 1971 constat.

387 1991 458 2074 ipsc
484 1989 658 2053 verborum
688 1998 841 2054 contextu
869 1990 1128 2055 animadvertere
1157 1992 1263 2074 quivis
1292 1999 1363 2072 pot
1502 1995 1552 2053 20.
1602 1990 1675 2055 Hoc
1698 1991 1798 2054 etiam
1825 1993 1907 2056 seire
1930 1991 2064 2058 adrem
2092 1993 2248 2075 pertinet,
2276 2013 2391 2074 perpe-

388 2093 446 2141 est.
492 2076 583 2141 Dicit
608 2076 708 2139 enim:
738 2076 789 2140 his
819 2076 940 2140 auditis
967 2077 1121 2159 baptizati
1150 2078 1283 2141 suntin
1304 2098 1362 2140 no·
1387 2078 1390 2171 )
1415 2097 1487 2140 ram
1520 2076 1592 2139 fieri
1622 2077 1650 2139 si
1678 2077 1798 2158 privati
1828 2077 1977 2142 homines
2005 2077 2160 2161 baptismi
2182 2076 2391 2141 administra

387 2163 476 2226 mine
503 2162 594 2238 Iesu,
624 2171 657 2225 ct
685 2183 786 2242 quum
815 2163 1022 2243 imposuisset
1049 2163 1114 2227 illis
1137 2183 1254 2227 manus
1275 2163 1362 2226 Pau·
1415 2162 1539 2224 tionem
1568 2162 1629 2226 sibi
1663 2171 1838 2244 usurpent:
1873 2171 1923 2228 est
1956 2165 2043 2227 enim
2076 2184 2152 2246 pars
2181 2161 2392 2227 ecclesiastici

386 2248 455 2326 lus,
479 2248 614 2329 spiritus
642 2256 773 2311 sanetus
801 2247 1017 2312 descendebat
1044 2270 1141 2331 super
1168 2249 1249 2313 illos.
1290 2247 1363 2311 Hae
1415 2247 1598 2325 ministerii,
1623 2252 1686 2311 tam
1708 2249 1804 2311 lanias
1825 2270 1921 2329 qnam
1943 2271 2052 2314 caenae
2074 2248 2281 2332 dispensatio.
2324 2247 2391 2312 Ne·

386 2334 558 2415 posteriori
581 2333 768 2414 loquutione
802 2332 1005 2410 describitur,
1040 2335 1144 2416 qualis
1176 2334 1232 2398 ille
1265 2335 1364 2397 fuerit
1416 2353 1478 2415 que
1501 2327 1587 2397 enim
1612 2342 1671 2396 aut
1692 2334 1885 2399 mulieribus
1907 2343 1966 2397 aut
1988 2335 2176 2399 hominibus
2193 2333 2392 2415 quibuslibet

389 2419 577 2501 baptismus.
624 2417 719 2498 Quod
742 2420 767 2482 si
792 2419 933 2500 priorem
959 2420 1157 2501 baptismum
1177 2420 1364 2503 ignorantia
1416 2419 1587 2483 mandarit
1608 2418 1761 2484 Christus
1783 2429 1821 2484 ut
1842 2418 2062 2502 baptizarent,
2084 2419 2142 2485 sed
2164 2440 2245 2502 quos
2263 2428 2390 2501 aposto-

387 2505 490 2580 vitiat,
515 2512 553 2567 ut
576 2505 618 2568 sit
640 2504 742 2567 altero
765 2504 925 2586 baptismo
946 2506 1148 2588 corrigenda,
1174 2506 1270 2588 primi
1293 2524 1363 2568 om·
1416 2504 1464 2569 lcs
1486 2505 1709 2581 constituerat,
1733 2505 1774 2570 iis
1797 2503 1987 2570 mandatum
2011 2506 2072 2572 hoc
2095 2504 2192 2569 dedit.
2226 2505 2272 2567 Et
2289 2524 2391 2585 quum

388 2591 479 2654 nium
502 2589 724 2670 rebaptizandi
743 2601 837 2653 erant
859 2591 1003 2671 apostoli,
1024 2593 1080 2674 qui
1099 2599 1166 2655 tcto
1188 2599 1263 2673 post
1283 2589 1363 2672 bap·
1388 2629 1390 2644 =
1417 2588 1591 2671 discipulos
1624 2591 1721 2655 iussit
1753 2593 1859 2656 facere
1893 2593 1928 2655 in
1955 2613 2076 2657 coenae
2108 2590 2391 2654 administratione

387 2677 522 2740 tismum
545 2697 640 2738 sumn
663 2677 802 2739 triennio
825 2676 881 2738 vix
899 2675 1060 2742 modicam
1083 2679 1265 2741 sincerioris
1288 2675 1362 2740 doc-
1388 2663 1390 2748 l
1416 2676 1502 2757 quod
1524 2677 1595 2739 ficri
1617 2676 1658 2740 ab
1680 2676 1751 2758 ipso
1769 2676 1930 2756 viderant,
1954 2700 2054 2760 quum
2076 2679 2146 2760 ipse
2168 2676 2305 2758 legitimi
2324 2674 2390 2739 dis-

389 2762 494 2825 trinae
512 2760 705 2842 particulam
724 2760 985 2843 degustaverant.
1023 2762 1096 2826 lam
1118 2771 1152 2826 et
1172 2784 1255 2844 quae
1276 2765 1364 2826 inter
1416 2761 1597 2842 pensatoris
1625 2761 1728 2825 officio
1750 2763 1882 2826 functus
1904 2774 2003 2841 esset,
2026 2763 2131 2827 voluit
2157 2762 2269 2844 procul
2291 2760 2390 2824 dubio

387 2869 447 2911 nos
474 2848 611 2910 flumina
639 2847 825 2910 sufficerent
853 2855 901 2909 tot
927 2849 1111 2928 repetendis
1139 2849 1362 2925 tinctionibus,
1416 2856 1454 2910 ut
1479 2847 1516 2909 in
1543 2868 1580 2910 eo
1607 2868 1704 2910 suum
1731 2848 1917 2928 exemplum
1945 2849 2161 2912 imitarentur.
2212 2845 2309 2926 Quod
2331 2867 2390 2910 au·

387 2941 466 3014 quot
487 2933 706 3014 ignorantiae,
736 2931 872 2995 Domini
896 2933 1133 3011 misericordia,
1164 2934 1306 3016 quotidie
1328 2935 1363 2997 in
1417 2942 1483 2996 tem
1516 2931 1629 2995 multis
1664 2931 1782 2997 abhinc
1810 2934 1962 3010 saeculis,
1997 2934 2141 3015 adeoque
2164 2933 2204 2996 ab
2232 2934 2301 3012 ipso
2322 2933 2390 2997 fere

386 3019 481 3082 nobis
502 3017 735 3100 corriguntur?
1416 3019 1569 3083 ecclesiae
1589 3018 1722 3081 exordio
1749 3040 1811 3081 usu
1834 3027 2003 3100 receptum
2023 3020 2101 3096 fnit,
2129 3028 2167 3081 ut
2190 3018 2225 3079 iu
2247 3017 2390 3097 periculo

476 3109 523 3166 19.
569 3103 716 3184 Mysterii
738 3105 795 3180 eis,
818 3104 966 3185 dipnitas,
989 3105 1113 3168 utititas
1135 3111 1163 3169 et
1182 3105 1260 3184 linis
1282 3107 1346 3169 sat'
1415 3105 1529 3168 mortis
1560 3103 1636 3168 laici
1674 3104 1891 3186 baptizarent,
1931 3106 1958 3167 si
1994 3105 2145 3169 minister
2178 3103 2213 3165 in
2242 3110 2392 3183 tempore

387 3191 468 3266 iam,
498 3189 563 3251 nisi
589 3189 698 3270 fallor,
728 3189 846 3270 liquere
868 3189 979 3253 dehent.
1028 3191 1116 3269 Quod
1138 3192 1181 3254 ad
1203 3195 1362 3255 catenam
1415 3210 1482 3252 non
1506 3189 1642 3265 adesset,
1665 3211 1731 3254 non
1754 3189 1849 3254 video
1871 3211 1969 3271 quam
1991 3193 2087 3254 firma
2108 3189 2235 3252 ratione
2259 3186 2389 3252 defendi

386 3276 557 3355 sprnholam
580 3276 728 3355 pertinet,
756 3275 879 3339 atinam
905 3277 1043 3358 pennino
1068 3273 1186 3339 Christi
1208 3277 1362 3341 institutio
1414 3283 1519 3356 queat.
1569 3275 1621 3340 Ne
1648 3276 1728 3359 ipsis
1756 3275 1887 3357 quidem
1917 3275 2096 3353 veteribus,
2125 3275 2181 3356 qui
2208 3274 2297 3336 hune
2318 3293 2389 3335 mc-

386 3361 537 3423 rahcisset
558 3365 708 3439 quantam
731 3381 799 3439 par
826 3366 891 3423 erat
920 3363 962 3425 ad
984 3360 1180 3425 cohibendam
1202 3361 1362 3425 hominnm
1414 3383 1500 3438 rem,
1524 3361 1578 3426 vel
1606 3361 1776 3436 tenebant,
1812 3362 1866 3426 vel
1899 3361 2122 3444 patiebantur,
2151 3358 2320 3446 constabat
2348 3380 2390 3423 an

386 3447 562 3509 sedeciam.
611 3447 710 3525 Quasi
746 3447 829 3508 emim
860 3467 911 3511 res
938 3452 1014 3511 esset
1043 3447 1292 3527 contemptibilia,
1323 3468 1362 3512 ee
1414 3455 1502 3513 recte
1529 3447 1563 3511 id
1591 3449 1693 3512 fieret.
1744 3447 1841 3512 Hane
1869 3449 1957 3511 enim
1987 3447 2225 3511 dubitationem
2254 3465 2331 3526 prae
2354 3464 2390 3509 se

389 3530 507 3594 Christi
529 3537 708 3611 praecepto,
738 3551 823 3610 aqua
850 3532 1019 3612 baptisari,
1047 3533 1173 3596 inemta
1200 3539 1246 3597 est
1277 3533 1362 3597 bene·
1413 3533 1477 3597 fert
1505 3535 1724 3617 Augustinus,
1748 3554 1849 3614 quum
1872 3533 1962 3599 dicit:
1982 3533 2006 3617 ¹)
2034 3533 2097 3596 etsi
2123 3532 2226 3596 laicus
2248 3530 2389 3595 necessi-

386 3617 493 3693 dictic,
517 3617 562 3678 acl
578 3618 686 3697 potins
708 3618 887 3695 ‘incantatio
916 3639 1121 3697 quaererem
1142 3639 1242 3698 aquae
1263 3640 1362 3684 conse
1414 3627 1481 3683 tate
1503 3619 1690 3701 compulsus
1719 3619 1919 3700 baptismum
1947 3617 2089 3696 dederit,
2123 3617 2231 3682 nescio
2261 3638 2303 3679 an
2336 3616 2389 3697 pie

386 3703 553 3766 eratimem
569 3702 728 3782 pollueret.
767 3701 908 3768 Additus
923 3710 1033 3782 postea
1054 3725 1157 3768 cereus
1178 3724 1248 3768 cnm
1264 3705 1362 3770 chris-
1414 3706 1586 3788 quisquam
1612 3704 1732 3769 dixerit
1758 3726 1829 3769 esse
1851 3704 2067 3786 repetendum
2074 3728 2082 3782 ;
2110 3702 2204 3767 nulla
2226 3703 2315 3766 enim
2336 3723 2389 3767 co-

386 3792 481 3865 mate,-
509 3789 685 3868 arsasslatic
708 3809 779 3852 aera
800 3789 930 3852 ianuam
959 3791 1001 3854 ad
1027 3790 1216 3870 baptismam
1237 3792 1361 3872 aperire
1414 3800 1512 3873 gente
1538 3792 1731 3856 necessitate
1757 3791 1785 3853 si
1814 3791 1886 3867 fiat,
1921 3790 2020 3855 alieni
2047 3790 2192 3855 muneris
2220 3787 2389 3869 usurpatib

385 3874 455 3935 risa
483 3878 534 3936 est.
579 3873 653 3939 Etsi
682 3878 784 3938 antem
805 3895 853 3938 me
873 3895 934 3938 nan
958 3877 1037 3955 latet,
1066 3896 1159 3956 qaam
1181 3881 1299 3941 adusta
1319 3878 1361 3941 sit
1414 3886 1478 3955 est;
1512 3877 1540 3940 si
1568 3885 1679 3941 autem
1711 3876 1887 3940 necessitas
1923 3881 2056 3960 urgeat,
2090 3882 2148 3937 aut
2174 3871 2308 3937 nullum*
2332 3879 2390 3937 aut

387 3959 575 4022 adventitiae
610 3960 707 4022 haias
738 3960 917 4041 farraginis
952 3962 1052 4044 cripe,
1089 3981 1231 4042 respicere
1259 3969 1361 4027 tamen
1413 3961 1542 4026 veniale
1574 3961 1728 4026 delictum
1751 3970 1809 4026 cst.
1854 3962 1906 4026 De
1938 3961 2129 4025 mulieribus
2162 3979 2272 4042 porro,
2307 3959 2390 4023 eitra

385 4044 465 4107 mihi
487 4051 514 4107 ct
529 4047 599 4124 piis
621 4045 761 4107 omnihus
785 4046 839 4125 tas
866 4051 918 4123 est,
941 4046 1094 4127 qaidqnid
1116 4049 1159 4112 ad
1173 4047 1291 4112 Christi
1312 4049 1360 4111 in·
1413 4047 1514 4111 idlam
1532 4048 1766 4130 exceptionem,
1785 4048 1948 4112 sancitum
1969 4048 2032 4110 fuit
2052 4048 2087 4110 in
2105 4044 2240 4111 coneilio
2259 4044 2388 4108 cartha·

385 4129 573 4193 stitutionem
602 4131 716 4195 addere
743 4131 818 4193 ausi
839 4137 912 4193 sant
938 4132 1084 4197 hemines.
1132 4133 1234 4212 ρινννννι
1256 4139 1359 4197 antem
1413 4133 1592 4216 ginensi,²)
1614 4155 1656 4196 ne
1676 4133 1841 4215 baptizare
1858 4133 1992 4197 omnino
2010 4139 2229 4214 praesumant.
2263 4130 2310 4192 At
2330 4150 2388 4210 pe-

385 4217 500 4279 nideret
521 4221 623 4295 satan,
650 4217 746 4279 staini
763 4217 874 4279 mnndi
895 4216 1081 4292 credulitate,
1104 4218 1217 4297 absque
1243 4220 1359 4301 hepatia
1411 4218 1554 4282 rieulum
1577 4226 1691 4284 estne
1713 4219 1818 4299 isqui
1840 4226 2002 4301 aegrotat,
2032 4218 2061 4282 si
2083 4218 2204 4297 absque
2226 4213 2387 4293 baptismo

383 4301 458 4383 fere,
486 4303 568 4365 inter
593 4304 667 4384 ipsa
689 4301 839 4382 eeanpelii
865 4303 993 4366 exordia
1025 4308 1163 4384 receptas
1193 4324 1257 4367 esse
1284 4325 1361 4369 suas
1412 4304 1599 4382 decesserit,
1629 4305 1884 4388 regenerationis
1913 4305 2020 4388 gratia
2046 4303 2202 4385 privetur.
2247 4298 2387 4364 Minime

312 4428 315 4441 ·
384 4387 591 4468 imposturas,
625 4388 669 4452 ad
699 4388 856 4450 crassiora
888 4388 1028 4452 indibria
1060 4391 1220 4470 prorupit,
1275 4390 1360 4454 Hine
1411 4411 1497 4454 vero.
1550 4390 1699 4455 infantes
1738 4398 1882 4467 nostros,
1919 4399 2095 4473 antequam
2123 4390 2317 4459 nascantur,
2351 4403 2386 4447 se

384 4479 511 4550 spatam
540 4480 568 4537 ct
590 4473 709 4537 similes
731 4493 831 4554 napae
851 4474 964 4554 potam
985 4476 1018 4539 in
1040 4475 1186 4555 baptismi
1209 4477 1361 4557 probrum
1412 4475 1565 4557 adoptare
1593 4477 1629 4539 in
1656 4496 1733 4540 suos
1761 4477 1953 4557 pronuntiat
1973 4473 2079 4548 Deus,
2109 4490 2211 4553 quum
2233 4488 2268 4530 se
2291 4468 2384 4533 nobis

383 4557 514 4635 effraeni
542 4561 668 4624 licentia
703 4560 845 4622 inmotae.
897 4560 1017 4640 Quibus
1050 4561 1269 4641 ceperimentis
1296 4562 1360 4625 dis-
1410 4561 1447 4624 in
1468 4562 1578 4626 Deum
1599 4561 1668 4626 fore
1689 4563 1858 4643 promittit,
1881 4560 2062 4639 seminique
2084 4567 2196 4619 nostro
2218 4563 2292 4634 post
2313 4574 2382 4619 nos

383 4660 499 4720 camus,
532 4645 612 4709 nihil
633 4645 682 4709 ael
707 4646 847 4708 sanctius
878 4666 942 4709 esse
974 4646 1020 4709 rel
1047 4646 1160 4710 melias
1184 4647 1232 4711 vet
1261 4648 1359 4712 tntim
1410 4647 1484 4712 Hoc
1506 4647 1605 4712 verbo
1629 4648 1817 4712 continetur
1839 4667 1952 4711 eorum
1981 4641 2076 4706 salus.
2121 4639 2191 4703 Nec
2212 4638 2384 4720 quisquam
2489 4665 2498 4691 ι

384 4746 479 4806 qnam
497 4730 595 4792 anias
610 4729 727 4794 Christi
745 4732 910 4795 autoritate
926 4737 1076 4796 metentes
1087 4752 1159 4796 esse.
1188 4731 1320 4812 Quanto
1334 4733 1358 4818 ¹)
1410 4733 1445 4796 in
1467 4733 1577 4796 Deum
1603 4740 1673 4797 tam
1700 4731 1952 4797 contumeliosus
1974 4747 2044 4791 esse
2072 4725 2218 4801 audebit,
2253 4733 2290 4787 ut
2311 4723 2383 4789 cius

383 4813 483 4893 ipitar
516 4815 617 4877 satius
644 4823 731 4892 erat,
765 4818 891 4881 omissis
917 4817 1077 4882 theatricis
1102 4820 1244 4899 pompis,
1278 4840 1358 4901 qaae
1410 4818 1657 4900 promissionem
1696 4818 1813 4900 effectui
1841 4834 1900 4879 suo
1934 4812 2083 4876 sufficere
2117 4831 2178 4892 per
2209 4830 2243 4873 se
2274 4815 2381 4893 neget

307 4945 314 4954 .
383 4897 574 4979 simpliciam
606 4900 707 4964 oculos
740 4902 959 4985 perstringant
996 4909 1022 4967 et
1061 4909 1175 4968 mentes
1210 4904 1356 4984 hebetant,
1414 4904 1573 4984 &mntem
1600 4906 1709 4970 damni
1737 4900 1889 4966 invexerit
1916 4899 2029 4980 depma
2056 4897 2137 4961 ailad
2157 4896 2240 4960 male
2261 4895 2384 4993 capasi-

383 4984 509 5063 quoties
538 4983 751 5065 baptizandus
779 4988 896 5070 aliquis
924 4998 1023 5068 esset,
1058 4991 1094 5055 in
1121 4998 1248 5055 coetum
1276 4990 1357 5056 fide-
1410 4996 1489 5069 tam,
1517 4991 1673 5073 baptisma
1694 5008 1759 5052 esse
1780 4990 1817 5050 de
1838 4983 2013 5048 necessitate
2040 4983 2172 5060 salutis,
2194 5001 2293 5062 paam
2315 5003 2383 5045 aaa

383 5066 463 5132 lium
496 5071 605 5152 ipsum
637 5074 891 5150 repraesentari,
931 5084 964 5138 et
996 5082 1066 5140 tota
1098 5077 1234 5142 ecelesia
1266 5078 1358 5142 velut
1409 5078 1614 5155 madvertant,
1636 5075 1762 5152 ideoque
1782 5071 1890 5134 minas
1910 5067 1973 5134 sihi
1992 5074 2105 5145 cavent,
2150 5067 2239 5131 Nam
2258 5066 2313 5131 abi
2335 5068 2382 5131 in·

381 5161 465 5220 teste
493 5161 661 5237 spectante
690 5162 722 5216 et
749 5164 862 5218 orante
891 5179 989 5239 super
1017 5180 1107 5237 eum,
1136 5163 1208 5226 Deo
1231 5164 1356 5242 offerri3
1410 5163 1509 5227 naluit
1533 5163 1652 5243 opinio,
1674 5157 1816 5237 perditas
1841 5175 1906 5220 esse
1926 5174 2030 5219 ornnes
2051 5154 2163 5235 quihus
2190 5174 2275 5234 aqna
2302 5151 2382 5234 tinpi

380 5242 512 5307 recitari
541 5240 619 5304 fidei
646 5238 881 5305 confessionem
908 5262 972 5322 qua
994 5243 1036 5305 sit
1062 5245 1282 5312 instituendus
1304 5269 1356 5312 ca·
1409 5269 1471 5312 non
1492 5247 1631 5327 eordipit,
1659 5247 1765 5307 nostra
1786 5241 1918 5306 conditio
1940 5240 2071 5305 deterior
2091 5244 2136 5305 est
2156 5259 2251 5320 quam
2271 5237 2382 5300 veteris

376 5328 613 5405 teehumenus3
646 5324 792 5390 enarrari
826 5345 911 5406 quae
942 5326 977 5388 in
1006 5326 1166 5408 baptismo
1194 5330 1358 5396 habentur
1404 5333 1532 5413 papati,
1561 5329 1654 5410 qnasi
1681 5329 1853 5393 restrictior
1879 5331 1957 5392 esset
1982 5325 2046 5391 Dei
2070 5326 2177 5409 pratia
2204 5342 2298 5402 qaam
2324 5319 2381 5419 stad

1409 5418 1481 5500 depe.
1535 5414 1662 5480 Venisse
1688 5414 1771 5479 enin
1798 5412 1943 5479 Christus
1969 5411 2137 5477 cemchitnr
2163 5429 2224 5473 noa
2251 5407 2294 5470 ad
2322 5426 2381 5470 am

448 5618 477 5686 1)
503 5619 559 5673 nte
581 5594 716 5672 aroanna
743 5620 904 5668 «nimam
928 5631 962 5669 a
986 5615 1356 5684 Gap.XV111.§.7a71.
1412 5591 1466 5596 ’”
1506 5590 1561 5594 ”

373 5689 564 5755 praecedentis
583 5687 711 5742 editionis
725 5685 820 5754 petita.
1477 5688 1508 5756 1)
1525 5688 1600 5741 libr.
1619 5694 1716 5744 contra
1733 5690 1813 5759 epist.
1832 5688 1923 5742 Parm.
1940 5684 1965 5742 2.
1984 5681 2066 5739 c13.
2133 5680 2164 5750 2)
2181 5680 2246 5751 (lap.
2265 5679 2323 5736 100.
