5600 6809
427 740 490 804 447
1078 734 1344 802 INSTITUTIO
1365 734 1472 799 REI..
1494 731 1675 799 aflatsr.
1700 736 1791 796 1559.
2369 742 2434 804 448

427 945 491 1008 qua
511 923 683 1001 exercitia,
712 924 829 1005 quibus
856 926 1012 1009 privatim
1039 925 1143 989 veluti
1171 922 1323 988 remediis
1350 922 1404 987 vel
1456 918 1496 982 de
1523 939 1662 1001 quorum
1688 920 1822 1002 flagitiis
1850 922 2058 986 constitutam
2088 925 2311 1006 quaestionem
2335 926 2433 1009 paulo

427 1007 469 1074 ad
500 1030 557 1073 nos
591 1008 826 1085 humiliandos,
867 1011 918 1076 vel
957 1011 998 1076 ad
1036 1010 1233 1074 domandam
1272 1029 1404 1073 carnem
1456 1013 1532 1068 ante
1560 1004 1695 1068 dixerat
1748 1003 2031 1085 Quemadmodum
2060 1028 2120 1072 nec
2148 1011 2233 1074 male
2261 1011 2359 1077 hodie
2385 1013 2433 1077 fc·

427 1104 576 1158 nostram
598 1095 735 1172 utimur;
758 1095 886 1177 publice
909 1117 986 1161 vero
1010 1096 1051 1160 ad
1074 1096 1316 1178 resipiscentiae
1338 1101 1403 1158 tes-
1456 1090 1561 1154 ecrint
1587 1090 1794 1156 ecelesiastici
1821 1101 1981 1173 pastores,
2010 1095 2053 1172 si,
2081 1094 2160 1158 dum
2187 1095 2433 1179 impendentem

426 1180 646 1244 tificationem.
697 1182 866 1246 Emanant
895 1190 1005 1246 autem
1034 1182 1073 1246 ab
1107 1181 1164 1245 illa
1189 1180 1334 1244 vindicta
1363 1178 1404 1242 de
1456 1197 1589 1240 suorum
1616 1176 1797 1241 cervicibus
1823 1179 1954 1242 ruinam
1981 1179 2108 1257 vident,
2140 1180 2182 1244 ad
2209 1182 2372 1247 ieiunium
2401 1190 2435 1248 et

427 1287 491 1348 qua
517 1266 663 1348 loquitur
684 1266 818 1332 Paulus.
864 1266 1034 1349 Siquidem
1064 1268 1144 1332 haec
1167 1267 1280 1330 afflicti
1302 1265 1404 1329 animi
1456 1262 1571 1325 fletum
1598 1262 1840 1344 properandum
1867 1265 2099 1343 vociferentur,
2133 1266 2243 1347 modo,
2273 1269 2361 1351 quod
2383 1277 2433 1335 est

427 1361 505 1416 sunt
529 1353 674 1434 propria,
708 1353 743 1415 iu
772 1353 934 1434 squalore,
965 1354 1104 1437 gemitu,
1124 1352 1288 1436 'lacrymis
1317 1372 1404 1428 esse;
1455 1348 1675 1428 praecipuum,
1699 1349 1822 1413 maiore
1842 1357 1875 1413 et
1894 1351 2070 1415 intentiore
2089 1373 2169 1416 cura
2185 1360 2219 1416 et
2236 1375 2432 1436 operasem·

426 1436 767 1521 fugeresplcndorem
789 1446 823 1502 et
840 1439 1231 1520 quemlibetapparatum,
1254 1435 1404 1501 omuibus
1456 1453 1515 1514 per
1536 1443 1692 1515 urgeant,
1716 1434 1894 1498 scindenda
1915 1436 2039 1502 scilicet
2060 1458 2131 1502 esse
2152 1437 2263 1517 corda,
2287 1463 2353 1505 uon
2375 1464 2432 1506 ve·

427 1522 551 1588 deliciis
575 1546 608 1588 so
632 1523 791 1588 abdicare.
837 1523 966 1588 Deinde
994 1525 1022 1588 is
1045 1525 1101 1606 qui
1124 1525 1224 1588 sentit
1244 1532 1404 1604 quantum
1456 1520 1618 1582 stimenta.
1651 1519 1758 1583 Extra
1780 1519 1916 1584 dubium
1938 1529 2001 1600 cst,
2025 1543 2091 1586 non
2113 1545 2243 1606 semper
2263 1528 2432 1607 poeniten·

426 1609 552 1673 malum
584 1611 625 1673 sit
653 1610 761 1674 earnis
788 1610 935 1686 rebellio,
970 1610 1114 1674 remedia
1140 1609 1250 1673 omnia
1276 1609 1405 1689 quaerit
1456 1604 1521 1667 tiae
1542 1604 1715 1669 cohaerere
1734 1605 1907 1683 ieiunium,
1935 1607 1992 1671 sed
2014 1609 2210 1674 calamitosis
2232 1612 2432 1693 temporibus

427 1696 545 1777 quibus
566 1704 719 1758 coerceat.
765 1695 942 1759 Praeterea
965 1695 1021 1778 qui
1042 1696 1124 1759 bene
1147 1696 1282 1778 cogitat,
1304 1714 1404 1775 quam
1455 1689 1664 1770 peculiariter
1691 1689 1856 1763 destinari.
1901 1691 1998 1757 Unde
2025 1702 2059 1757 et
2085 1715 2159 1759 cum
2182 1694 2274 1761 luctu
2297 1698 2432 1762 coniun-

427 1801 528 1864 grave
550 1782 594 1845 sit
611 1780 749 1845 violasse
761 1782 825 1846 Dei
837 1782 1004 1859 iustitiam,
1028 1781 1192 1863 quiescere
1213 1801 1280 1842 non
1296 1786 1405 1860 potest
1456 1775 1546 1857 gitur
1574 1794 1594 1837 a
1617 1775 1750 1841 Christo
1778 1776 1857 1840 dum
1886 1778 2047 1861 apostolos
2073 1780 2114 1844 ab
2142 1780 2211 1845 eius
2240 1785 2432 1849 necessitate

427 1865 528 1930 donec
550 1867 586 1929 iu
603 1888 663 1930 sua
680 1867 866 1931 humilitate
884 1866 1022 1948 gloriam
1046 1866 1173 1930 dederit
1190 1866 1269 1929 Deo.
1304 1865 1404 1928 llius-
1456 1860 1596 1925 absolvit
1613 1862 1748 1945 (Matth.
1769 1868 1797 1940 9,
1820 1863 1888 1947 15),
1914 1863 2017 1930 donec
2039 1886 2099 1929 sua
2119 1869 2306 1948 praeseutia
2328 1870 2432 1934 orbati

426 1951 514 2015 modi
536 1953 691 2016 exercitia
718 1973 814 2035 saepe
842 1961 1099 2016 commemorant
1120 1953 1241 2016 vetusti
1269 1953 1404 2033 scripto·
1455 1966 1604 2010 moerore
1636 1950 1880 2013 conficerentur.
1925 1950 1977 2014 De
2005 1950 2132 2015 solenni
2158 1952 2279 2017 ieiunio
2308 1954 2430 2037 loquor.

427 2059 489 2115 res,
503 2058 604 2120 quum
617 2038 656 2102 de
669 2038 887 2120 poenitentiae
902 2039 1059 2103 fructibus
1072 2038 1259 2119 loquuntur.
1290 2035 1404 2116 Quan—
1455 2032 1541 2095 Nam
1570 2033 1699 2114 piorum
1727 2034 1796 2098 vita
1827 2035 2016 2118 frugalitate
2048 2047 2082 2100 et
2108 2037 2281 2104 sobrietate
2307 2047 2432 2123 tempe-

427 2145 526 2207 quam
554 2130 665 2188 autem
692 2126 761 2188 vim
788 2125 1008 2207 poenitentiae
1034 2124 1169 2187 minime
1198 2124 1232 2186 in
1259 2122 1324 2185 illis
1353 2143 1404 2185 re·
1456 2126 1529 2181 rata
1557 2140 1628 2182 esse
1656 2117 1764 2196 debet,
1794 2121 1894 2184 utin
1922 2130 1989 2185 tota
2016 2123 2086 2186 eius
2112 2122 2249 2188 decursu
2271 2125 2430 2207 quaedam

425 2217 570 2292 ponunt,
610 2210 740 2275 veniam
780 2217 893 2273 tamen
933 2209 1015 2273 milri
1048 2210 1173 2273 dabunt
1206 2209 1343 2273 lectores
1377 2208 1405 2269 si
1456 2203 1570 2266 ieiunii
1602 2205 1725 2286 species
1757 2206 1961 2271 continenter
1993 2215 2158 2290 appareat
2203 2209 2329 2274 Verum
2361 2219 2433 2275 tota

428 2295 540 2359 dixero
569 2294 656 2377 quod
682 2296 796 2360 sentio.
841 2295 922 2359 Plus
950 2317 1052 2378 aequo
1081 2303 1168 2359 certe
1193 2294 1343 2359 insistere
1368 2294 1404 2355 in
1456 2288 1512 2351 illa
1534 2310 1595 2367 res,
1618 2290 1695 2372 quia
1715 2311 1843 2370 mermes,
1871 2294 1925 2356 ubi
1951 2293 1990 2358 de
2011 2295 2153 2359 ecelesiae
2173 2295 2343 2377 disciplina
2364 2319 2433 2380 191

427 2381 480 2444 his
501 2381 584 2453 mihi
607 2380 767 2445 videntur.
813 2382 863 2445 Ac
886 2382 914 2444 si
935 2383 1008 2462 quis
1029 2381 1208 2464 prudenter
1230 2376 1404 2461 expendat,
1456 2379 1517 2453 tur,
1540 2377 1729 2454 expedienda
1750 2377 1817 2453 erit,
1838 2399 1925 2442 nunc
1950 2381 2080 2463 parcius
2102 2401 2192 2444 ame
2209 2381 2392 2466 attingitur.
2407 2384 2432 2469 ¹)

427 2467 508 2530 mihi
538 2467 591 2548 (ut
610 2468 720 2549 spero)
748 2465 958 2545 assentietur,
993 2466 1168 2548 dupliciter
1194 2487 1249 2530 cos
1270 2464 1405 2528 modum
1441 2472 1451 2481 “·
1546 2465 1594 2523 ls.
1639 2461 1707 2525 Hoc
1733 2469 1836 2526 tamen
1858 2464 1958 2528 adduc
1979 2467 2132 2543 irrseram,
2166 2487 2262 2547 quum
2288 2469 2331 2533 ad
2353 2469 2433 2534 dano

428 2552 614 2616 excessisse.
659 2553 746 2616 Nam
766 2574 865 2634 quum
889 2560 1059 2636 tantopere
1082 2558 1256 2634 urgerent,
1283 2572 1320 2615 ao
1343 2551 1404 2612 im·
1456 2549 1613 2644 miceriam
1633 2548 1857 2628 professionem
1877 2552 2066 2633 transfertur
2092 2572 2203 2617 nemen
2218 2556 2432 2636 poenitentiae,
2532 2584 2542 2597 ·

427 2637 563 2702 modieis
585 2637 699 2721 elogiis
716 2637 982 2703 commenda-rent
1004 2637 1203 2720 corporalem
1225 2637 1316 2700 illam
1339 2635 1404 2699 dis·
1456 2632 1625 2712 imprcprre
1656 2655 1677 2696 1
1706 2635 1839 2715 genuina
1865 2635 1918 2700 ilio
1947 2657 2041 2702 sensu
2073 2659 2162 2719 quem
2183 2641 2282 2721 posui
2309 2640 2432 2720 deflecti.

428 2723 597 2804 cipliuam,
622 2724 684 2787 hoo
706 2724 835 2806 quidem
860 2722 1139 2805 consequebantur
1160 2730 1196 2786 ut
1217 2722 1310 2804 plebs
1332 2741 1405 2785 cam
1459 2717 1566 2797 Neque
1585 2720 1668 2781 euim
1690 2723 1753 2782 tam
1775 2725 1819 2783 est
1840 2723 1994 2786 conversio
2016 2725 2059 2788 ad
2079 2724 2185 2789 Deum
2206 2746 2302 2806 quam
2322 2728 2433 2808 111111

428 2810 553 2873 maiore
582 2807 688 2873 studio
711 2809 976 2892 amplecteretur;
1004 2809 1076 2886 sed,
1106 2807 1192 2891 quod
1214 2808 1313 2890 longe
1334 2829 1405 2871 ma·
1456 2804 1611 2883 arfasto,
1635 2824 1704 2867 cum
1720 2825 1839 2885 poenae
1860 2813 1888 2872 11
1908 2812 2014 2873 reatus
2034 2810 2253 2889 deprecatione.
2289 2811 2343 2876 Sic
2359 2835 2432 2895 poe

428 2894 506 2958 ioris
528 2895 683 2958 momenti
706 2917 776 2959 esse
795 2895 898 2972 debet,
922 2894 1157 2976 quodammodo
1178 2894 1402 2959 obscurabant.
1456 2889 1619 2952 nitentiam
1650 2910 1740 2971 agere
1770 2891 1805 2953 in
1832 2893 1932 2957 111111
1955 2900 1983 2958 et
2007 2895 2124 2975 cilicio,
2153 2896 2234 2960 nibil
2265 2897 2355 2962 aliud
2387 2904 2431 2962 est
2535 2892 2538 2899 ’

428 2980 556 3044 Deinde
595 2981 630 3044 in
670 2979 839 3062 exigendis
877 2981 1143 3063 castigationibus
1176 2981 1309 3044 fuerunt
1345 2978 1404 3043 ali-
1456 2995 1551 3055 quam
1571 2977 1679 3038 testari
1690 2976 1925 3058 displicentiam,
1947 2979 2002 3043 ubi
2013 2979 2103 3046 Deus
2123 2982 2158 3045 ab
2176 3002 2287 3064 111111
2298 2983 2431 3063 offaucs

428 3075 551 3147 quanto
573 3065 744 3149 rigidiores
772 3088 870 3149 quam
899 3067 982 3130 ferat
1008 3066 1227 3132 ecelesiastica
1251 3086 1404 3129 mansue-
1456 3060 1544 3124 nobis
1565 3062 1723 3125 irascitur.
1766 3063 1870 3145 Atque
1895 3065 1969 3129 baec
1996 3067 2120 3146 quidun
2141 3068 2341 3147 confessionis
2362 3090 2430 3149 spe·

429 3151 518 3228 tudo,
543 3150 817 3232 quemadmodum
839 3150 917 3216 alibi
938 3153 1140 3217 tractandum
1159 3153 1227 3216 erit.
1239 3153 1265 3235 ¹)
1457 3147 1519 3210 cies
1533 3147 1663 3226 publiea
1683 3152 1742 3225 est,
1771 3170 1835 3229 qua
1856 3170 1912 3214 nos
1931 3151 2114 3215 damnantes
2134 3172 2238 3217 coram
2260 3154 2382 3236 angelis
2404 3161 2431 3219 et

518 3241 564 3300 17.
611 3237 678 3302 Sed
700 3237 778 3319 quia
799 3237 962 3315 nonnulli,
993 3237 1072 3302 dum
1092 3239 1219 3316 fletum,
1248 3237 1406 3300 ieiunium
1457 3234 1571 3296 mundo
1586 3235 1809 3313 praevertimus
1831 3236 1984 3300 iudicium
2000 3237 2071 3302 Dei.
2101 3237 2187 3302 Nam
2204 3242 2433 3323 1111111911-

428 3330 461 3388 et
494 3325 636 3388 cinerem
670 3345 745 3388 cum
768 3322 845 3387 alibi
875 3325 1077 3406 frequenter,
1107 3331 1180 3387 tum
1212 3322 1405 3407 praesertim
1457 3319 1530 3382 tiem
1551 3338 1719 3402 ecarpnens
1742 3319 1875 3399 Paulus,
1897 3324 1952 3402 qni
1967 3324 2104 3405 pacatis
2123 3325 2194 3389 suis
2214 3325 2381 3408 indulgent,
2403 3329 2434 3391 si

428 3408 516 3492 apud
538 3408 661 3473 Ioelem
682 3409 929 3474 commemorari
952 3408 1103 3486 audiunt,
1124 3411 1332 3492 praeeipuam
1352 3429 1405 3471 re·
1456 3404 1671 3469 indicaremus
1690 3408 1860 3488 11111111,
1882 3410 1993 3489 inquit,
2015 3430 2075 3474 111
2096 3431 2117 3473 1
2134 3409 2202 3475 Deo
2219 3411 2434 3478 iudicaremur

429 3496 634 3577 sipisoeutiae
664 3504 792 3577 partem
819 3496 938 3559 ieiunio
964 3502 997 3558 et
1017 3497 1097 3559 fietu
1117 3497 1316 3571 metiuntur,
1343 3493 1405 3558 tol-
1458 3491 1489 3573 (l
1512 3489 1586 3554 Cor.
1612 3496 1665 3569 ll,
1685 3490 1750 3574 31).
1796 3493 1858 3558 Sed
1878 3493 2016 3559 homines
2041 3495 2144 3576 faeere
2165 3497 2276 3578 palam
2299 3500 2433 3562 11111111

284 3613 309 3684 ‘-
428 3580 527 3644 lenda
549 3589 598 3645 est
620 3603 733 3645 eorum
755 3581 975 3646 hallucinatio.
1014 3579 1111 3661 Quod
1134 3579 1174 3644 de
1195 3581 1406 3645 conversione
1458 3580 1596 3641 ettestes
1615 3581 1737 3641 nostrae
1758 3580 2002 3660 resipiscentiae,
2029 3602 2090 3645 uon
2116 3603 2237 3662 seraper
2263 3588 2308 3646 est
2334 3605 2433 3649 neees-

429 3667 531 3730 totius
552 3667 658 3731 cordis
676 3667 718 3730 ad
740 3667 936 3741 Dominum,
961 3666 1239 3750 deque'scissione
1261 3687 1327 3729 non
1349 3687 1406 3729 ve-
1458 3663 1598 3741 sarium·
1623 3664 1778 3744 priuatim
1798 3670 1901 3729 autem
1921 3664 1990 3730 Deo
2012 3667 2162 3747 mnfitmi,
2177 3689 2260 3750 pars
2280 3674 2324 3733 esi
2344 3692 2434 3735 aerae

429 3753 660 3815 stimcutorum
685 3752 741 3816 sed
771 3752 876 3817 cordis
903 3753 971 3817 illic
999 3753 1134 3830 dieitur,
1164 3753 1406 3835 resipiscentiae
1452 3750 1658 3828 poentientiae
1678 3771 1759 3830 quae
1775 3752 1873 3815 anitii
1894 3772 1954 3814 non
1969 3758 2078 3832 potest.
2113 3754 2207 3818 Nihil
2228 3756 2311 3819 enim
2327 3758 2434 3820 minus

428 3838 598 3920 proprium
620 3848 682 3916 est;
704 3839 802 3901 flotus
823 3847 933 3902 autem
955 3847 989 3903 11
1005 3840 1172 3916 ieiunium,
1195 3861 1260 3903 uon
1278 3847 1316 3901 ut
1332 3860 1406 3921 por-
1457 3840 1689 3898 conscritaneum
1709 3857 1804 3916 quam
1823 3842 1857 3900 ut
1872 3845 2000 3917 peecata
2019 3841 2156 3921 ipncscat
2176 3840 2281 3920 Deus,
2309 3841 2345 3905 in
2365 3844 2434 3923 qui-

429 3930 529 4005 petua
550 3930 608 3986 aut
629 3924 812 3987 necessaria
836 3926 905 3989 eius
927 3926 1043 3990 effecta
1064 3926 1318 4002 subnectuntur,
1348 3923 1406 3988 sed
1458 3920 1515 3983 1111
1548 3920 1637 3985 rtobis
1665 3923 1727 4002 ipsi
1755 3922 1949 4002 blandimur,
1981 3930 2010 3988 et
2035 3944 2074 3988 ne
2099 3925 2136 3989 in
2163 3925 2259 3990 lucem
2279 3928 2433 4007 proferat,

430 4007 602 4091 specialem
639 4008 763 4073 habent
795 4011 1084 4075 circumstantiam.
1131 4010 1296 4091 Quoniam
1330 4030 1405 4093 gra
1451 4008 1663 4089 praetepimus
1678 4028 1739 4088 per
1755 4007 1939 4090 hypocrisin.
1975 4010 2040 4074 Nec
2057 4015 2178 4075 tantum
2199 4032 2279 4093 quae
2299 4016 2435 4091 quotidie

429 4094 600 4159 vissimum
632 4094 763 4160 Iudaeis
800 4095 963 4160 excidium
1001 4097 1172 4161 imminere
1209 4097 1406 4161 vaticinatus
1458 4093 1654 4156 admittimus
1675 4099 1803 4174 pmcata
1827 4094 1923 4176 fateri
1949 4099 2103 4161 marcuit:
2135 4118 2243 4161 verum
2272 4100 2434 4178 proniores

430 4181 552 4256 fuerat,
585 4181 671 4244 iram
693 4181 757 4245 Dei
785 4180 901 4246 suadet
930 4188 1149 4260 antevertere,
1182 4204 1247 4246 non
1275 4187 1406 4245 tautum
1458 4179 1567 4260 lapsus
1587 4178 1709 4261 langius
1728 4179 1851 4244 trabere
1872 4202 1928 4245 nos
1944 4182 2061 4260 deberd,
2089 4188 2179 4262 atque
2199 4184 2234 4246 in
2253 4184 2433 4246 maneriam

430 4266 664 4348 resipiscendo,
693 4266 750 4330 sed
778 4267 935 4332 moeroris
963 4267 1084 4332 indicia
1104 4290 1182 4350 prae
1205 4289 1240 4332 se
1262 4265 1404 4332 ferendo.
1446 4276 1599 4328 'revocare
1620 4285 1699 4345 quae
1720 4266 1865 4331 1111111111
1881 4268 2012 4350 pridem·
2029 4269 2167 4350 sepulta
2192 4268 2273 4347 quad
2295 4270 2431 4348 exemplo

429 4350 580 4432 Qualiter
601 4353 691 4415 enim
708 4352 870 4435 promissa
888 4353 997 4431 barba,
1021 4354 1150 4436 impexo
1168 4353 1293 4436 capillo,
1316 4352 1407 4434 pulla
1457 4370 1514 4414 suo
1546 4349 1633 4414 nabis
1660 4351 1850 4432 praescribit
1879 4353 1991 4418 David
2022 4352 2123 4439 (Psal.
2144 4357 2199 4430 51,
2226 4351 2268 4434 7).
2315 4353 2432 4416 Tactus

428 4446 536 4514 veste,
564 4438 755 4520 suppliciter
780 4460 815 4503 se
838 4438 1007 4503 demittere
1036 4440 1118 4503 solet
1139 4461 1212 4504 reus
1235 4439 1276 4503 ad
1298 4438 1405 4502 conci·
1458 4437 1540 4499 caim
1561 4438 1691 4500 recentis
1704 4438 1822 4520 11111111
1836 4440 1966 4520 pudore,
1988 4460 2020 4503 se
2038 4440 2144 4519 111111
2160 4438 2319 4503 1111111111
2336 4459 2434 4519 usque

428 4523 571 4587 liandam
598 4524 713 4588 iudicis
741 4524 1012 4602 misericordiam,
1046 4525 1092 4588 ita
1113 4525 1200 4603 illos,
1228 4546 1331 4607 quum
1357 4523 1407 4587 rei
1458 4522 1501 4585 ad
1522 4523 1635 4586 matris
1656 4527 1786 4604 uterum,
1808 4529 1836 4588 11
1856 4526 1993 4607 apnoscit
2010 4526 2075 4589 iam
2095 4529 2167 4587 tune
2181 4523 2283 4604 fuisse
2304 4536 2434 4605 cornip-

428 4618 604 4692 agerentur
623 4607 735 4674 'coram
752 4609 817 4673 Dei
834 4610 999 4687 tribunali,
1023 4611 1093 4676 cius
1114 4610 1322 4675 severitatem
1344 4609 1406 4672 mi-
1458 4612 1523 4670 tum
1555 4612 1583 4670 et
1613 4609 1768 4689 infectum,
1793 4611 1901 4675 earnis
1930 4610 2004 4675 labe.
2050 4610 2156 4688 Neque
2187 4609 2221 4674 id
2246 4615 2282 4673 ut
2309 4611 2435 4691 cuipam

429 4694 556 4759 serabili
605 4695 720 4759 habitu
760 4695 926 4778 deprecari
965 4697 1143 4779 oportebat.
1207 4694 1406 4779 Quanquam
1459 4714 1551 4757 sitam
1572 4698 1725 4775 11111111·
1751 4694 1962 4761 suntimuiti
1990 4696 2025 4758 in
2046 4695 2138 4759 turba
2158 4715 2191 4759 se
2212 4696 2377 4774 occultant,
2407 4701 2434 4760 11

429 4789 539 4843 autern
567 4781 649 4845 cinis
676 4788 710 4844 et
734 4803 847 4846 saccus
876 4781 941 4847 illis
969 4785 1051 4846 forte
1078 4784 1278 4865 temporibus
1300 4781 1406 4864 magis
1458 4781 1538 4844 alias
1566 4800 1669 4845 secam
1695 4780 1888 4857 1111111111,
1915 4781 2131 4862 impunitatem
2151 4786 2285 4862 captant.
2329 4783 2434 4865 Longe

430 4864 679 4943 conveniebant,
714 4868 810 4931 fletus
832 4875 943 4931 tamen
965 4876 999 4932 ct
1027 4869 1137 4933 ieiunii
1167 4868 1261 4932 valde
1288 4889 1406 4951 oppor-
1459 4867 1551 4930 aliter
1572 4867 1698 4945 Dauid,
1726 4868 1782 4948 qui
1807 4867 1936 4948 1111111
1956 4866 2082 4946 mdpam
2103 4873 2281 4950 11119111,
2310 4869 2391 4949 quod
2413 4890 2434 4932 a

429 4957 547 5013 tanum
569 4951 637 5014 fore
657 4952 744 5015 inter
764 4974 823 5016 nos
846 4974 945 5017 usum
967 4962 1109 5033 constat,
1133 4955 1258 5036 quotics
1280 4953 1406 5018 cladem
1453 4953 1565 5034 prima
1597 4954 1734 5035 infantia
1766 4956 1944 5031 eormrptus,
1977 4972 2040 5016 non
2070 4952 2198 5017 desierit
2224 4954 2311 5017 maia
2338 4955 2436 5018 realis

430 5035 572 5116 aliquam
601 5044 659 5099 ant
680 5037 898 5102 calamitatem
926 5039 1019 5103 nobis
1048 5039 1167 5102 minari
1188 5040 1280 5104 visus
1308 5039 1408 5103 suerit
1459 5038 1624 5103 cumulare.
1667 5039 1744 5103 Alio
1770 5039 1863 5101 etiam
1888 5038 1952 5102 1111
1979 5037 2070 5124 (ibid.
2093 5041 2150 5115 25,
2170 5038 2205 5124 7)
2232 5040 2293 5104 1111
2314 5045 2435 5120 praete-

428 5120 601 5184 Dominus.
647 5119 692 5186 Se
721 5125 809 5185 enim
836 5124 878 5187 ad
905 5125 1062 5189 ultionem
1092 5127 1244 5207 apparari
1272 5132 1304 5190 et
1326 5144 1406 5207 quo·
1459 5126 1539 5188 ritae
1560 5126 1641 5189 ritae
1660 5144 1787 5188 1111111
1808 5124 1954 5204 11111111,
1975 5129 2011 5188 nt
2032 5124 2251 5191 adolescentiae
2272 5145 2348 5189 suae
2363 5145 2435 5205 pec

430 5205 600 5270 dammodo
620 5208 741 5271 armari
762 5208 947 5289 denuntiat,
969 5211 1027 5274 ubi
1047 5211 1228 5292 periculum
1249 5231 1407 5293 apparere
1459 5211 1539 5274 catis
1559 5209 1881 5274 nrisaiecrdiamDei
1897 5210 2047 5291 impiaret.
2075 5210 2121 5275 Et
2137 5216 2214 5276 certe
2230 5216 2296 5274 tum
2311 5210 2434 5274 demum

428 5293 516 5360 facit.
560 5293 654 5357 Bene
675 5294 777 5377 igitur
798 5295 971 5377 propheta,
999 5296 1054 5379 qui
1076 5318 1151 5361 suos
1174 5297 1216 5361 ad
1236 5297 1350 5360 fletum
1373 5303 1407 5359 et
1459 5315 1595 5376 soporem
1620 5295 1707 5359 nobis
1734 5316 1798 5362 esse
1823 5317 1989 5361 erassum
2010 5296 2215 5379 probadimus
2239 5297 2270 5361 si
2288 5296 2434 5379 pertendo

429 5378 597 5459 ieiunium,
621 5379 682 5444 hoo
704 5388 754 5445 est
772 5379 814 5459 ad
830 5402 962 5446 reorum
974 5383 1181 5462 moestitiam,
1204 5382 1405 5460 cohortatur,
1459 5381 1515 5445 sub
1537 5401 1639 5460 11111,
1656 5384 1802 5466 malaque
1822 5389 1931 5449 nostra
1950 5383 2102 5463 111111ιά1,
2124 5382 2303 5447 urucam
2322 5403 2344 5447 1
2365 5381 2436 5447 Deo

1460 5558 1663 5565 —--.--———-

500 5582 528 5642 1)
564 5583 626 5636 Seii.
655 5585 732 5648 iufra
760 5584 821 5637 Lib.
850 5584 902 5636 IV.
933 5585 998 5653 Cap.
1027 5586 1100 5639 XII.
1129 5589 1191 5639 olim
1221 5586 1287 5655 Gap.
1321 5587 1406 5642 VIII.

432 5650 455 5719 ξ.
475 5649 527 5703 184
545 5667 615 5721 seqq.
1530 5655 1559 5722 l)
1585 5657 1652 5708 Vide
1671 5664 1762 5710 matam
1778 5657 1818 5710 ad
1834 5658 1858 5723 ξ.
1872 5657 1997 5725 11111111.
