5600 6809
397 755 459 816 727
1038 744 1305 815 INSTI'PUTIO
1328 743 1435 810 REL.
1458 743 1639 811 OHRIST.
1665 748 1756 808 1559.
1850 746 1855 752 '
2340 747 2405 809 728

397 940 510 1005 diceret
536 937 690 1002 Ieremias
723 936 894 1020 (31,18).·
928 940 1066 1002 conante
1093 955 1141 1000 me
1169 933 1318 1015 Domine,
1352 939 1380 1002 et
1431 953 1511 1015 quas
1530 954 1596 998 una
1613 932 1687 998 haec
1704 931 1818 998 solutio
1837 935 1994 1015 componit,
2012 935 2093 1015 quod
2110 933 2282 998 hmnanum
2298 939 2343 999 est
2361 936 2409 1000 ad

397 1029 570 1102 concedam
592 1023 646 1088 ubi
668 1024 752 1088 enim
773 1023 948 1088 convertisti
969 1043 1026 1099 me,
1048 1022 1096 1103 epi
1111 1020 1340 1101 poenitentiam.
1431 1019 1537 1082 Deum
1558 1019 1733 1100 transferri
1782 1020 1968 1102 Quanquam
1994 1021 2103 1083 solutio
2130 1018 2243 1103 atidi1)
2270 1041 2291 1084 a
2316 1021 2408 1085 nodis

487 1114 534 1173 17.
580 1107 775 1188 Sedenim,
798 1108 941 1190 inquies,
966 1108 994 1171 si
1016 1108 1063 1171 ita
1085 1112 1148 1185 est,
1176 1128 1293 1189 parum
1316 1107 1379 1172 erit
1432 1105 1567 1170 adducta
1598 1105 1719 1169 abunde
1750 1104 1883 1186 defficit:
1915 1107 2058 1186 quamvis
2085 1105 2248 1186 mrdtipten
2273 1106 2316 1170 sit
2340 1105 2409 1170 Dei

397 1194 474 1260 fidei
494 1195 763 1278 promissionibus
786 1193 999 1277 evangelicis,
1030 1214 1114 1275 quae
1136 1215 1236 1275 quum
1259 1193 1299 1258 de
1321 1214 1379 1259 vo·
1431 1191 1574 1255 rotundas
1601 1191 1703 1270 muoad
1728 1211 1853 1255 sensnm
1873 1198 2026 1269 nostrum,
2053 1212 2115 1255 non
2137 1197 2239 1256 mnan
2260 1212 2331 1255 eum
2351 1191 2409 1256 nae

398 1281 526 1345 luntate
547 1281 613 1344 Dei
635 1288 816 1357 testantur,
846 1301 921 1343 eum
942 1277 1028 1343 velle
1050 1287 1200 1343 assenmt
1221 1278 1306 1361 quod
1328 1280 1379 1343 in·
1432 1282 1460 1340 et
1482 1277 1563 1340 illud
1583 1277 1618 1340 in
1639 1297 1673 1339 se
1694 1277 1782 1355 celte,
1808 1278 1863 1342 sed
1878 1297 1939 1358 pro
1961 1278 2117 1358 sapientia
2137 1297 2197 1340 stra
2217 1279 2305 1342 carie
2326 1277 2408 1341 mul-

354 1399 357 1406 ·
398 1365 544 1432 violabili
578 1366 648 1431 eius
681 1365 810 1431 decreto
844 1363 1045 1431 adversetur.
1108 1364 1247 1429 Minime
1280 1386 1358 1430 vero
1370 1388 1378 1443 ;
1432 1362 1547 1442 tiplici,
1575 1367 1609 1426 ut
1630 1383 1698 1425 eam
1721 1362 1844 1427 Paulus
1870 1367 1955 1426 oocot
1983 1362 2084 1446 (Eph.
2109 1367 2137 1440 3,
2164 1362 2234 1446 10),
2263 1364 2409 1427 attonitos

398 1452 578 1534 quamlibet
595 1452 683 1515 enim
701 1450 902 1515 universales
920 1450 987 1515 sint
1005 1449 1120 1515 salutis
1136 1451 1379 1532 promissiones,
1432 1449 1558 1513 reddere
1579 1468 1689 1512 sennes
1709 1454 1841 1527 nostros,
1865 1449 1960 1512 donec
1980 1468 2153 1531 copnoseerc
2173 1449 2260 1512 reobis
2281 1449 2409 1512 auteur

343 1567 348 1577 ·
399 1537 485 1601 nihil
513 1544 625 1601 tamen
652 1559 671 1600 a
698 1537 910 1618 reproborum
939 1534 1237 1617 praedestinatione
1258 1536 1379 1601 discre-
1432 1533 1619 1597 mirabiliter
1638 1540 1708 1597 eum
1728 1534 1803 1598 cette
1823 1535 1904 1614 quod
1924 1555 2005 1599 nunc
2026 1535 2148 1599 uidetur
2169 1553 2233 1598 esse
2253 1534 2409 1599 uoluntati

399 1630 495 1704 pant,
524 1621 619 1687 modo
648 1623 683 1684 in
713 1642 827 1685 earum
856 1621 993 1701 effectum
1020 1630 1166 1687 mentem
1189 1621 1377 1707 dirigamus.
1432 1621 1501 1683 eius
1528 1620 1701 1684 adoneum.
1748 1618 1880 1685 Cutiliis
1912 1622 2005 1684 ctiam
2038 1619 2161 1697 ludunt,
2193 1640 2290 1700 quum
2316 1618 2408 1683 Dens

399 1708 558 1772 Efficaees
584 1705 676 1771 nobis
706 1716 777 1769 tum
807 1727 878 1771 esse
907 1706 1039 1771 demum
1062 1708 1378 1790 promissionesisci·
1432 1706 1570 1769 ornnium
1587 1706 1629 1769 sit
1642 1711 1744 1786 poten
1767 1706 1923 1770 iniustum
1943 1727 2009 1771 esse
2028 1711 2064 1770 ut
2084 1726 2268 1787 numnquam
2289 1705 2409 1770 addunt

400 1814 487 1871 mus,
516 1793 571 1856 ubi
599 1813 654 1857 eas
681 1791 745 1856 fide
773 1792 949 1875 recipimus
956 1816 964 1872 3
993 1791 1051 1856 ubi
1072 1800 1185 1858 contra
1211 1795 1379 1858 exinanita
1432 1792 1497 1855 nisi
1518 1791 1573 1871 aui
1594 1811 1656 1856 sua
1676 1792 1769 1872 adpo
1784 1812 1920 1872 poenum
1940 1792 2021 1856 dano
2041 1797 2111 1855 ante
2135 1791 2233 1872 fuerit
2251 1793 2408 1872 proniori·

399 1890 450 1943 est
477 1877 572 1955 fides,
606 1877 705 1942 simul
740 1876 860 1942 abolita
891 1884 942 1942 est
969 1879 1150 1960 promissio.
1195 1880 1246 1944 Ee
1274 1881 1302 1944 si
1330 1889 1380 1944 est
1431 1882 1489 1940 tus.
1538 1877 1637 1956 Quasi
1659 1898 1727 1941 cero
1749 1898 1811 1942 non
1832 1897 1929 1959 usque
1950 1879 1993 1942 ad
2010 1897 2121 1959 porcos
2142 1882 2170 1942 et
2189 1898 2282 1942 canes
2296 1881 2408 1959 pateat

399 1971 520 2028 natura
538 1964 709 2045 ipsuum,
744 1964 914 2028 videamus
947 1964 1015 2028 iam
1043 1964 1201 2048 numquid
1229 1966 1316 2029 inter
1344 1987 1379 2030 se
1431 1961 1495 2026 Dei
1522 1962 1706 2027 dideratitos.
1753 1963 1841 2043 Quod
1868 1965 1898 2026 si
1925 1964 1963 2029 de
1991 1963 2128 2028 ttumano
2155 1984 2264 2046 penore
2290 1963 2406 2044 apitur,

399 2049 480 2114 haee
503 2048 690 2127 dissideant,
713 2048 800 2130 quod
824 2048 942 2113 dicitur
965 2048 1005 2114 ab
1027 2058 1159 2116 aeterno
1176 2049 1269 2115 Deus
1291 2052 1379 2116 ordi·
1431 2049 1635 2129 respondeant
1656 2070 1714 2139 cur
1732 2048 1822 2112 Deus
1843 2069 1908 2114 sese
1935 2050 2107 2113 ammae
2133 2051 2191 2112 uni
2212 2050 2343 2131 populo,
2371 2053 2408 2112 nt

398 2155 494 2199 nasse
516 2156 596 2216 quos
619 2154 722 2199 amore
744 2135 932 2216 complecti,
961 2136 996 2199 in
1019 2156 1098 2217 quos
1121 2138 1204 2200 iram
1227 2157 1378 2202 exercere
1432 2135 1500 2198 cius
1526 2140 1603 2198 esset
1624 2141 1734 2216 potem
1765 2155 1822 2198 cur
1848 2135 1942 2199 etiam
1970 2136 2118 2218 cuiquam
2145 2136 2218 2200 inde
2242 2155 2406 2199 numerum

399 2220 493 2298 velit;
516 2226 550 2283 et
569 2219 654 2301 quod
677 2220 818 2285 salutem
840 2221 991 2286 omnibus
1014 2220 1299 2287 indiscriminatim
1322 2222 1378 2287 dc·
1431 2220 1524 2300 ouon
1547 2221 1655 2298 florem
1680 2222 1871 2302 decerpserit.
1918 2220 1979 2285 Sed
2006 2220 2221 2285 convitiatores
2246 2221 2318 2286 istos
2345 2221 2407 2283 im·

399 2307 537 2369 nuntiat.
572 2304 735 2388 Equidem
758 2304 830 2371 dieo
853 2307 974 2388 optimc
997 2309 1181 2373 convenire.
1216 2306 1272 2372 Sic
1291 2310 1379 2373 enim
1428 2306 1514 2386 pedit
1535 2326 1595 2369 sua
1616 2307 1819 2371 maledicendi
1841 2305 1945 2385 iibido,
1966 2327 2004 2370 ne
2025 2307 2218 2371 considerent
2233 2305 2337 2371 Deum
2358 2306 2406 2370 ita

399 2389 620 2473 promittendo
643 2391 728 2473 nihil
750 2391 839 2455 aliud
860 2392 941 2468 vult,
965 2414 1063 2474 quum
1081 2394 1233 2458 omnibus
1251 2396 1378 2476 exposi·
1431 2391 1524 2455 solem
1545 2411 1639 2455 snum
1655 2393 1825 2474 producere
1846 2412 1942 2471 super
1969 2393 2060 2456 bonos
2088 2397 2116 2455 et
2141 2393 2242 2456 matis
2269 2391 2405 2476 (Matth.

399 2484 470 2540 tam
493 2498 563 2541 csse
587 2497 681 2540 suam
702 2475 973 2556 misericordiam,
1002 2477 1175 2560 quimodo
1197 2501 1269 2543 eam
1292 2501 1399 2560 cape.
1433 2482 1462 2555 5,
1486 2477 1557 2561 45),
1579 2482 1615 2540 ut
1633 2479 1744 2557 panas
1765 2478 1902 2559 reposita
1923 2478 1965 2543 sit
1985 2477 2175 2555 haereditas,
2198 2478 2311 2557 quidus
2332 2478 2406 2541 otim

400 2566 468 2625 tunt
491 2567 580 2642 atque
601 2562 781 2642 implorant,
805 2563 886 2642 quod
907 2584 968 2627 non
990 2565 1051 2628 alii
1070 2565 1192 2646 focium
1213 2567 1276 2629 nisi
1298 2585 1378 2647 quos
1431 2564 1567 2627 anam.-
1593 2564 1691 2627 oenite
1711 2563 1859 2627 benedicti
1876 2564 1984 2644 patris
2003 2564 2079 2641 mei,
2101 2564 2256 2644 possidete
2277 2583 2406 2646 rapacem

400 2646 608 2711 illuminavit.
646 2646 750 2711 Porro
771 2647 939 2712 illuminat
960 2670 1041 2731 quos
1060 2649 1315 2731 praedestinavit
1337 2650 1379 2714 ad
1430 2652 1481 2712 etc.
1516 2648 1652 2732 (Matth.
1675 2652 1725 2726 25,
1750 2648 1816 2733 34).
1864 2648 2021 2713 obiiciunt
2047 2650 2154 2729 diam,
2188 2648 2294 2713 Deum
2325 2648 2406 2713 nidd

402 2731 549 2796 salutem.
593 2731 673 2808 His,
695 2733 856 2817 inquam,
872 2741 1000 2799 constat
1021 2745 1110 2800 certa
1132 2744 1166 2800 et
1186 2737 1379 2801 inconcussa
1431 2734 1657 2798 odisseeorum
1678 2734 1858 2816 pudefecit.
1899 2735 1986 2815 Quoad
2007 2739 2042 2798 ut
2061 2735 2130 2800 illis
2150 2736 2321 2814 concedam
2344 2735 2405 2799 sal·

400 2817 653 2898 promissionum
680 2819 817 2896 veritas,
848 2826 886 2881 ut
915 2818 978 2884 dici
999 2830 1141 2904 nequeat
1163 2822 1285 2903 aliquid
1307 2843 1378 2886 esse
1430 2839 1504 2882 oum
1537 2825 1640 2884 tamen
1671 2826 1774 2884 nranet
1805 2820 1885 2900 quod
1917 2821 2003 2885 doceo
2034 2820 2176 2902 reprobos
2203 2819 2271 2885 Deo
2299 2839 2405 2885 exosos

313 2960 315 2964 ,
402 2901 612 2968 dissensionis
634 2903 721 2967 inter
742 2911 910 2968 aeternam
927 2904 993 2970 Dei
1012 2906 1213 2984 electionem,
1237 2915 1271 2971 et
1292 2907 1378 2989 quod
1430 2925 1503 2981 esse,
1526 2909 1554 2968 et
1575 2906 1700 2986 quiden
1720 2907 1832 2987 optirno
1854 2907 1932 2984 iure,
1954 2907 2031 2988 quia
2048 2908 2116 2970 eius
2132 2906 2249 2988 spiritu
2267 2905 2406 2970 destituti

400 2987 550 3052 fidelibus
580 2988 677 3052 offert
704 2990 829 3072 gratiae
851 3010 929 3054 suae
952 2993 1184 3056 testimonium.
1230 2991 1298 3058 Sed
1319 3015 1378 3059 eur
1430 2989 1512 3054 nihil
1545 2992 1688 3073 proferre
1726 2996 1841 3073 aueum
1872 3012 1968 3073 quam
2006 2991 2233 3056 maledictionis
2267 3010 2405 3055 cansam.

400 3094 512 3137 omnes
539 3072 707 3139 nominat?
752 3074 880 3157 Nempe
913 3097 976 3158 quo
1008 3078 1112 3142 tutius
1143 3079 1274 3160 piorum
1300 3100 1376 3144 oon·
1430 3076 1572 3155 Addunt,
1590 3098 1652 3142 non
1669 3100 1736 3145 esee
1755 3079 1924 3143 dnannen
1942 3077 2057 3142 Iudaei
2078 3082 2106 3141 et
2124 3077 2256 3159 pandis,
2279 3077 2406 3156 imoque

399 3158 555 3222 scientiae
584 3160 806 3240 acquiescant,
836 3159 916 3225 dum
944 3162 1136 3247 intelligunt
1158 3164 1283 3228 nullam
1305 3186 1376 3231 esse
1429 3162 1707 3229 indiscriminatim
1729 3163 1870 3230 omnibus
1884 3164 2023 3244 proponi
2040 3162 2104 3226 Dei
2122 3165 2275 3246 qratiam:
2296 3182 2406 3242 nennte

397 3253 608 3326 peccatorum
642 3243 876 3324 differentiam,
912 3246 1009 3311 modo
1043 3249 1128 3314 adsit
1156 3248 1251 3329 fides3
1284 3251 1376 3333 impii
1429 3249 1518 3313 modo
1545 3249 1723 3329 admittant,
1753 3250 1845 3314 suncti
1865 3250 1973 3330 dainit
1997 3247 2122 3313 Paulus
2149 3247 2258 3332 (Rom.
2282 3253 2312 3326 9,
2336 3245 2403 3331 24),

398 3338 507 3392 autem
531 3350 596 3394 non
619 3338 795 3395 causentur
816 3333 877 3398 sibi
900 3331 1013 3398 deesse
1040 3334 1184 3419 asylum,
1213 3358 1276 3418 quo
1299 3357 1334 3401 se
1356 3359 1376 3400 a
1428 3338 1493 3397 tom
1513 3355 1551 3399 ea
1573 3334 1707 3402 Indaeis
1726 3357 1821 3417 auam
1842 3355 1881 3399 en
1899 3333 2042 3420 pertidus
2063 3333 2168 3399 Deum
2191 3355 2254 3415 pro
2281 3353 2338 3398 saro
2359 3333 2405 3398 be

396 3416 521 3497 peccati
540 3416 699 3480 servitute
720 3417 887 3499 recipiant,
912 3418 991 3484 dum
1012 3419 1158 3485 oblatum
1180 3422 1242 3486 sibi
1263 3424 1375 3506 ingra-
1429 3421 1583 3501 amlacito
1609 3442 1732 3501 vocare,
1764 3423 1810 3486 ita
1842 3424 1878 3484 ut
1908 3422 2026 3485 nemini
2054 3422 2097 3484 sit
2123 3420 2292 3485 obstridns.
2337 3418 2405 3484 Hoc

395 3499 539 3564 titudine
562 3520 622 3564 sua
637 3510 805 3584 respuunt.
839 3504 930 3588 Ergo
947 3526 1049 3587 quum
1065 3507 1212 3590 utrisque
1228 3508 1294 3572 Dei
1313 3509 1375 3572 mi·
1429 3507 1523 3570 etiam
1549 3508 1639 3572 niodo
1663 3509 1745 3589 quod
1772 3528 1810 3571 en
1835 3506 1899 3571 ctio
1919 3507 1981 3571 ioco
2011 3506 2121 3589 (Rom.
2148 3510 2196 3584 11,
2223 3504 2279 3590 32)
2309 3505 2405 3570 obten

395 3584 573 3650 sericordia
594 3606 655 3668 per
677 3587 886 3672 evangelium
908 3590 1080 3671 efferatam,
1109 3591 1191 3657 fides
1219 3602 1285 3671 est,
1314 3595 1376 3658 hoc
1429 3590 1507 3655 dunt
1527 3592 1677 3672 diluitur,
1706 3592 1812 3658 Deum
1833 3593 1982 3658 dausism
2003 3593 2110 3656 orinia
2130 3590 2188 3656 sut
2203 3597 2344 3672 peccato,
2370 3595 2405 3655 ut

396 3679 446 3735 est
467 3671 533 3735 Dei
560 3670 773 3752 illuminatio,
800 3695 883 3757 quae
910 3675 996 3741 inter
1023 3679 1094 3761 pios
1116 3690 1148 3743 et
1170 3680 1286 3762 impios
1309 3679 1375 3744 dis-
1428 3679 1568 3742 annium
1594 3680 1795 3744 misereatur:
1826 3699 1933 3760 nempe
1959 3679 2035 3759 auia
2063 3678 2203 3741 annium
2234 3678 2292 3758 qui
2323 3676 2405 3742 satri

395 3756 532 3838 tinguit:
546 3764 594 3853 'ut
615 3758 776 3842 evangelii
799 3760 977 3827 efficaciam
1000 3762 1050 3827 illi
1069 3766 1221 3847 sentiant,
1243 3765 1279 3829 hi
1296 3786 1375 3831 vero
1426 3762 1508 3842 fiunt
1528 3765 1660 3829 satutem
1680 3764 1912 3829 misericordiae
1933 3785 2010 3828 cuae
2031 3763 2097 3827 outt
2117 3763 2273 3841 adscridi;
2295 3782 2405 3844 quam

395 3839 525 3938 nullum
543 3840 619 3905 mdc
637 3843 780 3916 fructum
798 3855 1045 3930 consequantur.
1074 3850 1277 3915 Illuminatio
1295 3872 1374 3933 quo-
1427 3849 1477 3911 ois
1497 3869 1559 3914 non
1580 3850 1722 3918 munibus
1743 3851 1785 3914 sit
1806 3870 1963 3914 commum
1989 3849 2043 3913 hoc
2071 3848 2257 3929 beneficimn.
2304 3847 2404 3915 Porro

396 3947 458 4008 que
477 3947 550 4008 ipsa
566 3926 757 3993 electionem
775 3930 840 3994 Dei
857 3941 1025 3998 aeternam
1047 3956 1106 4017 pro
1128 3935 1243 4019 regida
1264 3938 1373 4002 habet.
1427 3934 1480 3997 rodi
1501 3936 1600 4000 multa
1620 3937 1701 4002 ultro
1723 3937 1858 4017 citroque
1880 3936 2014 4001 adducta
2034 3935 2166 4016 fuerint,
2193 3936 2235 3998 sit
2256 3933 2331 3999 haec
2351 3954 2404 3998 no

399 4012 600 4093 Qunmionia
625 4012 743 4079 camut
764 4037 859 4096 quam
887 4018 998 4083 citant:
1028 4020 1216 4100 Imnsotem,
1245 4022 1375 4088 Ierusa
1427 4017 1475 4083 bis
1496 4021 1649 4101 emacula,
1671 4023 1714 4086 od
1735 4027 1854 4086 tantam
1869 4021 2118 4103 profunditatem
2139 4040 2209 4084 cnm
2228 4018 2331 4086 Panto
2350 4041 2403 4084 ex-

395 4096 468 4176 tem,
495 4101 610 4178 acuties
635 4100 719 4165 volui
746 4121 928 4185 concrepare
950 4105 1059 4184 pullos
1080 4112 1164 4183 tuos,
1190 4112 1217 4171 et
1244 4109 1374 4186 notuisti
1420 4126 1602 4186 moesone:
1629 4109 1712 4189 quod
1732 4110 1763 4174 si
1784 4109 1958 4190 obstrepant
1972 4108 2150 4189 petutames
2172 4107 2311 4189 linquae,
2338 4125 2402 4169 non

396 4180 530 4265 (Matth.
544 4187 594 4262 23,
608 4185 690 4269 37)?
712 4185 793 4250 reiicit
809 4186 876 4252 dtis
896 4192 1099 4275 suffragratur.
1143 4192 1259 4259 Fateor
1285 4194 1374 4259 anm
1419 4192 1632 4270 momentu
1653 4194 1711 4260 dae
1733 4196 1802 4259 mus
1829 4194 2067 4260 exclamatione:
2094 4212 2111 4255 o
2140 4192 2244 4262 tana,
2267 4197 2302 4256 tn
2327 4191 2402 4272 quis

395 4271 478 4332 stum
499 4288 560 4332 non
581 4275 703 4335 tantum
724 4272 759 4335 in
770 4292 909 4354 persona
925 4275 1061 4341 dominns
1078 4279 1171 4360 loqui,
1193 4281 1248 4345 sed
1265 4300 1373 4362 capro
1425 4297 1458 4341 es
1484 4280 1539 4358 qui
1566 4279 1672 4363 titipas
1699 4300 1770 4345 oum
1795 4280 1864 4346 Deo
1896 4279 2006 4364 (Rom.
2031 4283 2059 4356 9,
2084 4278 2164 4362 20).2
2215 4277 2290 4342 Vere
2315 4276 2401 4340 mirn

395 4353 486 4451 beare
506 4357 588 4434 quod
613 4357 747 4454 sanantis
768 4358 911 4424 omnibus
931 4363 1166 4442 repudiaverunt
1186 4384 1279 4430 amm
1297 4386 1372 4448 pra·
1424 4362 1625 4446 Aupustinue
1637 4365 1666 4450 2)
1694 4386 1841 4447 perverse
1867 4366 1972 4447 facere
1997 4363 2148 4429 contendit
2179 4365 2235 4446 qui
2261 4362 2401 4429 institiae

394 4444 480 4503 tiam.
515 4439 578 4505 Sed
595 4441 770 4522 definienda
787 4448 832 4506 est
848 4444 906 4508 mo
923 4445 988 4512 Dei
1003 4448 1148 4514 notandos
1164 4450 1202 4516 de
1217 4472 1281 4531 aaa
1303 4452 1372 4534 api·
1425 4448 1580 4516 humanae
1600 4453 1689 4518 modo
1710 4452 1853 4517 dirimam
1871 4450 2049 4516 metiuntur.

394 4530 455 4589 tur.
490 4524 598 4607 Neque
614 4528 695 4592 enim
712 4527 874 4593 decenum
892 4537 936 4596 est
956 4553 1051 4613 quam
1073 4535 1179 4600 sedato
1202 4536 1374 4602 imminerit

394 4608 485 4675 Dens
507 4611 549 4675 ad
569 4613 762 4677 retinendum
783 4614 874 4679 eduin
888 4618 1056 4699 poputum
1084 4626 1112 4684 et
1133 4626 1250 4702 quanta
1264 4625 1372 4703 peroi-

393 4697 490 4793 cacia
509 4717 530 4760 a
551 4699 671 4796 primis
697 4700 742 4763 ad
768 4699 894 4766 ultimos
925 4704 1016 4786 napis
1046 4706 1116 4768 suis
1148 4707 1372 4789 cupiditatibus
1748 4739 1900 4807 CAPUT
1920 4740 2025 4806 XXV
2043 4738 2072 4824 a)

394 4782 491 4845 deam
512 4783 714 4849 collectumcem
741 4787 935 4868 respuerint5
963 4789 1017 4853 sed
1045 4791 1118 4855 inde
1145 4813 1206 4857 non
1232 4794 1372 4874 sequitur
1599 4802 1603 4817 '
2026 4789 2033 4804 ’

394 4866 522 4961 irritum
542 4866 642 4966 fnisse
663 4871 828 4936 corasilinm
849 4870 913 4937 Dei
939 4872 1100 4939 luminum
1127 4878 1259 4943 matitia.
1304 4879 1370 4943 Ea·
1613 4882 1680 4963 De
1711 4883 2019 4965 resurrectione
2050 4882 2212 4965 ultima,

395 4955 528 5028 apruni,
557 4953 639 5017 nidd
665 4957 772 5021 minus
799 4978 863 5023 esse
890 4965 1124 5026 consentaneum
1145 4963 1210 5027 Dei
1230 4970 1369 5043 naturae,
1819 4987 1826 4994 ’
2086 4976 2098 4988 “

394 5052 490 5113 quam
516 5039 550 5096 ut
575 5039 617 5100 sit
644 5041 759 5121 dupleoc
786 5043 821 5106 in·
848 5062 882 5107 eo
911 5045 1062 5111 voluntas.
1110 5048 1198 5130 Quod
1225 5070 1277 5133 epo
1302 5050 1369 5115 iltis
1511 5051 1536 5110 l·
1577 5045 1651 5111 ΕΜ
1675 5046 1828 5128 anunm,
1851 5050 1898 5114 ³⁰2
1919 5049 2067 5128 iustiliae,
2089 5055 2183 5114 morte
2203 5050 2322 5116 devm
2338 5070 2399 5132 W

393 5120 533 5217 conada
565 5123 654 5186 niodo
685 5125 787 5223 deutri
815 5129 879 5192 sint
905 5131 1091 5212 interpretes.
1138 5133 1200 5199 Sed
1225 5155 1369 5201 caenon
1420 5131 1613 5216 momeliam
1646 5133 1796 5214 illucens,
1832 5135 1929 5201 mmm
1961 5135 2048 5200 notis
2080 5132 2292 5214 illuminavit,
2324 5139 2398 5198 teste

393 5205 588 5270 comederant
609 5213 651 5273 tot
671 5213 854 5291 nstrmonia,
875 5216 930 5280 ubi
947 5217 1046 5296 Deus,
1068 5219 1221 5286 timnanos
1242 5222 1371 5303 affectus

393 5291 545 5370 induens,
586 5294 672 5375 infra
706 5315 798 5360 snam
828 5301 1021 5381 mansuum
1055 5304 1238 5372 descendit?
1280 5307 1370 5373 Dicit

394 5376 470 5459 (105,
496 5382 551 5457 65,
576 5378 611 5462 2)
644 5400 677 5445 30
701 5385 860 5463 protem,
885 5386 1023 5454 pram
1050 5390 1194 5458 rebellem
1214 5393 1368 5476 poppam„
1489 5390 1519 5456 1)
1536 5392 1611 5445 libr.
1629 5392 1654 5446 1.
1672 5409 1694 5451 a
1713 5390 1755 5446 18.
1774 5400 1838 5446 scon
1857 5392 1881 5446 3.
1901 5398 1929 5446 et
1946 5393 2007 5445 libr.
2024 5390 2049 5444 3.
2068 5408 2090 5444 o.
2107 5389 2150 5444 20.
2168 5396 2233 5444 seon
2250 5387 2292 5442 43.
2362 5388 2394 5457 2)

393 5480 524 5542 comeso,
546 5485 638 5530 mane
655 5470 683 5530 et
698 5487 765 5531 sero
786 5469 907 5536 dedisse
928 5493 1054 5555 operam
1071 5482 1107 5541 ut
1128 5498 1197 5542 eum
1214 5480 1369 5544 adsere
1419 5460 1465 5542 ¹³⁰.
1477 5460 1613 5541 pneuma
1631 5467 1660 5515 ct
1676 5466 1746 5530 gran.
1765 5477 1787 5515 ⁰·
1806 5460 1830 5542 ²:
1906 5533 1912 5542 .
1931 5458 1962 5527 ⁸)
1981 5460 2085 5543 Lim
2101 5460 2135 5514 ὼ
2150 5459 2345 5513 mmm
2362 5460 2394 5512 ’ἢ

392 5547 520 5646 dmeret.
549 5549 637 5617 Haec
658 5552 763 5616 onmia
783 5554 814 5618 si
834 5553 902 5619 Deo
923 5563 1035 5639 optare
1055 5563 1155 5629 notem
1175 5584 1212 5630 ac
1230 5564 1368 5649 daurom
1413 5528 1537 5664 ’Ἥ
1546 5525 2277 5668 ἕωᾞῖῗμῖοῗᾝοὲϋπᾝᾞὲ
2295 5525 2394 5650 (dnm

393 5631 558 5715 neptrpere,
591 5637 704 5702 nndtae
732 5657 940 5760 supemaarae
972 5649 1174 5714 contentiones
1202 5655 1368 5736 annuant:
1418 5665 1477 5731 fere
1492 5681 1572 5720 nara
