<?xml version="1.0" encoding="UTF-8"?>
<!DOCTYPE html PUBLIC "-//W3C//DTD XHTML 1.0 Transitional//EN"
    "http://www.w3.org/TR/xhtml1/DTD/xhtml1-transitional.dtd">
<html xmlns="http://www.w3.org/1999/xhtml" xml:lang="en" lang="en">
 <head>
  <title>
</title>
<meta http-equiv="Content-Type" content="text/html;charset=utf-8" />
  <meta name='ocr-system' content='tesseract 3.04.00' />
  <meta name='ocr-capabilities' content='ocr_page ocr_carea ocr_par ocr_line ocrx_word'/>
</head>
<body>
  <div class='ocr_page' id='page_1' title='image "./ioanniscalvinio10calvgoog_0017.png"; bbox 0 0 5600 6809; ppageno 0'>
   <div class='ocr_carea' id='block_1_1' title="bbox 440 1921 2376 2268">
    <p class='ocr_par' dir='ltr' id='par_1_1' title="bbox 440 1921 2376 2268">
     <span class='ocr_line' id='line_1_1' title="bbox 440 1921 2376 2071; baseline 0.002 -29"><span class='ocrx_word' id='word_1_1' title='bbox 440 1975 785 2045; x_wconf 77' lang='lat' dir='ltr'><strong>Pomnnssmo</strong></span> <span class='ocrx_word' id='word_1_2' title='bbox 807 1978 1268 2061; x_wconf 52' lang='lat' dir='ltr'><strong>ninusreissmoqun</strong></span> <span class='ocrx_word' id='word_1_3' title='bbox 1292 1978 1596 2055; x_wconf 73' lang='lat' dir='ltr'><strong>nouandum,</strong></span> <span class='ocrx_word' id='word_1_4' title='bbox 1619 1975 1892 2054; x_wconf 78' lang='lat' dir='ltr'><strong>samaraeo</strong></span> <span class='ocrx_word' id='word_1_5' title='bbox 1915 1921 2376 2071; x_wconf 63' lang='lat' dir='ltr'><strong>numoonu&#39;iiiuibt:</strong></span> 
     </span>
     <span class='ocr_line' id='line_1_2' title="bbox 503 2077 2337 2171; baseline 0.001 -19"><span class='ocrx_word' id='word_1_6' title='bbox 503 2086 928 2171; x_wconf 77' lang='lat' dir='ltr'><strong>cnmsnnnrssmo,</strong></span> <span class='ocrx_word' id='word_1_7' title='bbox 950 2092 1159 2157; x_wconf 82' lang='lat' dir='ltr'><strong>anoim</strong></span> <span class='ocrx_word' id='word_1_8' title='bbox 1181 2090 1281 2170; x_wconf 86' lang='lat' dir='ltr'><strong>sno,</strong></span> <span class='ocrx_word' id='word_1_9' title='bbox 1304 2088 1510 2155; x_wconf 74' lang='lat' dir='ltr'><strong>ioannes</strong></span> <span class='ocrx_word' id='word_1_10' title='bbox 1531 2086 1765 2154; x_wconf 78' lang='lat' dir='ltr'><strong>onnvnvus</strong></span> <span class='ocrx_word' id='word_1_11' title='bbox 1788 2088 1947 2152; x_wconf 77' lang='lat' dir='ltr'><strong>Plonn</strong></span> <span class='ocrx_word' id='word_1_12' title='bbox 1970 2088 2029 2153; x_wconf 74' lang='lat' dir='ltr'><strong>lo</strong></span> <span class='ocrx_word' id='word_1_13' title='bbox 2052 2086 2274 2154; x_wconf 71' lang='lat' dir='ltr'><strong>sisaran</strong></span> <span class='ocrx_word' id='word_1_14' title='bbox 2322 2077 2337 2122; x_wconf 84' lang='grc'><strong>··</strong></span> 
     </span>
     <span class='ocr_line' id='line_1_3' title="bbox 1114 2200 1670 2268; baseline -0.007 0"><span class='ocrx_word' id='word_1_15' title='bbox 1114 2203 1165 2267; x_wconf 86' lang='lat' dir='ltr'><strong>nv</strong></span> <span class='ocrx_word' id='word_1_16' title='bbox 1187 2201 1390 2268; x_wconf 79' lang='lat' dir='ltr'><strong>enniano</strong></span> <span class='ocrx_word' id='word_1_17' title='bbox 1413 2200 1670 2267; x_wconf 71' lang='lat' dir='ltr'><strong>Peucinos.</strong></span> 
     </span>
    </p>
   </div>
   <div class='ocr_carea' id='block_1_2' title="bbox 384 2386 2397 5698">
    <p class='ocr_par' dir='ltr' id='par_1_2' title="bbox 384 2386 2397 5698">
     <span class='ocr_line' id='line_1_4' title="bbox 476 2386 2391 2473; baseline 0.001 -22"><span class='ocrx_word' id='word_1_18' title='bbox 476 2386 590 2467; x_wconf 77' lang='lat' dir='ltr'><strong>Quum</strong></span> <span class='ocrx_word' id='word_1_19' title='bbox 610 2388 688 2454; x_wconf 91' lang='lat' dir='ltr'><strong>huic</strong></span> <span class='ocrx_word' id='word_1_20' title='bbox 710 2391 797 2472; x_wconf 93' lang='lat' dir='ltr'><strong>operi</strong></span> <span class='ocrx_word' id='word_1_21' title='bbox 823 2412 960 2455; x_wconf 91' lang='lat' dir='ltr'><strong>manum</strong></span> <span class='ocrx_word' id='word_1_22' title='bbox 982 2392 1124 2473; x_wconf 91' lang='lat' dir='ltr'><strong>primum</strong></span> <span class='ocrx_word' id='word_1_23' title='bbox 1147 2390 1364 2469; x_wconf 83' lang='lat' dir='ltr'><strong>admoverem,</strong></span> <span class='ocrx_word' id='word_1_24' title='bbox 1418 2389 1554 2454; x_wconf 90' lang='lat' dir='ltr'><strong>reddere</strong></span> <span class='ocrx_word' id='word_1_25' title='bbox 1572 2410 1681 2466; x_wconf 89' lang='lat' dir='ltr'><strong>conor,</strong></span> <span class='ocrx_word' id='word_1_26' title='bbox 1705 2389 1852 2452; x_wconf 91' lang='lat' dir='ltr'><strong>omnium</strong></span> <span class='ocrx_word' id='word_1_27' title='bbox 1871 2388 2025 2452; x_wconf 87' lang='lat' dir='ltr'>ordinum</span> <span class='ocrx_word' id='word_1_28' title='bbox 2045 2388 2175 2453; x_wconf 86' lang='lat' dir='ltr'><strong>calculis</strong></span> <span class='ocrx_word' id='word_1_29' title='bbox 2194 2388 2391 2469; x_wconf 79' lang='lat' dir='ltr'><strong>damnatam,</strong></span> 
     </span>
     <span class='ocr_line' id='line_1_5' title="bbox 389 2498 2393 2584; baseline 0.003 -23"><span class='ocrx_word' id='word_1_30' title='bbox 389 2498 475 2561; x_wconf 90' lang='lat' dir='ltr'>nihil</span> <span class='ocrx_word' id='word_1_31' title='bbox 485 2500 595 2564; x_wconf 90' lang='lat' dir='ltr'><strong>minus</strong></span> <span class='ocrx_word' id='word_1_32' title='bbox 609 2502 800 2584; x_wconf 80' lang='lat' dir='ltr'><strong>cogitabam,</strong></span> <span class='ocrx_word' id='word_1_33' title='bbox 818 2502 893 2566; x_wconf 88' lang='lat' dir='ltr'><strong>Rex</strong></span> <span class='ocrx_word' id='word_1_34' title='bbox 910 2502 1097 2582; x_wconf 88' lang='lat' dir='ltr'><strong>clarissime,</strong></span> <span class='ocrx_word' id='word_1_35' title='bbox 1117 2501 1366 2584; x_wconf 89' lang='lat' dir='ltr'><strong>quamscribere</strong></span> <span class='ocrx_word' id='word_1_36' title='bbox 1419 2501 1532 2565; x_wconf 93' lang='lat' dir='ltr'><strong>multis</strong></span> <span class='ocrx_word' id='word_1_37' title='bbox 1555 2501 1618 2564; x_wconf 89' lang='lat' dir='ltr'><strong>fori</strong></span> <span class='ocrx_word' id='word_1_38' title='bbox 1640 2500 1848 2582; x_wconf 89' lang='lat' dir='ltr'><strong>praeiudiciis</strong></span> <span class='ocrx_word' id='word_1_39' title='bbox 1869 2500 2051 2564; x_wconf 77' lang='lat' dir='ltr'><strong>confossam</strong></span> <span class='ocrx_word' id='word_1_40' title='bbox 2079 2499 2269 2564; x_wconf 90' lang='lat' dir='ltr'><strong>iamdudum</strong></span> <span class='ocrx_word' id='word_1_41' title='bbox 2290 2501 2393 2567; x_wconf 86' lang='lat' dir='ltr'><strong>fuisse</strong></span> 
     </span>
     <span class='ocr_line' id='line_1_6' title="bbox 390 2605 2393 2695; baseline 0.002 -22"><span class='ocrx_word' id='word_1_42' title='bbox 390 2630 475 2690; x_wconf 91' lang='lat' dir='ltr'><strong>quae</strong></span> <span class='ocrx_word' id='word_1_43' title='bbox 491 2611 655 2676; x_wconf 88' lang='lat' dir='ltr'><strong>maiestati</strong></span> <span class='ocrx_word' id='word_1_44' title='bbox 675 2620 751 2676; x_wconf 88' lang='lat' dir='ltr'><strong>tuae</strong></span> <span class='ocrx_word' id='word_1_45' title='bbox 769 2624 882 2695; x_wconf 90' lang='lat' dir='ltr'><strong>postca</strong></span> <span class='ocrx_word' id='word_1_46' title='bbox 899 2613 1104 2678; x_wconf 82' lang='lat' dir='ltr'><strong>offerrentur.</strong></span> <span class='ocrx_word' id='word_1_47' title='bbox 1135 2615 1280 2678; x_wconf 73' lang='lat' dir='ltr'><strong>&#39;lantum</strong></span> <span class='ocrx_word' id='word_1_48' title='bbox 1295 2620 1366 2678; x_wconf 89' lang='lat' dir='ltr'><strong>erat</strong></span> <span class='ocrx_word' id='word_1_49' title='bbox 1419 2623 1587 2691; x_wconf 87' lang='lat' dir='ltr'><strong>causetur,</strong></span> <span class='ocrx_word' id='word_1_50' title='bbox 1616 2612 1700 2676; x_wconf 91' lang='lat' dir='ltr'>nihil</span> <span class='ocrx_word' id='word_1_51' title='bbox 1728 2610 1817 2676; x_wconf 87' lang='lat' dir='ltr'><strong>aliud</strong></span> <span class='ocrx_word' id='word_1_52' title='bbox 1842 2610 1975 2688; x_wconf 82' lang='lat' dir='ltr'><strong>dixerit,</strong></span> <span class='ocrx_word' id='word_1_53' title='bbox 2001 2605 2102 2692; x_wconf 89' lang='lat' dir='ltr'><strong>quam</strong></span> <span class='ocrx_word' id='word_1_54' title='bbox 2127 2613 2248 2692; x_wconf 89' lang='lat' dir='ltr'><strong>partim</strong></span> <span class='ocrx_word' id='word_1_55' title='bbox 2276 2613 2393 2678; x_wconf 89' lang='lat' dir='ltr'><strong>adver-</strong></span> 
     </span>
     <span class='ocr_line' id='line_1_7' title="bbox 390 2721 2392 2806; baseline 0.003 -23"><span class='ocrx_word' id='word_1_56' title='bbox 390 2722 519 2785; x_wconf 87' lang='lat' dir='ltr'><strong>animus</strong></span> <span class='ocrx_word' id='word_1_57' title='bbox 541 2721 729 2788; x_wconf 90' lang='lat' dir='ltr'><strong>rudimenta</strong></span> <span class='ocrx_word' id='word_1_58' title='bbox 750 2725 911 2806; x_wconf 82' lang='lat' dir='ltr'><strong>quaedam</strong></span> <span class='ocrx_word' id='word_1_59' title='bbox 935 2725 1078 2804; x_wconf 82' lang='lat' dir='ltr'><strong>tradere,</strong></span> <span class='ocrx_word' id='word_1_60' title='bbox 1108 2724 1224 2806; x_wconf 89' lang='lat' dir='ltr'><strong>quibus</strong></span> <span class='ocrx_word' id='word_1_61' title='bbox 1245 2725 1366 2788; x_wconf 82' lang='lat' dir='ltr'><strong>forma-</strong></span> <span class='ocrx_word' id='word_1_62' title='bbox 1419 2724 1579 2788; x_wconf 90' lang='lat' dir='ltr'><strong>sariorum</strong></span> <span class='ocrx_word' id='word_1_63' title='bbox 1612 2724 1754 2788; x_wconf 86' lang='lat' dir='ltr'><strong>factione</strong></span> <span class='ocrx_word' id='word_1_64' title='bbox 1787 2734 1821 2787; x_wconf 88' lang='lat' dir='ltr'><strong>et</strong></span> <span class='ocrx_word' id='word_1_65' title='bbox 1852 2723 2000 2804; x_wconf 85' lang='lat' dir='ltr'><strong>potentia</strong></span> <span class='ocrx_word' id='word_1_66' title='bbox 2032 2723 2192 2786; x_wconf 89' lang='lat' dir='ltr'><strong>violenter</strong></span> <span class='ocrx_word' id='word_1_67' title='bbox 2225 2724 2392 2804; x_wconf 84' lang='lat' dir='ltr'><strong>deiectam,</strong></span> 
     </span>
     <span class='ocr_line' id='line_1_8' title="bbox 390 2832 2395 2920; baseline 0.004 -27"><span class='ocrx_word' id='word_1_68' title='bbox 390 2838 506 2895; x_wconf 91' lang='lat' dir='ltr'><strong>rentur</strong></span> <span class='ocrx_word' id='word_1_69' title='bbox 527 2832 569 2896; x_wconf 92' lang='lat' dir='ltr'><strong>ad</strong></span> <span class='ocrx_word' id='word_1_70' title='bbox 591 2854 703 2898; x_wconf 92' lang='lat' dir='ltr'><strong>veram</strong></span> <span class='ocrx_word' id='word_1_71' title='bbox 724 2837 879 2917; x_wconf 88' lang='lat' dir='ltr'><strong>pietatem</strong></span> <span class='ocrx_word' id='word_1_72' title='bbox 900 2837 957 2918; x_wconf 91' lang='lat' dir='ltr'><strong>qui</strong></span> <span class='ocrx_word' id='word_1_73' title='bbox 979 2837 1087 2918; x_wconf 89' lang='lat' dir='ltr'><strong>aliquo</strong></span> <span class='ocrx_word' id='word_1_74' title='bbox 1107 2837 1273 2920; x_wconf 89' lang='lat' dir='ltr'><strong>religionis</strong></span> <span class='ocrx_word' id='word_1_75' title='bbox 1296 2842 1366 2899; x_wconf 90' lang='lat' dir='ltr'><strong>stu-</strong></span> <span class='ocrx_word' id='word_1_76' title='bbox 1419 2835 1540 2917; x_wconf 85' lang='lat' dir='ltr'><strong>partim</strong></span> <span class='ocrx_word' id='word_1_77' title='bbox 1558 2834 1746 2911; x_wconf 88' lang='lat' dir='ltr'><strong>mendaciis,</strong></span> <span class='ocrx_word' id='word_1_78' title='bbox 1767 2834 1905 2911; x_wconf 85' lang='lat' dir='ltr'><strong>technis,</strong></span> <span class='ocrx_word' id='word_1_79' title='bbox 1928 2835 2109 2910; x_wconf 85' lang='lat' dir='ltr'><strong>calumniis,</strong></span> <span class='ocrx_word' id='word_1_80' title='bbox 2132 2835 2284 2900; x_wconf 82' lang='lat' dir='ltr'><strong>insidiose</strong></span> <span class='ocrx_word' id='word_1_81' title='bbox 2306 2837 2395 2900; x_wconf 87' lang='lat' dir='ltr'><strong>frau-</strong></span> 
     </span>
     <span class='ocr_line' id='line_1_9' title="bbox 391 2938 2397 3029; baseline 0.002 -22"><span class='ocrx_word' id='word_1_82' title='bbox 391 2941 444 3007; x_wconf 90' lang='lat' dir='ltr'><strong>dio</strong></span> <span class='ocrx_word' id='word_1_83' title='bbox 465 2949 659 3026; x_wconf 78' lang='lat' dir='ltr'><strong>tanguntm.</strong></span> <span class='ocrx_word' id='word_1_84' title='bbox 705 2947 817 3028; x_wconf 86' lang='lat' dir='ltr'><strong>Atque</strong></span> <span class='ocrx_word' id='word_1_85' title='bbox 840 2947 930 3012; x_wconf 91' lang='lat' dir='ltr'><strong>hunc</strong></span> <span class='ocrx_word' id='word_1_86' title='bbox 952 2947 1095 3012; x_wconf 91' lang='lat' dir='ltr'><strong>laborem</strong></span> <span class='ocrx_word' id='word_1_87' title='bbox 1120 2946 1226 3012; x_wconf 82' lang='lat' dir='ltr'><strong>Gallis</strong></span> <span class='ocrx_word' id='word_1_88' title='bbox 1244 2948 1366 3021; x_wconf 84' lang='lat' dir='ltr'><strong>nostris</strong></span> <span class='ocrx_word' id='word_1_89' title='bbox 1420 2946 1635 3029; x_wconf 91' lang='lat' dir='ltr'><strong>dulenterque</strong></span> <span class='ocrx_word' id='word_1_90' title='bbox 1652 2966 1848 3029; x_wconf 88' lang='lat' dir='ltr'><strong>oppressam.</strong></span> <span class='ocrx_word' id='word_1_91' title='bbox 1889 2938 1952 3008; x_wconf 68' lang='lat' dir='ltr'><strong>Vis</strong></span> <span class='ocrx_word' id='word_1_92' title='bbox 1970 2954 2028 3022; x_wconf 90' lang='lat' dir='ltr'><strong>est,</strong></span> <span class='ocrx_word' id='word_1_93' title='bbox 2052 2944 2139 3028; x_wconf 91' lang='lat' dir='ltr'><strong>quod</strong></span> <span class='ocrx_word' id='word_1_94' title='bbox 2157 2947 2281 3013; x_wconf 85' lang='lat' dir='ltr'><strong>indicta</strong></span> <span class='ocrx_word' id='word_1_95' title='bbox 2298 2968 2397 3012; x_wconf 88' lang='lat' dir='ltr'><strong>causa</strong></span> 
     </span>
     <span class='ocr_line' id='line_1_10' title="bbox 390 3055 2396 3141; baseline 0.003 -24"><span class='ocrx_word' id='word_1_96' title='bbox 390 3055 595 3135; x_wconf 84' lang='lat' dir='ltr'><strong>potissimum</strong></span> <span class='ocrx_word' id='word_1_97' title='bbox 617 3055 831 3135; x_wconf 88' lang='lat' dir='ltr'><strong>desudabam,</strong></span> <span class='ocrx_word' id='word_1_98' title='bbox 862 3080 1003 3141; x_wconf 91' lang='lat' dir='ltr'><strong>quorum</strong></span> <span class='ocrx_word' id='word_1_99' title='bbox 1031 3059 1212 3140; x_wconf 85' lang='lat' dir='ltr'><strong>permultos</strong></span> <span class='ocrx_word' id='word_1_100' title='bbox 1241 3058 1366 3123; x_wconf 88' lang='lat' dir='ltr'><strong>esurire</strong></span> <span class='ocrx_word' id='word_1_101' title='bbox 1420 3058 1652 3141; x_wconf 83' lang='lat' dir='ltr'><strong>sanguinariae</strong></span> <span class='ocrx_word' id='word_1_102' title='bbox 1687 3057 1868 3122; x_wconf 83' lang='lat' dir='ltr'><strong>sententiae</strong></span> <span class='ocrx_word' id='word_1_103' title='bbox 1900 3055 2059 3120; x_wconf 87' lang='lat' dir='ltr'><strong>adversus</strong></span> <span class='ocrx_word' id='word_1_104' title='bbox 2097 3058 2188 3120; x_wconf 82' lang='lat' dir='ltr'><strong>illam</strong></span> <span class='ocrx_word' id='word_1_105' title='bbox 2227 3060 2396 3138; x_wconf 58' lang='lat' dir='ltr'><strong>ferentum</strong></span> 
     </span>
     <span class='ocr_line' id='line_1_11' title="bbox 391 3164 2395 3253; baseline 0.003 -25"><span class='ocrx_word' id='word_1_106' title='bbox 391 3174 424 3229; x_wconf 90' lang='lat' dir='ltr'><strong>et</strong></span> <span class='ocrx_word' id='word_1_107' title='bbox 445 3166 536 3230; x_wconf 90' lang='lat' dir='ltr'><strong>sitire</strong></span> <span class='ocrx_word' id='word_1_108' title='bbox 558 3164 731 3230; x_wconf 80' lang='lat' dir='ltr'><strong>Christum</strong></span> <span class='ocrx_word' id='word_1_109' title='bbox 752 3169 993 3253; x_wconf 89' lang='lat' dir='ltr'><strong>intelligebam;</strong></span> <span class='ocrx_word' id='word_1_110' title='bbox 1020 3169 1235 3252; x_wconf 88' lang='lat' dir='ltr'><strong>paucissimos</strong></span> <span class='ocrx_word' id='word_1_111' title='bbox 1256 3177 1367 3234; x_wconf 89' lang='lat' dir='ltr'><strong>autern</strong></span> <span class='ocrx_word' id='word_1_112' title='bbox 1419 3169 1524 3248; x_wconf 83' lang='lat' dir='ltr'><strong>fraus,</strong></span> <span class='ocrx_word' id='word_1_113' title='bbox 1554 3167 1641 3251; x_wconf 93' lang='lat' dir='ltr'><strong>quod</strong></span> <span class='ocrx_word' id='word_1_114' title='bbox 1670 3168 1839 3234; x_wconf 87' lang='lat' dir='ltr'><strong>seditionis</strong></span> <span class='ocrx_word' id='word_1_115' title='bbox 1861 3176 1895 3232; x_wconf 92' lang='lat' dir='ltr'><strong>et</strong></span> <span class='ocrx_word' id='word_1_116' title='bbox 1915 3167 2069 3234; x_wconf 87' lang='lat' dir='ltr'><strong>maleficii</strong></span> <span class='ocrx_word' id='word_1_117' title='bbox 2090 3176 2218 3250; x_wconf 86' lang='lat' dir='ltr'><strong>praeter</strong></span> <span class='ocrx_word' id='word_1_118' title='bbox 2239 3172 2395 3234; x_wconf 88' lang='lat' dir='ltr'><strong>meritum</strong></span> 
     </span>
     <span class='ocr_line' id='line_1_12' title="bbox 390 3275 2395 3364; baseline 0.003 -24"><span class='ocrx_word' id='word_1_119' title='bbox 390 3275 540 3341; x_wconf 85' lang='lat' dir='ltr'><strong>videbam</strong></span> <span class='ocrx_word' id='word_1_120' title='bbox 562 3279 618 3359; x_wconf 91' lang='lat' dir='ltr'><strong>qui</strong></span> <span class='ocrx_word' id='word_1_121' title='bbox 640 3278 692 3343; x_wconf 92' lang='lat' dir='ltr'><strong>vel</strong></span> <span class='ocrx_word' id='word_1_122' title='bbox 713 3279 841 3345; x_wconf 90' lang='lat' dir='ltr'><strong>modica</strong></span> <span class='ocrx_word' id='word_1_123' title='bbox 862 3281 933 3345; x_wconf 90' lang='lat' dir='ltr'><strong>eius</strong></span> <span class='ocrx_word' id='word_1_124' title='bbox 956 3281 1141 3364; x_wconf 81' lang='lat' dir='ltr'><strong>cognitione</strong></span> <span class='ocrx_word' id='word_1_125' title='bbox 1164 3280 1227 3345; x_wconf 89' lang='lat' dir='ltr'><strong>rite</strong></span> <span class='ocrx_word' id='word_1_126' title='bbox 1248 3280 1367 3345; x_wconf 90' lang='lat' dir='ltr'><strong>imbuti</strong></span> <span class='ocrx_word' id='word_1_127' title='bbox 1419 3280 1638 3344; x_wconf 87' lang='lat' dir='ltr'><strong>insimulatur.</strong></span> <span class='ocrx_word' id='word_1_128' title='bbox 1683 3281 1733 3344; x_wconf 91' lang='lat' dir='ltr'><strong>Ne</strong></span> <span class='ocrx_word' id='word_1_129' title='bbox 1760 3281 1833 3361; x_wconf 93' lang='lat' dir='ltr'><strong>quis</strong></span> <span class='ocrx_word' id='word_1_130' title='bbox 1862 3280 1943 3345; x_wconf 89' lang='lat' dir='ltr'><strong>haee</strong></span> <span class='ocrx_word' id='word_1_131' title='bbox 1972 3278 2093 3345; x_wconf 89' lang='lat' dir='ltr'><strong>iniuria</strong></span> <span class='ocrx_word' id='word_1_132' title='bbox 2119 3301 2178 3345; x_wconf 92' lang='lat' dir='ltr'><strong>nos</strong></span> <span class='ocrx_word' id='word_1_133' title='bbox 2205 3283 2300 3362; x_wconf 89' lang='lat' dir='ltr'><strong>queri</strong></span> <span class='ocrx_word' id='word_1_134' title='bbox 2324 3283 2395 3346; x_wconf 88' lang='lat' dir='ltr'><strong>exi-</strong></span> 
     </span>
     <span class='ocr_line' id='line_1_13' title="bbox 390 3389 2393 3476; baseline 0.002 -23"><span class='ocrx_word' id='word_1_135' title='bbox 390 3396 507 3453; x_wconf 89' lang='lat' dir='ltr'><strong>essent.</strong></span> <span class='ocrx_word' id='word_1_136' title='bbox 543 3389 641 3456; x_wconf 88' lang='lat' dir='ltr'><strong>Hanc</strong></span> <span class='ocrx_word' id='word_1_137' title='bbox 661 3390 745 3455; x_wconf 87' lang='lat' dir='ltr'><strong>mihi</strong></span> <span class='ocrx_word' id='word_1_138' title='bbox 764 3392 865 3456; x_wconf 77' lang='lat' dir='ltr'><strong>brisso</strong></span> <span class='ocrx_word' id='word_1_139' title='bbox 882 3394 1082 3474; x_wconf 87' lang='lat' dir='ltr'><strong>propositam</strong></span> <span class='ocrx_word' id='word_1_140' title='bbox 1103 3393 1264 3457; x_wconf 90' lang='lat' dir='ltr'><strong>rationem</strong></span> <span class='ocrx_word' id='word_1_141' title='bbox 1285 3390 1368 3458; x_wconf 88' lang='lat' dir='ltr'><strong>liber</strong></span> <span class='ocrx_word' id='word_1_142' title='bbox 1420 3393 1539 3471; x_wconf 90' lang='lat' dir='ltr'><strong>stimet,</strong></span> <span class='ocrx_word' id='word_1_143' title='bbox 1561 3392 1631 3476; x_wconf 92' lang='lat' dir='ltr'><strong>ipse</strong></span> <span class='ocrx_word' id='word_1_144' title='bbox 1654 3391 1747 3456; x_wconf 92' lang='lat' dir='ltr'><strong>nobis</strong></span> <span class='ocrx_word' id='word_1_145' title='bbox 1772 3392 1864 3455; x_wconf 86' lang='lat' dir='ltr'><strong>testis</strong></span> <span class='ocrx_word' id='word_1_146' title='bbox 1881 3412 1952 3456; x_wconf 88' lang='lat' dir='ltr'><strong>esse</strong></span> <span class='ocrx_word' id='word_1_147' title='bbox 1969 3392 2072 3473; x_wconf 83' lang='lat' dir='ltr'><strong>potes,</strong></span> <span class='ocrx_word' id='word_1_148' title='bbox 2092 3391 2166 3455; x_wconf 88' lang='lat' dir='ltr'><strong>Rex</strong></span> <span class='ocrx_word' id='word_1_149' title='bbox 2183 3390 2393 3470; x_wconf 89' lang='lat' dir='ltr'><strong>nobilissima,</strong></span> 
     </span>
     <span class='ocr_line' id='line_1_14' title="bbox 391 3500 2394 3586; baseline 0.002 -23"><span class='ocrx_word' id='word_1_150' title='bbox 391 3500 459 3581; x_wconf 90' lang='lat' dir='ltr'><strong>ipse</strong></span> <span class='ocrx_word' id='word_1_151' title='bbox 481 3500 642 3582; x_wconf 88' lang='lat' dir='ltr'><strong>loquitur,</strong></span> <span class='ocrx_word' id='word_1_152' title='bbox 672 3501 714 3566; x_wconf 91' lang='lat' dir='ltr'><strong>ad</strong></span> <span class='ocrx_word' id='word_1_153' title='bbox 740 3503 922 3585; x_wconf 89' lang='lat' dir='ltr'><strong>simplicem</strong></span> <span class='ocrx_word' id='word_1_154' title='bbox 951 3505 1074 3569; x_wconf 88' lang='lat' dir='ltr'><strong>scilieet</strong></span> <span class='ocrx_word' id='word_1_155' title='bbox 1100 3504 1280 3586; x_wconf 89' lang='lat' dir='ltr'><strong>rudemque</strong></span> <span class='ocrx_word' id='word_1_156' title='bbox 1309 3502 1366 3566; x_wconf 93' lang='lat' dir='ltr'><strong>do·</strong></span> <span class='ocrx_word' id='word_1_157' title='bbox 1419 3524 1518 3586; x_wconf 91' lang='lat' dir='ltr'><strong>quam</strong></span> <span class='ocrx_word' id='word_1_158' title='bbox 1545 3502 1755 3568; x_wconf 85' lang='lat' dir='ltr'><strong>mendacibus</strong></span> <span class='ocrx_word' id='word_1_159' title='bbox 1783 3503 1956 3568; x_wconf 88' lang='lat' dir='ltr'><strong>calumniis</strong></span> <span class='ocrx_word' id='word_1_160' title='bbox 1986 3501 2129 3583; x_wconf 92' lang='lat' dir='ltr'><strong>quotidie</strong></span> <span class='ocrx_word' id='word_1_161' title='bbox 2156 3503 2244 3585; x_wconf 88' lang='lat' dir='ltr'><strong>apud</strong></span> <span class='ocrx_word' id='word_1_162' title='bbox 2271 3511 2304 3566; x_wconf 87' lang='lat' dir='ltr'><strong>te</strong></span> <span class='ocrx_word' id='word_1_163' title='bbox 2326 3512 2394 3567; x_wconf 87' lang='lat' dir='ltr'><strong>tra·</strong></span> 
     </span>
     <span class='ocr_line' id='line_1_15' title="bbox 390 3611 2394 3699; baseline 0.002 -24"><span class='ocrx_word' id='word_1_164' title='bbox 390 3611 485 3676; x_wconf 89' lang='lat' dir='ltr'><strong>cendi</strong></span> <span class='ocrx_word' id='word_1_165' title='bbox 515 3612 655 3676; x_wconf 88' lang='lat' dir='ltr'><strong>formam</strong></span> <span class='ocrx_word' id='word_1_166' title='bbox 687 3614 895 3697; x_wconf 90' lang='lat' dir='ltr'><strong>compositus.</strong></span> <span class='ocrx_word' id='word_1_167' title='bbox 946 3615 1073 3680; x_wconf 89' lang='lat' dir='ltr'><strong>Verum</strong></span> <span class='ocrx_word' id='word_1_168' title='bbox 1106 3636 1210 3697; x_wconf 89' lang='lat' dir='ltr'><strong>quum</strong></span> <span class='ocrx_word' id='word_1_169' title='bbox 1242 3616 1366 3697; x_wconf 88' lang='lat' dir='ltr'><strong>perspi·</strong></span> <span class='ocrx_word' id='word_1_170' title='bbox 1420 3613 1572 3692; x_wconf 87' lang='lat' dir='ltr'><strong>ducatur,</strong></span> <span class='ocrx_word' id='word_1_171' title='bbox 1596 3615 1683 3697; x_wconf 94' lang='lat' dir='ltr'><strong>quod</strong></span> <span class='ocrx_word' id='word_1_172' title='bbox 1704 3635 1771 3678; x_wconf 94' lang='lat' dir='ltr'><strong>non</strong></span> <span class='ocrx_word' id='word_1_173' title='bbox 1793 3615 1950 3679; x_wconf 86' lang='lat' dir='ltr'><strong>aliorsum</strong></span> <span class='ocrx_word' id='word_1_174' title='bbox 1971 3620 2096 3695; x_wconf 88' lang='lat' dir='ltr'><strong>spectet</strong></span> <span class='ocrx_word' id='word_1_175' title='bbox 2116 3614 2181 3676; x_wconf 94' lang='lat' dir='ltr'><strong>nisi</strong></span> <span class='ocrx_word' id='word_1_176' title='bbox 2202 3623 2240 3678; x_wconf 92' lang='lat' dir='ltr'><strong>ut</strong></span> <span class='ocrx_word' id='word_1_177' title='bbox 2261 3614 2394 3699; x_wconf 88' lang='lat' dir='ltr'><strong>regibus</strong></span> 
     </span>
     <span class='ocr_line' id='line_1_16' title="bbox 390 3723 2394 3810; baseline 0.002 -22"><span class='ocrx_word' id='word_1_178' title='bbox 390 3744 497 3788; x_wconf 90' lang='lat' dir='ltr'><strong>cerem</strong></span> <span class='ocrx_word' id='word_1_179' title='bbox 530 3744 635 3804; x_wconf 90' lang='lat' dir='ltr'><strong>usque</strong></span> <span class='ocrx_word' id='word_1_180' title='bbox 661 3744 699 3789; x_wconf 92' lang='lat' dir='ltr'><strong>eo</strong></span> <span class='ocrx_word' id='word_1_181' title='bbox 726 3725 944 3807; x_wconf 90' lang='lat' dir='ltr'><strong>quorumdam</strong></span> <span class='ocrx_word' id='word_1_182' title='bbox 968 3727 1193 3810; x_wconf 90' lang='lat' dir='ltr'><strong>improborum</strong></span> <span class='ocrx_word' id='word_1_183' title='bbox 1220 3727 1366 3790; x_wconf 84' lang='lat' dir='ltr'><strong>furorem</strong></span> <span class='ocrx_word' id='word_1_184' title='bbox 1420 3746 1479 3790; x_wconf 92' lang='lat' dir='ltr'><strong>sua</strong></span> <span class='ocrx_word' id='word_1_185' title='bbox 1500 3736 1628 3809; x_wconf 90' lang='lat' dir='ltr'><strong>sceptra</strong></span> <span class='ocrx_word' id='word_1_186' title='bbox 1647 3748 1665 3790; x_wconf 93' lang='lat' dir='ltr'><strong>e</strong></span> <span class='ocrx_word' id='word_1_187' title='bbox 1687 3725 1841 3790; x_wconf 90' lang='lat' dir='ltr'><strong>manibus</strong></span> <span class='ocrx_word' id='word_1_188' title='bbox 1862 3733 2070 3807; x_wconf 84' lang='lat' dir='ltr'><strong>extorqueat,</strong></span> <span class='ocrx_word' id='word_1_189' title='bbox 2093 3723 2284 3805; x_wconf 86' lang='lat' dir='ltr'><strong>tribunalia,</strong></span> <span class='ocrx_word' id='word_1_190' title='bbox 2308 3727 2394 3792; x_wconf 92' lang='lat' dir='ltr'><strong>iudi·</strong></span> 
     </span>
     <span class='ocr_line' id='line_1_17' title="bbox 390 3833 2394 3920; baseline 0.001 -19"><span class='ocrx_word' id='word_1_191' title='bbox 390 3833 567 3901; x_wconf 89' lang='lat' dir='ltr'><strong>invaluisse</strong></span> <span class='ocrx_word' id='word_1_192' title='bbox 593 3836 630 3899; x_wconf 93' lang='lat' dir='ltr'><strong>in</strong></span> <span class='ocrx_word' id='word_1_193' title='bbox 651 3857 753 3920; x_wconf 90' lang='lat' dir='ltr'><strong>regno</strong></span> <span class='ocrx_word' id='word_1_194' title='bbox 776 3844 846 3915; x_wconf 91' lang='lat' dir='ltr'><strong>tuo,</strong></span> <span class='ocrx_word' id='word_1_195' title='bbox 877 3844 916 3901; x_wconf 90' lang='lat' dir='ltr'><strong>ut</strong></span> <span class='ocrx_word' id='word_1_196' title='bbox 942 3838 1055 3902; x_wconf 88' lang='lat' dir='ltr'><strong>nullus</strong></span> <span class='ocrx_word' id='word_1_197' title='bbox 1078 3859 1177 3902; x_wconf 89' lang='lat' dir='ltr'><strong>sanae</strong></span> <span class='ocrx_word' id='word_1_198' title='bbox 1200 3836 1365 3904; x_wconf 89' lang='lat' dir='ltr'><strong>doctrinae</strong></span> <span class='ocrx_word' id='word_1_199' title='bbox 1419 3839 1531 3920; x_wconf 84' lang='lat' dir='ltr'><strong>uiaque</strong></span> <span class='ocrx_word' id='word_1_200' title='bbox 1560 3839 1671 3901; x_wconf 88' lang='lat' dir='ltr'><strong>omnia</strong></span> <span class='ocrx_word' id='word_1_201' title='bbox 1698 3837 1907 3919; x_wconf 89' lang='lat' dir='ltr'><strong>praecipitet,</strong></span> <span class='ocrx_word' id='word_1_202' title='bbox 1937 3836 2108 3900; x_wconf 89' lang='lat' dir='ltr'><strong>subvertat</strong></span> <span class='ocrx_word' id='word_1_203' title='bbox 2129 3836 2261 3904; x_wconf 91' lang='lat' dir='ltr'><strong>ordines</strong></span> <span class='ocrx_word' id='word_1_204' title='bbox 2281 3859 2394 3903; x_wconf 89' lang='lat' dir='ltr'><strong>omncs</strong></span> 
     </span>
     <span class='ocr_line' id='line_1_18' title="bbox 390 3946 2394 4034; baseline 0.002 -24"><span class='ocrx_word' id='word_1_205' title='bbox 390 3946 435 4010; x_wconf 88' lang='lat' dir='ltr'><strong>sit</strong></span> <span class='ocrx_word' id='word_1_206' title='bbox 461 3946 534 4010; x_wconf 90' lang='lat' dir='ltr'><strong>istic</strong></span> <span class='ocrx_word' id='word_1_207' title='bbox 560 3947 666 4026; x_wconf 89' lang='lat' dir='ltr'><strong>locus,</strong></span> <span class='ocrx_word' id='word_1_208' title='bbox 695 3947 844 4012; x_wconf 82' lang='lat' dir='ltr'><strong>facturus</strong></span> <span class='ocrx_word' id='word_1_209' title='bbox 866 3949 949 4013; x_wconf 89' lang='lat' dir='ltr'><strong>mihi</strong></span> <span class='ocrx_word' id='word_1_210' title='bbox 971 3949 1252 4032; x_wconf 89' lang='lat' dir='ltr'><strong>operaepretium</strong></span> <span class='ocrx_word' id='word_1_211' title='bbox 1274 3949 1364 4013; x_wconf 89' lang='lat' dir='ltr'><strong>visus</strong></span> <span class='ocrx_word' id='word_1_212' title='bbox 1419 3957 1453 4014; x_wconf 91' lang='lat' dir='ltr'><strong>et</strong></span> <span class='ocrx_word' id='word_1_213' title='bbox 1469 3949 1609 4032; x_wconf 80' lang='lat' dir='ltr'><strong>politius,</strong></span> <span class='ocrx_word' id='word_1_214' title='bbox 1631 3969 1745 4031; x_wconf 90' lang='lat' dir='ltr'><strong>paoem</strong></span> <span class='ocrx_word' id='word_1_215' title='bbox 1763 3955 1796 4012; x_wconf 90' lang='lat' dir='ltr'><strong>et</strong></span> <span class='ocrx_word' id='word_1_216' title='bbox 1814 3947 1956 4029; x_wconf 88' lang='lat' dir='ltr'><strong>quietem</strong></span> <span class='ocrx_word' id='word_1_217' title='bbox 1973 3948 2087 4029; x_wconf 93' lang='lat' dir='ltr'><strong>populi</strong></span> <span class='ocrx_word' id='word_1_218' title='bbox 2104 3949 2283 4031; x_wconf 74' lang='lat' dir='ltr'><strong>perturbet,</strong></span> <span class='ocrx_word' id='word_1_219' title='bbox 2304 3950 2394 4034; x_wconf 83' lang='lat' dir='ltr'><strong>leges</strong></span> 
     </span>
     <span class='ocr_line' id='line_1_19' title="bbox 389 4057 2393 4144; baseline 0.002 -22"><span class='ocrx_word' id='word_1_220' title='bbox 389 4079 464 4122; x_wconf 91' lang='lat' dir='ltr'><strong>sum</strong></span> <span class='ocrx_word' id='word_1_221' title='bbox 485 4059 514 4123; x_wconf 92' lang='lat' dir='ltr'><strong>si</strong></span> <span class='ocrx_word' id='word_1_222' title='bbox 537 4057 651 4122; x_wconf 90' lang='lat' dir='ltr'><strong>eadem</strong></span> <span class='ocrx_word' id='word_1_223' title='bbox 672 4080 771 4141; x_wconf 89' lang='lat' dir='ltr'><strong>opera</strong></span> <span class='ocrx_word' id='word_1_224' title='bbox 792 4068 826 4124; x_wconf 91' lang='lat' dir='ltr'><strong>et</strong></span> <span class='ocrx_word' id='word_1_225' title='bbox 846 4060 1087 4124; x_wconf 87' lang='lat' dir='ltr'><strong>institutionem</strong></span> <span class='ocrx_word' id='word_1_226' title='bbox 1109 4061 1151 4125; x_wconf 87' lang='lat' dir='ltr'><strong>iis</strong></span> <span class='ocrx_word' id='word_1_227' title='bbox 1174 4061 1301 4139; x_wconf 90' lang='lat' dir='ltr'><strong>darem,</strong></span> <span class='ocrx_word' id='word_1_228' title='bbox 1331 4068 1365 4124; x_wconf 91' lang='lat' dir='ltr'><strong>et</strong></span> <span class='ocrx_word' id='word_1_229' title='bbox 1418 4082 1531 4125; x_wconf 92' lang='lat' dir='ltr'><strong>omnes</strong></span> <span class='ocrx_word' id='word_1_230' title='bbox 1562 4060 1712 4144; x_wconf 88' lang='lat' dir='ltr'><strong>abroget,</strong></span> <span class='ocrx_word' id='word_1_231' title='bbox 1752 4058 1897 4124; x_wconf 88' lang='lat' dir='ltr'><strong>dominia</strong></span> <span class='ocrx_word' id='word_1_232' title='bbox 1929 4066 1962 4123; x_wconf 92' lang='lat' dir='ltr'><strong>et</strong></span> <span class='ocrx_word' id='word_1_233' title='bbox 1993 4062 2216 4140; x_wconf 88' lang='lat' dir='ltr'><strong>possessiones</strong></span> <span class='ocrx_word' id='word_1_234' title='bbox 2248 4060 2393 4143; x_wconf 86' lang='lat' dir='ltr'><strong>dissipet,</strong></span> 
     </span>
     <span class='ocr_line' id='line_1_20' title="bbox 388 4169 2393 4253; baseline 0.001 -19"><span class='ocrx_word' id='word_1_235' title='bbox 388 4171 624 4235; x_wconf 81' lang='lat' dir='ltr'><strong>confessionem</strong></span> <span class='ocrx_word' id='word_1_236' title='bbox 651 4169 739 4252; x_wconf 90' lang='lat' dir='ltr'><strong>apud</strong></span> <span class='ocrx_word' id='word_1_237' title='bbox 767 4178 799 4235; x_wconf 87' lang='lat' dir='ltr'><strong>te</strong></span> <span class='ocrx_word' id='word_1_238' title='bbox 829 4170 973 4249; x_wconf 88' lang='lat' dir='ltr'><strong>ederem,</strong></span> <span class='ocrx_word' id='word_1_239' title='bbox 1008 4171 1096 4236; x_wconf 92' lang='lat' dir='ltr'><strong>unde</strong></span> <span class='ocrx_word' id='word_1_240' title='bbox 1125 4172 1230 4238; x_wconf 73' lang='lat' dir='ltr'><strong>dneas</strong></span> <span class='ocrx_word' id='word_1_241' title='bbox 1258 4172 1365 4253; x_wconf 87' lang='lat' dir='ltr'><strong>qualis</strong></span> <span class='ocrx_word' id='word_1_242' title='bbox 1418 4173 1528 4238; x_wconf 87' lang='lat' dir='ltr'><strong>omnia</strong></span> <span class='ocrx_word' id='word_1_243' title='bbox 1555 4169 1695 4253; x_wconf 90' lang='lat' dir='ltr'><strong>denique</strong></span> <span class='ocrx_word' id='word_1_244' title='bbox 1720 4191 1852 4235; x_wconf 89' lang='lat' dir='ltr'><strong>sursum</strong></span> <span class='ocrx_word' id='word_1_245' title='bbox 1875 4171 2028 4235; x_wconf 88' lang='lat' dir='ltr'><strong>deorsum</strong></span> <span class='ocrx_word' id='word_1_246' title='bbox 2050 4171 2169 4235; x_wconf 87' lang='lat' dir='ltr'><strong>volvat</strong></span> <span class='ocrx_word' id='word_1_247' title='bbox 2214 4173 2260 4235; x_wconf 83' lang='lat' dir='ltr'><strong>Et</strong></span> <span class='ocrx_word' id='word_1_248' title='bbox 2281 4181 2393 4237; x_wconf 90' lang='lat' dir='ltr'><strong>tamen</strong></span> 
     </span>
     <span class='ocr_line' id='line_1_21' title="bbox 388 4280 2392 4365; baseline 0 -20"><span class='ocrx_word' id='word_1_249' title='bbox 388 4281 432 4345; x_wconf 90' lang='lat' dir='ltr'><strong>sit</strong></span> <span class='ocrx_word' id='word_1_250' title='bbox 459 4280 607 4347; x_wconf 91' lang='lat' dir='ltr'><strong>doctrina</strong></span> <span class='ocrx_word' id='word_1_251' title='bbox 634 4282 670 4345; x_wconf 94' lang='lat' dir='ltr'><strong>in</strong></span> <span class='ocrx_word' id='word_1_252' title='bbox 697 4302 797 4364; x_wconf 91' lang='lat' dir='ltr'><strong>quam</strong></span> <span class='ocrx_word' id='word_1_253' title='bbox 825 4291 917 4347; x_wconf 89' lang='lat' dir='ltr'><strong>tanta</strong></span> <span class='ocrx_word' id='word_1_254' title='bbox 949 4283 1039 4348; x_wconf 88' lang='lat' dir='ltr'><strong>rabie</strong></span> <span class='ocrx_word' id='word_1_255' title='bbox 1067 4281 1286 4348; x_wconf 83' lang='lat' dir='ltr'><strong>exardescunt</strong></span> <span class='ocrx_word' id='word_1_256' title='bbox 1313 4285 1364 4348; x_wconf 88' lang='lat' dir='ltr'><strong>fu·</strong></span> <span class='ocrx_word' id='word_1_257' title='bbox 1416 4284 1588 4348; x_wconf 87' lang='lat' dir='ltr'><strong>minimam</strong></span> <span class='ocrx_word' id='word_1_258' title='bbox 1605 4283 1851 4365; x_wconf 88' lang='lat' dir='ltr'><strong>portiunculam</strong></span> <span class='ocrx_word' id='word_1_259' title='bbox 1869 4283 1971 4347; x_wconf 90' lang='lat' dir='ltr'><strong>audis.</strong></span> <span class='ocrx_word' id='word_1_260' title='bbox 2000 4281 2176 4347; x_wconf 89' lang='lat' dir='ltr'><strong>Horrenda</strong></span> <span class='ocrx_word' id='word_1_261' title='bbox 2193 4284 2392 4363; x_wconf 86' lang='lat' dir='ltr'><strong>enimquae-</strong></span> 
     </span>
     <span class='ocr_line' id='line_1_22' title="bbox 388 4393 2391 4478; baseline -0 -23"><span class='ocrx_word' id='word_1_262' title='bbox 388 4393 467 4457; x_wconf 92' lang='lat' dir='ltr'><strong>riosi</strong></span> <span class='ocrx_word' id='word_1_263' title='bbox 491 4393 556 4471; x_wconf 89' lang='lat' dir='ltr'><strong>illi,</strong></span> <span class='ocrx_word' id='word_1_264' title='bbox 585 4394 642 4476; x_wconf 91' lang='lat' dir='ltr'><strong>qui</strong></span> <span class='ocrx_word' id='word_1_265' title='bbox 664 4394 750 4457; x_wconf 88' lang='lat' dir='ltr'><strong>ferro</strong></span> <span class='ocrx_word' id='word_1_266' title='bbox 778 4404 812 4457; x_wconf 90' lang='lat' dir='ltr'><strong>et</strong></span> <span class='ocrx_word' id='word_1_267' title='bbox 833 4393 965 4476; x_wconf 87' lang='lat' dir='ltr'><strong>ignibus</strong></span> <span class='ocrx_word' id='word_1_268' title='bbox 988 4415 1128 4477; x_wconf 90' lang='lat' dir='ltr'><strong>regnum</strong></span> <span class='ocrx_word' id='word_1_269' title='bbox 1148 4401 1244 4457; x_wconf 91' lang='lat' dir='ltr'><strong>tuum</strong></span> <span class='ocrx_word' id='word_1_270' title='bbox 1266 4393 1364 4459; x_wconf 91' lang='lat' dir='ltr'><strong>hodie</strong></span> <span class='ocrx_word' id='word_1_271' title='bbox 1417 4395 1493 4468; x_wconf 85' lang='lat' dir='ltr'><strong>dam</strong></span> <span class='ocrx_word' id='word_1_272' title='bbox 1526 4395 1562 4458; x_wconf 93' lang='lat' dir='ltr'><strong>in</strong></span> <span class='ocrx_word' id='word_1_273' title='bbox 1594 4394 1713 4477; x_wconf 90' lang='lat' dir='ltr'><strong>vulgus</strong></span> <span class='ocrx_word' id='word_1_274' title='bbox 1746 4402 1964 4478; x_wconf 73' lang='lat' dir='ltr'><strong>sparguntur-3</strong></span> <span class='ocrx_word' id='word_1_275' title='bbox 1998 4414 2079 4476; x_wconf 86' lang='lat' dir='ltr'><strong>quae</strong></span> <span class='ocrx_word' id='word_1_276' title='bbox 2113 4396 2139 4457; x_wconf 92' lang='lat' dir='ltr'><strong>si</strong></span> <span class='ocrx_word' id='word_1_277' title='bbox 2167 4413 2247 4457; x_wconf 91' lang='lat' dir='ltr'><strong>vera</strong></span> <span class='ocrx_word' id='word_1_278' title='bbox 2274 4399 2391 4470; x_wconf 87' lang='lat' dir='ltr'><strong>essent,</strong></span> 
     </span>
     <span class='ocr_line' id='line_1_23' title="bbox 386 4502 2392 4587; baseline 0 -19"><span class='ocrx_word' id='word_1_279' title='bbox 386 4505 532 4569; x_wconf 90' lang='lat' dir='ltr'><strong>turbant.</strong></span> <span class='ocrx_word' id='word_1_280' title='bbox 577 4505 691 4587; x_wconf 90' lang='lat' dir='ltr'><strong>Neque</strong></span> <span class='ocrx_word' id='word_1_281' title='bbox 717 4504 805 4569; x_wconf 91' lang='lat' dir='ltr'><strong>enim</strong></span> <span class='ocrx_word' id='word_1_282' title='bbox 825 4503 963 4569; x_wconf 88' lang='lat' dir='ltr'><strong>verebor</strong></span> <span class='ocrx_word' id='word_1_283' title='bbox 983 4506 1096 4584; x_wconf 87' lang='lat' dir='ltr'><strong>fateri,</strong></span> <span class='ocrx_word' id='word_1_284' title='bbox 1125 4505 1178 4570; x_wconf 91' lang='lat' dir='ltr'><strong>hic</strong></span> <span class='ocrx_word' id='word_1_285' title='bbox 1199 4527 1253 4569; x_wconf 89' lang='lat' dir='ltr'><strong>me</strong></span> <span class='ocrx_word' id='word_1_286' title='bbox 1274 4527 1376 4581; x_wconf 68' lang='lat' dir='ltr'><strong>sum·¹</strong></span> <span class='ocrx_word' id='word_1_287' title='bbox 1416 4509 1534 4572; x_wconf 90' lang='lat' dir='ltr'><strong>merito</strong></span> <span class='ocrx_word' id='word_1_288' title='bbox 1560 4506 1652 4570; x_wconf 88' lang='lat' dir='ltr'><strong>illam</strong></span> <span class='ocrx_word' id='word_1_289' title='bbox 1681 4528 1756 4572; x_wconf 88' lang='lat' dir='ltr'><strong>oum</strong></span> <span class='ocrx_word' id='word_1_290' title='bbox 1785 4506 1854 4569; x_wconf 92' lang='lat' dir='ltr'><strong>suis</strong></span> <span class='ocrx_word' id='word_1_291' title='bbox 1880 4506 2051 4569; x_wconf 87' lang='lat' dir='ltr'><strong>autoribus</strong></span> <span class='ocrx_word' id='word_1_292' title='bbox 2079 4503 2167 4566; x_wconf 91' lang='lat' dir='ltr'><strong>mille</strong></span> <span class='ocrx_word' id='word_1_293' title='bbox 2195 4502 2327 4584; x_wconf 87' lang='lat' dir='ltr'><strong>ignibus</strong></span> <span class='ocrx_word' id='word_1_294' title='bbox 2354 4523 2392 4568; x_wconf 87' lang='lat' dir='ltr'><strong>ao</strong></span> 
     </span>
     <span class='ocr_line' id='line_1_24' title="bbox 387 4612 2393 4701; baseline 0.001 -23"><span class='ocrx_word' id='word_1_295' title='bbox 387 4635 475 4680; x_wconf 87' lang='lat' dir='ltr'><strong>mam</strong></span> <span class='ocrx_word' id='word_1_296' title='bbox 508 4617 575 4680; x_wconf 90' lang='lat' dir='ltr'><strong>fere</strong></span> <span class='ocrx_word' id='word_1_297' title='bbox 609 4617 680 4682; x_wconf 90' lang='lat' dir='ltr'><strong>eius</strong></span> <span class='ocrx_word' id='word_1_298' title='bbox 712 4617 816 4699; x_wconf 91' lang='lat' dir='ltr'><strong>ipsius</strong></span> <span class='ocrx_word' id='word_1_299' title='bbox 850 4616 1015 4682; x_wconf 86' lang='lat' dir='ltr'><strong>doetrinae</strong></span> <span class='ocrx_word' id='word_1_300' title='bbox 1053 4617 1261 4701; x_wconf 88' lang='lat' dir='ltr'><strong>complexum</strong></span> <span class='ocrx_word' id='word_1_301' title='bbox 1293 4638 1364 4682; x_wconf 88' lang='lat' dir='ltr'><strong>esse</strong></span> <span class='ocrx_word' id='word_1_302' title='bbox 1416 4618 1567 4682; x_wconf 86' lang='lat' dir='ltr'><strong>crucibus</strong></span> <span class='ocrx_word' id='word_1_303' title='bbox 1594 4615 1729 4701; x_wconf 88' lang='lat' dir='ltr'><strong>dignam</strong></span> <span class='ocrx_word' id='word_1_304' title='bbox 1758 4618 1933 4681; x_wconf 86' lang='lat' dir='ltr'><strong>universus</strong></span> <span class='ocrx_word' id='word_1_305' title='bbox 1960 4614 2104 4678; x_wconf 89' lang='lat' dir='ltr'><strong>mundus</strong></span> <span class='ocrx_word' id='word_1_306' title='bbox 2133 4612 2262 4678; x_wconf 87' lang='lat' dir='ltr'><strong>iudicet.</strong></span> <span class='ocrx_word' id='word_1_307' title='bbox 2308 4613 2393 4695; x_wconf 77' lang='lat' dir='ltr'><strong>Quis</strong></span> 
     </span>
     <span class='ocr_line' id='line_1_25' title="bbox 387 4723 2392 4812; baseline 0 -22"><span class='ocrx_word' id='word_1_308' title='bbox 387 4748 486 4808; x_wconf 91' lang='lat' dir='ltr'><strong>quam</strong></span> <span class='ocrx_word' id='word_1_309' title='bbox 513 4727 562 4791; x_wconf 94' lang='lat' dir='ltr'><strong>illi</strong></span> <span class='ocrx_word' id='word_1_310' title='bbox 590 4747 733 4807; x_wconf 84' lang='lat' dir='ltr'><strong>carcere,</strong></span> <span class='ocrx_word' id='word_1_311' title='bbox 763 4729 900 4806; x_wconf 82' lang='lat' dir='ltr'><strong>exsilio,</strong></span> <span class='ocrx_word' id='word_1_312' title='bbox 930 4730 1183 4812; x_wconf 89' lang='lat' dir='ltr'><strong>proscriptione,</strong></span> <span class='ocrx_word' id='word_1_313' title='bbox 1212 4729 1363 4794; x_wconf 89' lang='lat' dir='ltr'><strong>incendio</strong></span> <span class='ocrx_word' id='word_1_314' title='bbox 1415 4731 1483 4793; x_wconf 90' lang='lat' dir='ltr'><strong>iam</strong></span> <span class='ocrx_word' id='word_1_315' title='bbox 1514 4730 1653 4794; x_wconf 89' lang='lat' dir='ltr'><strong>miretur</strong></span> <span class='ocrx_word' id='word_1_316' title='bbox 1685 4727 1853 4811; x_wconf 91' lang='lat' dir='ltr'><strong>publicum</strong></span> <span class='ocrx_word' id='word_1_317' title='bbox 1885 4727 1995 4791; x_wconf 91' lang='lat' dir='ltr'><strong>odium</strong></span> <span class='ocrx_word' id='word_1_318' title='bbox 2027 4725 2063 4786; x_wconf 93' lang='lat' dir='ltr'><strong>in</strong></span> <span class='ocrx_word' id='word_1_319' title='bbox 2095 4723 2186 4787; x_wconf 87' lang='lat' dir='ltr'><strong>illam</strong></span> <span class='ocrx_word' id='word_1_320' title='bbox 2219 4746 2392 4791; x_wconf 87' lang='lat' dir='ltr'><strong>accensum</strong></span> 
     </span>
     <span class='ocr_line' id='line_1_26' title="bbox 387 4834 2392 4923; baseline 0 -21"><span class='ocrx_word' id='word_1_321' title='bbox 387 4837 624 4916; x_wconf 87' lang='lat' dir='ltr'><strong>mulctandam,</strong></span> <span class='ocrx_word' id='word_1_322' title='bbox 658 4861 757 4922; x_wconf 82' lang='lat' dir='ltr'><strong>quani</strong></span> <span class='ocrx_word' id='word_1_323' title='bbox 785 4848 875 4905; x_wconf 89' lang='lat' dir='ltr'><strong>terra</strong></span> <span class='ocrx_word' id='word_1_324' title='bbox 901 4842 1048 4922; x_wconf 89' lang='lat' dir='ltr'><strong>marique</strong></span> <span class='ocrx_word' id='word_1_325' title='bbox 1078 4841 1363 4905; x_wconf 85' lang='lat' dir='ltr'><strong>exterminandam</strong></span> <span class='ocrx_word' id='word_1_326' title='bbox 1416 4862 1501 4918; x_wconf 89' lang='lat' dir='ltr'><strong>esse,</strong></span> <span class='ocrx_word' id='word_1_327' title='bbox 1541 4841 1598 4904; x_wconf 94' lang='lat' dir='ltr'><strong>ubi</strong></span> <span class='ocrx_word' id='word_1_328' title='bbox 1636 4840 1850 4923; x_wconf 90' lang='lat' dir='ltr'><strong>iniquissimis</strong></span> <span class='ocrx_word' id='word_1_329' title='bbox 1889 4839 1959 4902; x_wconf 88' lang='lat' dir='ltr'><strong>istis</strong></span> <span class='ocrx_word' id='word_1_330' title='bbox 1997 4834 2279 4903; x_wconf 87' lang='lat' dir='ltr'><strong>criminationibus</strong></span> <span class='ocrx_word' id='word_1_331' title='bbox 2311 4837 2392 4904; x_wconf 87' lang='lat' dir='ltr'><strong>fides</strong></span> 
     </span>
     <span class='ocr_line' id='line_1_27' title="bbox 386 4947 2392 5033; baseline 0 -19"><span class='ocrx_word' id='word_1_332' title='bbox 386 4951 617 5015; x_wconf 88' lang='lat' dir='ltr'><strong>vociferantur.</strong></span> <span class='ocrx_word' id='word_1_333' title='bbox 666 4950 830 5033; x_wconf 83' lang='lat' dir='ltr'><strong>Equidem</strong></span> <span class='ocrx_word' id='word_1_334' title='bbox 865 4953 945 5029; x_wconf 89' lang='lat' dir='ltr'><strong>scio,</strong></span> <span class='ocrx_word' id='word_1_335' title='bbox 979 4973 1079 5033; x_wconf 88' lang='lat' dir='ltr'><strong>quam</strong></span> <span class='ocrx_word' id='word_1_336' title='bbox 1112 4952 1276 5019; x_wconf 88' lang='lat' dir='ltr'><strong>atrocibus</strong></span> <span class='ocrx_word' id='word_1_337' title='bbox 1307 4953 1363 5017; x_wconf 87' lang='lat' dir='ltr'><strong>de·</strong></span> <span class='ocrx_word' id='word_1_338' title='bbox 1417 4952 1579 5017; x_wconf 83' lang='lat' dir='ltr'><strong>habetur?</strong></span> <span class='ocrx_word' id='word_1_339' title='bbox 1612 4953 1665 5016; x_wconf 82' lang='lat' dir='ltr'><strong>En</strong></span> <span class='ocrx_word' id='word_1_340' title='bbox 1689 4974 1750 5017; x_wconf 91' lang='lat' dir='ltr'><strong>cur</strong></span> <span class='ocrx_word' id='word_1_341' title='bbox 1770 4952 1806 5015; x_wconf 92' lang='lat' dir='ltr'><strong>in</strong></span> <span class='ocrx_word' id='word_1_342' title='bbox 1829 4957 1976 5013; x_wconf 88' lang='lat' dir='ltr'><strong>nostram</strong></span> <span class='ocrx_word' id='word_1_343' title='bbox 1994 4947 2140 5028; x_wconf 90' lang='lat' dir='ltr'><strong>ipsorum</strong></span> <span class='ocrx_word' id='word_1_344' title='bbox 2161 4947 2392 5031; x_wconf 84' lang='lat' dir='ltr'><strong>doctrinaeque</strong></span> 
     </span>
     <span class='ocr_line' id='line_1_28' title="bbox 386 5058 2392 5146; baseline 0.001 -22"><span class='ocrx_word' id='word_1_345' title='bbox 386 5061 564 5127; x_wconf 87' lang='lat' dir='ltr'><strong>lationibus</strong></span> <span class='ocrx_word' id='word_1_346' title='bbox 591 5083 687 5127; x_wconf 89' lang='lat' dir='ltr'><strong>aures</strong></span> <span class='ocrx_word' id='word_1_347' title='bbox 715 5065 926 5145; x_wconf 89' lang='lat' dir='ltr'><strong>animumque</strong></span> <span class='ocrx_word' id='word_1_348' title='bbox 957 5071 1051 5128; x_wconf 90' lang='lat' dir='ltr'><strong>tuum</strong></span> <span class='ocrx_word' id='word_1_349' title='bbox 1073 5063 1296 5146; x_wconf 86' lang='lat' dir='ltr'><strong>impleverint,</strong></span> <span class='ocrx_word' id='word_1_350' title='bbox 1313 5066 1364 5129; x_wconf 90' lang='lat' dir='ltr'><strong>&#39;ut</strong></span> <span class='ocrx_word' id='word_1_351' title='bbox 1415 5073 1547 5128; x_wconf 89' lang='lat' dir='ltr'><strong>nostrae</strong></span> <span class='ocrx_word' id='word_1_352' title='bbox 1575 5063 1819 5128; x_wconf 88' lang='lat' dir='ltr'><strong>damnationem</strong></span> <span class='ocrx_word' id='word_1_353' title='bbox 1841 5078 1952 5124; x_wconf 88' lang='lat' dir='ltr'><strong>omncs</strong></span> <span class='ocrx_word' id='word_1_354' title='bbox 1975 5058 2106 5124; x_wconf 88' lang='lat' dir='ltr'><strong>ordines</strong></span> <span class='ocrx_word' id='word_1_355' title='bbox 2127 5061 2333 5125; x_wconf 90' lang='lat' dir='ltr'><strong>consentiant</strong></span> <span class='ocrx_word' id='word_1_356' title='bbox 2355 5080 2392 5127; x_wconf 81' lang='lat' dir='ltr'><strong>aa</strong></span> 
     </span>
     <span class='ocr_line' id='line_1_29' title="bbox 386 5171 2391 5258; baseline -0.002 -20"><span class='ocrx_word' id='word_1_357' title='bbox 386 5194 520 5238; x_wconf 89' lang='lat' dir='ltr'><strong>causam</strong></span> <span class='ocrx_word' id='word_1_358' title='bbox 542 5184 688 5239; x_wconf 88' lang='lat' dir='ltr'><strong>nostram</strong></span> <span class='ocrx_word' id='word_1_359' title='bbox 713 5175 774 5239; x_wconf 92' lang='lat' dir='ltr'><strong>tibi</strong></span> <span class='ocrx_word' id='word_1_360' title='bbox 795 5196 895 5257; x_wconf 89' lang='lat' dir='ltr'><strong>quam</strong></span> <span class='ocrx_word' id='word_1_361' title='bbox 917 5174 1153 5240; x_wconf 82' lang='lat' dir='ltr'><strong>odiosissimum</strong></span> <span class='ocrx_word' id='word_1_362' title='bbox 1174 5175 1361 5240; x_wconf 87' lang='lat' dir='ltr'><strong>redderent:</strong></span> <span class='ocrx_word' id='word_1_363' title='bbox 1416 5177 1612 5258; x_wconf 90' lang='lat' dir='ltr'><strong>conspirent.</strong></span> <span class='ocrx_word' id='word_1_364' title='bbox 1663 5176 1737 5239; x_wconf 86' lang='lat' dir='ltr'><strong>Hoc</strong></span> <span class='ocrx_word' id='word_1_365' title='bbox 1764 5174 1882 5236; x_wconf 87' lang='lat' dir='ltr'><strong>affeetu</strong></span> <span class='ocrx_word' id='word_1_366' title='bbox 1909 5172 2064 5254; x_wconf 87' lang='lat' dir='ltr'><strong>correpti,</strong></span> <span class='ocrx_word' id='word_1_367' title='bbox 2094 5173 2148 5253; x_wconf 93' lang='lat' dir='ltr'><strong>qui</strong></span> <span class='ocrx_word' id='word_1_368' title='bbox 2175 5172 2217 5236; x_wconf 88' lang='lat' dir='ltr'><strong>ad</strong></span> <span class='ocrx_word' id='word_1_369' title='bbox 2245 5171 2391 5237; x_wconf 91' lang='lat' dir='ltr'><strong>iudican-</strong></span> 
     </span>
     <span class='ocr_line' id='line_1_30' title="bbox 386 5280 2390 5369; baseline 0 -21"><span class='ocrx_word' id='word_1_370' title='bbox 386 5283 445 5348; x_wconf 91' lang='lat' dir='ltr'><strong>sed</strong></span> <span class='ocrx_word' id='word_1_371' title='bbox 477 5283 511 5348; x_wconf 92' lang='lat' dir='ltr'><strong>id</strong></span> <span class='ocrx_word' id='word_1_372' title='bbox 539 5285 600 5350; x_wconf 93' lang='lat' dir='ltr'><strong>tibi</strong></span> <span class='ocrx_word' id='word_1_373' title='bbox 630 5307 688 5368; x_wconf 92' lang='lat' dir='ltr'><strong>pro</strong></span> <span class='ocrx_word' id='word_1_374' title='bbox 717 5294 777 5350; x_wconf 88' lang='lat' dir='ltr'><strong>tua</strong></span> <span class='ocrx_word' id='word_1_375' title='bbox 803 5285 977 5350; x_wconf 88' lang='lat' dir='ltr'><strong>clementia</strong></span> <span class='ocrx_word' id='word_1_376' title='bbox 1004 5285 1274 5369; x_wconf 87' lang='lat' dir='ltr'><strong>perpendendum</strong></span> <span class='ocrx_word' id='word_1_377' title='bbox 1303 5296 1361 5367; x_wconf 87' lang='lat' dir='ltr'><strong>est,</strong></span> <span class='ocrx_word' id='word_1_378' title='bbox 1416 5287 1495 5351; x_wconf 92' lang='lat' dir='ltr'><strong>dum</strong></span> <span class='ocrx_word' id='word_1_379' title='bbox 1517 5286 1647 5364; x_wconf 89' lang='lat' dir='ltr'><strong>sedent,</strong></span> <span class='ocrx_word' id='word_1_380' title='bbox 1670 5280 1870 5367; x_wconf 88' lang='lat' dir='ltr'><strong>praeiudicia</strong></span> <span class='ocrx_word' id='word_1_381' title='bbox 1892 5303 1974 5363; x_wconf 87' lang='lat' dir='ltr'><strong>quae</strong></span> <span class='ocrx_word' id='word_1_382' title='bbox 1997 5282 2092 5346; x_wconf 90' lang='lat' dir='ltr'><strong>domo</strong></span> <span class='ocrx_word' id='word_1_383' title='bbox 2115 5282 2308 5361; x_wconf 90' lang='lat' dir='ltr'><strong>attulerunt,</strong></span> <span class='ocrx_word' id='word_1_384' title='bbox 2331 5304 2390 5365; x_wconf 86' lang='lat' dir='ltr'><strong>pro</strong></span> 
     </span>
     <span class='ocr_line' id='line_1_31' title="bbox 386 5394 2390 5480; baseline 0.001 -22"><span class='ocrx_word' id='word_1_385' title='bbox 386 5395 512 5461; x_wconf 86' lang='lat' dir='ltr'><strong>nullam</strong></span> <span class='ocrx_word' id='word_1_386' title='bbox 533 5418 640 5479; x_wconf 91' lang='lat' dir='ltr'><strong>neque</strong></span> <span class='ocrx_word' id='word_1_387' title='bbox 662 5397 699 5461; x_wconf 92' lang='lat' dir='ltr'><strong>in</strong></span> <span class='ocrx_word' id='word_1_388' title='bbox 721 5397 824 5476; x_wconf 87' lang='lat' dir='ltr'><strong>dictis,</strong></span> <span class='ocrx_word' id='word_1_389' title='bbox 847 5417 954 5478; x_wconf 89' lang='lat' dir='ltr'><strong>nequa</strong></span> <span class='ocrx_word' id='word_1_390' title='bbox 975 5398 1012 5460; x_wconf 92' lang='lat' dir='ltr'><strong>in</strong></span> <span class='ocrx_word' id='word_1_391' title='bbox 1030 5397 1124 5462; x_wconf 86' lang='lat' dir='ltr'><strong>factis</strong></span> <span class='ocrx_word' id='word_1_392' title='bbox 1141 5399 1364 5464; x_wconf 89' lang='lat' dir='ltr'><strong>innocentiam</strong></span> <span class='ocrx_word' id='word_1_393' title='bbox 1416 5398 1589 5462; x_wconf 87' lang='lat' dir='ltr'><strong>sententiis</strong></span> <span class='ocrx_word' id='word_1_394' title='bbox 1618 5394 1851 5480; x_wconf 88' lang='lat' dir='ltr'><strong>pronuntiant:</strong></span> <span class='ocrx_word' id='word_1_395' title='bbox 1888 5403 1921 5458; x_wconf 91' lang='lat' dir='ltr'><strong>et</strong></span> <span class='ocrx_word' id='word_1_396' title='bbox 1949 5415 1984 5458; x_wconf 89' lang='lat' dir='ltr'><strong>se</strong></span> <span class='ocrx_word' id='word_1_397' title='bbox 2010 5397 2073 5459; x_wconf 88' lang='lat' dir='ltr'><strong>rite</strong></span> <span class='ocrx_word' id='word_1_398' title='bbox 2100 5395 2288 5476; x_wconf 69' lang='lat' dir='ltr'><strong>perfunctos</strong></span> <span class='ocrx_word' id='word_1_399' title='bbox 2321 5394 2390 5460; x_wconf 90' lang='lat' dir='ltr'><strong>suis</strong></span> 
     </span>
     <span class='ocr_line' id='line_1_32' title="bbox 386 5504 2389 5592; baseline 0.001 -22"><span class='ocrx_word' id='word_1_400' title='bbox 386 5508 469 5584; x_wconf 83' lang='lat' dir='ltr'><strong>lore,</strong></span> <span class='ocrx_word' id='word_1_401' title='bbox 498 5508 525 5573; x_wconf 92' lang='lat' dir='ltr'><strong>si</strong></span> <span class='ocrx_word' id='word_1_402' title='bbox 549 5529 718 5575; x_wconf 87' lang='lat' dir='ltr'><strong>accusasse</strong></span> <span class='ocrx_word' id='word_1_403' title='bbox 740 5508 888 5574; x_wconf 88' lang='lat' dir='ltr'><strong>sufficiat.</strong></span> <span class='ocrx_word' id='word_1_404' title='bbox 934 5505 1024 5572; x_wconf 79' lang='lat' dir='ltr'><strong>Sane</strong></span> <span class='ocrx_word' id='word_1_405' title='bbox 1052 5508 1177 5588; x_wconf 91' lang='lat' dir='ltr'><strong>siquis</strong></span> <span class='ocrx_word' id='word_1_406' title='bbox 1197 5509 1363 5575; x_wconf 86' lang='lat' dir='ltr'><strong>faciendae</strong></span> <span class='ocrx_word' id='word_1_407' title='bbox 1416 5509 1564 5592; x_wconf 86' lang='lat' dir='ltr'><strong>partibus</strong></span> <span class='ocrx_word' id='word_1_408' title='bbox 1591 5513 1725 5588; x_wconf 84' lang='lat' dir='ltr'><strong>putant,</strong></span> <span class='ocrx_word' id='word_1_409' title='bbox 1763 5506 1790 5570; x_wconf 95' lang='lat' dir='ltr'><strong>si</strong></span> <span class='ocrx_word' id='word_1_410' title='bbox 1818 5507 1981 5570; x_wconf 88' lang='lat' dir='ltr'><strong>neminem</strong></span> <span class='ocrx_word' id='word_1_411' title='bbox 2010 5505 2051 5569; x_wconf 87' lang='lat' dir='ltr'><strong>ad</strong></span> <span class='ocrx_word' id='word_1_412' title='bbox 2078 5504 2274 5586; x_wconf 88' lang='lat' dir='ltr'><strong>supplicium</strong></span> <span class='ocrx_word' id='word_1_413' title='bbox 2301 5506 2389 5572; x_wconf 88' lang='lat' dir='ltr'><strong>trahi</strong></span> 
     </span>
     <span class='ocr_line' id='line_1_33' title="bbox 384 5616 2389 5698; baseline 0 -17"><span class='ocrx_word' id='word_1_414' title='bbox 384 5617 529 5683; x_wconf 87' lang='lat' dir='ltr'><strong>invidiae</strong></span> <span class='ocrx_word' id='word_1_415' title='bbox 551 5639 656 5698; x_wconf 86' lang='lat' dir='ltr'><strong>causa,</strong></span> <span class='ocrx_word' id='word_1_416' title='bbox 680 5619 860 5684; x_wconf 90' lang='lat' dir='ltr'><strong>doctrinam</strong></span> <span class='ocrx_word' id='word_1_417' title='bbox 883 5617 978 5696; x_wconf 87' lang='lat' dir='ltr'><strong>bane,</strong></span> <span class='ocrx_word' id='word_1_418' title='bbox 1003 5617 1095 5681; x_wconf 90' lang='lat' dir='ltr'><strong>cuius</strong></span> <span class='ocrx_word' id='word_1_419' title='bbox 1117 5619 1281 5683; x_wconf 88' lang='lat' dir='ltr'><strong>rationem</strong></span> <span class='ocrx_word' id='word_1_420' title='bbox 1302 5621 1363 5685; x_wconf 92' lang='lat' dir='ltr'><strong>tibi</strong></span> <span class='ocrx_word' id='word_1_421' title='bbox 1416 5618 1562 5692; x_wconf 89' lang='lat' dir='ltr'><strong>iubeant,</strong></span> <span class='ocrx_word' id='word_1_422' title='bbox 1589 5617 1654 5680; x_wconf 91' lang='lat' dir='ltr'><strong>nisi</strong></span> <span class='ocrx_word' id='word_1_423' title='bbox 1682 5626 1740 5680; x_wconf 87' lang='lat' dir='ltr'><strong>aut</strong></span> <span class='ocrx_word' id='word_1_424' title='bbox 1760 5639 1819 5682; x_wconf 90' lang='lat' dir='ltr'><strong>sua</strong></span> <span class='ocrx_word' id='word_1_425' title='bbox 1840 5618 2055 5691; x_wconf 85' lang='lat' dir='ltr'><strong>confessione,</strong></span> <span class='ocrx_word' id='word_1_426' title='bbox 2084 5625 2141 5680; x_wconf 90' lang='lat' dir='ltr'><strong>aut</strong></span> <span class='ocrx_word' id='word_1_427' title='bbox 2169 5616 2280 5681; x_wconf 89' lang='lat' dir='ltr'><strong>solidis</strong></span> <span class='ocrx_word' id='word_1_428' title='bbox 2297 5618 2389 5682; x_wconf 87' lang='lat' dir='ltr'><strong>testi·</strong></span> 
     </span>
    </p>
   </div>
   <div class='ocr_carea' id='block_1_3' title="bbox 0 0 2804 6808">
    <p class='ocr_par' dir='ltr' id='par_1_3' title="bbox 0 0 2804 6808">
     <span class='ocr_line' id='line_1_34' title="bbox 0 0 2804 6808; baseline 0 0"><span class='ocrx_word' id='word_1_429' title='bbox 0 0 2804 6808; x_wconf 95' lang='lat' dir='ltr'><strong> </strong></span> 
     </span>
    </p>
   </div>
  </div>
 </body>
</html>
