5600 6809
391 771 473 850 101'1
625 780 628 784 ’
844 852 849 864 ‚
1032 773 1299 844 1111111110
1314 775 1420 841 Rea.
1442 773 1623 841 11111111.
1648 777 1740 842 1511.
2314 778 2407 841 1111
2440 802 2451 817 ·

395 978 496 1035 retur.
543 967 636 1032 Hanc
658 967 741 1031 enim
757 965 942 1049 palinodiae
961 965 1132 1046 tumulum
1159 965 1286 1029 dictauit
1308 963 1370 1029 Be·
1424 969 1477 1042 est,
1499 963 1557 1027 sub
1578 964 1677 1045 specie
1687 965 1796 1043 panis,
1816 964 1903 1045 sacta
1919 965 2149 1043 consecratione,
2171 965 2266 1029 latere
2283 971 2311 1029 et
2332 986 2404 1047 ope-

395 1055 539 1137 renpario
561 1052 714 1118 Nicotaus
730 1073 830 1135 papa,
853 1072 933 1131 qnae
947 1051 1155 1132 poenitentiae
1172 1052 1258 1114 testis
1277 1050 1372 1131 foret:
1423 1050 1495 1114 riri.
1540 1048 1594 1113 Ita
1614 1048 1704 1114 illius
1719 1050 1820 1129 panes
1843 1049 1948 1132 fipura
1975 1049 2057 1113 nibil
2077 1050 2167 1114 atiud
2188 1072 2284 1132 quam
2305 1051 2404 1116 larua

395 1140 497 1205 111111
518 1139 632 1204 scilicet
652 1159 785 1219 eousque
800 1137 1003 1219 prodipicsis,
1025 1142 1059 1200 ut
1073 1137 1196 1219 ptossae
1212 1141 1303 1199 autor
1320 1156 1371 1199 ea·
1424 1139 1481 1213 est,
1518 1155 1596 1216 quae
1620 1136 1727 1199 carnis
1752 1140 1944 1215 cmupectum
1971 1135 2096 1216 auferat
2129 1136 2234 1200 ocutis.
2281 1137 2404 1219 Neque

396 1225 519 1304 clama,
546 1225 726 1306 periculum
760 1245 839 1301 esse,
873 1223 938 1287 nisi
959 1223 1132 1302 prudenter
1157 1222 1219 1287 sibi
1246 1226 1373 1286 caveant
1424 1241 1502 1285 vero
1523 1220 1637 1285 multis
1659 1221 1852 1286 coniecturis
1873 1242 1955 1303 opus
1978 1230 2035 1297 est,
2058 1229 2096 1285 ut
2113 1221 2405 1304 deprehendamus

396 1312 528 1390 11111111,
550 1332 590 1375 ne
611 1310 755 1375 haeresin
775 1309 847 1373 inde
866 1307 1018 1372 hauriant
1033 1309 1173 1390 peiorem
1191 1327 1287 1388 quam
1305 1307 1372 1388 sue-
1425 1327 1505 1389 quas
1533 1306 1605 1370 istis
1631 1307 1739 1372 verbis
1764 1306 1900 1371 insidias
1928 1307 2061 1372 tendere
2088 1308 2266 1386 voluerint,
2293 1329 2404 1390 quum

396 1399 440 1463 rit
461 1397 662 1479 Berenparii.
677 1398 700 1480 ¹)
739 1395 850 1459 Petrus
871 1414 942 1457 nero
964 1392 1169 1472 lanbertus,
1191 1394 1248 1457 etsi
1269 1393 1305 1456 in
1322 1413 1373 1457 ee·
1424 1414 1477 1457 111
1499 1393 1571 1474 ipsa
1592 1392 1679 1457 clare
1700 1392 1861 1474 loquatur.
1901 1392 2035 1472 Quanta
2056 1394 2145 1457 enim
2167 1394 2405 1475 superstitione

396 1485 538 1550 cusancia
557 1482 748 1547 absurditate
768 1481 898 1544 multum
923 1479 1056 1557 laborat,
1078 1480 1181 1561 mapsa
1202 1483 1304 1543 tamen
1324 1479 1373 1542 in
1424 1479 1490 1542 iam
1518 1477 1656 1543 saeculis
1679 1477 1811 1560 aliquot,
1833 1498 1901 1542 non
1923 1486 2052 1542 tantum
2075 1479 2245 1543 hominum
2267 1480 2404 1562 vulgus,
2504 1540 2507 1545 .

397 1570 493 1636 clinnt
511 1570 546 1632 in
575 1569 729 1632 dicusom
755 1567 943 1630 sententiam.
988 1562 1160 1647 Siquidem
1180 1571 1219 1628 ut
1239 1563 1372 1628 finitum
1425 1562 1482 1628 sed
1510 1565 1669 1645 primores
1692 1584 1823 1646 ¹quoque
1849 1565 1911 1646 ipsi
1930 1564 2054 1628 detenti
2075 1565 2212 1643 fuerint,
2241 1585 2279 1630 ac
2300 1564 2406 1629 hodie

397 1677 478 1734 esse,
500 1676 560 1738 pro
582 1659 740 1735 perpetua
757 1651 901 1733 corporis
918 1651 1057 1715 humani
1077 1650 1213 1729 ratione,
1235 1649 1372 1713 minime
1424 1650 1460 1713 in
1486 1649 1651 1731 papisticis
1679 1648 1822 1713 ecclesiis
1846 1649 2062 1728 detineantur,
2084 1651 2196 1715 videro
2218 1658 2277 1714 est.
2311 1650 2405 1714 Nam

397 1741 603 1824 ambigimus,
627 1737 778 1818 coeloque
801 1736 972 1816 contineri,
995 1758 1058 1819 quo
1080 1736 1186 1801 semel.
1203 1742 1373 1816 receptum
1425 1733 1465 1799 de
1487 1756 1566 1799 vcra
1587 1734 1651 1798 fide
1673 1755 1790 1816 parum
1812 1735 1956 1813 solliciti,
1986 1757 2050 1818 qua
2071 1736 2140 1801 sola
2161 1743 2195 1800 et
2214 1737 2250 1799 in
2273 1735 2406 1800 Christi

398 1836 456 1905 est,
479 1827 579 1890 donec
601 1823 642 1888 ad
660 1822 817 1887 iudicium
838 1821 969 1888 redeat:
992 1823 1040 1886 ita
1057 1820 1118 1886 sub
1135 1821 1215 1886 hacc
1237 1841 1372 1903 corrup-
1424 1821 1633 1903 pervenimus
1667 1821 1870 1899 societatem,
1905 1826 1938 1885 et
1972 1841 2047 1885 cum
2080 1822 2150 1904 ipso
2177 1821 2404 1899 cohaeremus,

399 1912 504 1975 tibilia
531 1910 692 1973 elementa
713 1908 882 1972 retrahere
904 1909 1030 1989 ipsum,
1058 1915 1116 1971 aut
1137 1907 1257 1989 ubique
1277 1926 1371 1989 prae-
1425 1905 1520 1970 modo
1550 1905 1716 1971 carnalem
1748 1908 1817 1971 eius
1849 1909 2070 1988 praesentiam
2101 1906 2260 1986 habeant,
2301 1927 2405 1990 quam

399 2019 475 2063 sens
496 1995 678 2078 imaginari,
701 2015 834 2077 prorsus
857 1992 1006 2058 ducimus
1029 1993 1121 2057 nefas
1143 2013 1222 2057 esse.
1257 1991 1373 2073 Neque
1426 1992 1514 2065 ultra
1534 1991 1672 2056 verbum
1686 1990 1711 2075 ¹)
1733 1991 1948 2071 fabricarunt,
1976 1994 2056 2057 satis
2077 1992 2171 2056 illum
2192 2001 2405 2076 praesentem

371 2083 432 2155 ,111
454 2104 533 2147 sanc
553 2102 634 2163 opus
652 2088 710 2158 est,
734 2102 796 2162 quo
814 2080 917 2161 ipsius
939 2079 1188 2162 participatione
1210 2078 1372 2155 huamur3
1426 2076 1547 2142 habero
1568 2098 1603 2142 se
1630 2083 1756 2160 putant.
1800 2078 1944 2142 Proinde
1972 2079 2034 2142 hoc
2062 2079 2096 2142 in
2125 2100 2253 2143 summa
2275 2079 2405 2161 profec-

398 2168 527 2252 quando
555 2167 617 2231 hoc
638 2166 789 2231 beneficii
810 2185 870 2246 per
892 2165 1045 2247 spiritum
1068 2185 1166 2228 suum
1187 2163 1281 2227 nobis
1304 2162 1372 2226 Do·
1426 2172 1497 2227 tum
1519 2162 1668 2228 ridemus
1690 2163 1754 2227 ista
1770 2165 1941 2247 ingeniosa
1958 2164 2148 2243 subtilitate,
2171 2173 2206 2228 ut
2228 2165 2324 2247 panis
2343 2186 2405 2247 pro

396 2256 507 2319 minus
528 2252 684 2336 largitur,
715 2259 752 2314 ut
774 2271 878 2314 unum
900 2270 1043 2332 corpore,
1067 2250 1186 2332 spiritu
1209 2249 1374 2312 stenima
1424 2248 1497 2314 Deo
1518 2248 1702 2313 haberetur.
1710 2249 1740 2332 2)

398 2362 508 2406 secum
538 2341 664 2403 fiamus.
709 2337 889 2400 Vinculum
911 2357 988 2419 ergo
1015 2336 1113 2399 istius
1135 2334 1373 2400 coniunctionis
1514 2339 1561 2398 14.
1606 2334 1692 2399 Hinc
1708 2335 1833 2416 prodiit
1858 2334 1971 2414 fictitia
1998 2336 2059 2401 illa
2080 2335 2405 2414 transsubstantiatio,

397 2433 449 2491 est
470 2426 604 2508 spiritus
626 2422 760 2500 Christi,
790 2422 883 2486 cuius
903 2443 991 2486 nexu
1013 2421 1219 2503 copulamur;
1246 2428 1280 2484 et
1301 2419 1372 2503 qui-
1420 2441 1483 2502 pro
1510 2441 1573 2501 qua
1600 2420 1689 2484 bodie
1717 2422 1824 2484 aerius
1851 2423 2030 2505 depannant
2055 2442 2151 2502 quam
2171 2442 2231 2502 pro
2257 2421 2407 2486 omnibus

398 2511 474 2575 dam
509 2510 612 2574 veluti
640 2509 776 2587 canalis,
811 2528 870 2590 per
903 2527 1001 2588 quem
1029 2505 1188 2589 quidquid
1218 2505 1373 2570 Christus
1427 2505 1503 2571 aliis
1531 2505 1607 2586 fidei
1633 2527 1711 2570 suae
1735 2506 1897 2586 capitibus.
1948 2508 2057 2588 Neque
2084 2509 2166 2572 enim
2193 2528 2225 2571 11
2252 2509 2407 2586 expedire

397 2597 468 2680 ipse
490 2604 524 2659 11
546 2602 596 2659 111
618 2601 651 2658 11
673 2595 781 2672 habet,
804 2592 845 2657 ad
864 2614 923 2656 nos
946 2592 1122 2657 derivatur.
1166 2591 1253 2654 Nam
1270 2591 1299 2655 si
1321 2610 1373 2655 so·
1420 2593 1524 2673 primi
1547 2591 1655 2656 locatis
1670 2592 1871 2673 praesentiae
1892 2592 2050 2658 architecti
2065 2597 2223 2675 poterant,
2250 2593 2405 2673 ammodo

397 2682 465 2747 lem
499 2681 716 2762 conspicimus
752 2677 852 2744 radiis
878 2679 915 2740 in
941 2687 1064 2742 terram
1092 2677 1300 2755 emicantem,
1331 2675 1373 2741 ad
1429 2675 1548 2742 Christi
1580 2697 1693 2758 corpus
1718 2677 1820 2756 panis
1851 2677 2043 2743 substantiae
2068 2677 2283 2827 permixtus?
2312 2678 2404 2759 foret,

399 2767 612 2852 generandos,
636 2763 806 2843 fovendos,
837 2763 1035 2845 vegetandae
1058 2763 1129 2827 eius
1150 2763 1256 2826 foetus
1278 2783 1374 2826 suam
1426 2763 1504 2843 quin
1526 2763 1676 2843 protinus
1698 2769 1889 2827 occurrerent
1916 2765 2016 2829 muta
2045 2764 2193 2829 absurda.
2274 2785 2330 2846 rpo
2360 2765 2405 2828 cd

398 2851 636 2936 quodammodo
658 2849 875 2915 substantiam
898 2849 940 2913 ad
960 2871 1032 2914 eam
1054 2849 1218 2912 traiiome:
1242 2869 1301 2913 cur
1321 2849 1374 2910 in·
1426 2848 1481 2912 boc
1494 2848 1673 2930 fiprnemum
1690 2849 1849 2931 confupere
1865 2869 1984 2914 necesse
1998 2851 2071 2932 suit,
2088 2850 2160 2931 fieri
2177 2850 2404 2914 cmcersionem

397 2939 496 3003 ferior
513 2937 647 3021 spiritus
666 2934 792 3001 Christi
809 2941 895 2999 esset
914 2934 1090 3012 irradiatio,
1115 2933 1156 2998 ad
1173 2935 1374 2998 communio-
1421 2935 1521 3016 panis
1548 2935 1583 2998 in
1608 2954 1734 3015 carpus:
1767 2955 1828 2998 non
1854 2936 1935 3015 quod
1956 2937 2089 3017 proprie
2115 2956 2153 3000 ec
2173 2957 2260 3015 parce
2288 2955 2405 3016 corpus

397 3045 474 3088 nem
501 3024 609 3088 carnis
631 3028 665 3086 ct
687 3021 857 3105 sanguinis
881 3020 951 3084 eius
977 3022 1012 3084 in
1034 3041 1095 3085 nos
1116 3017 1372 3083 traducendam?
1423 3020 1489 3101 fiat,
1511 3021 1565 3084 sed
1591 3020 1668 3101 quia
1693 3019 1847 3097 Gloriatur,
1868 3026 1903 3084 ut
1921 3021 1978 3085 sub
1997 3021 2103 3104 fipura
2124 3042 2157 3086 se
2178 3021 2309 3099 occultd,
2331 3020 2407 3085 sub-

398 3108 606 3190 Quaproptcr
634 3107 812 3189 scriptura,
840 3107 896 3171 ubi
925 3104 965 3170 de
995 3113 1107 3170 nostra
1135 3126 1211 3170 cum
1240 3104 1373 3169 Christo
1426 3107 1574 3170 stantiam
1610 3106 1644 3169 in
1671 3105 1815 3183 ¹nibilum
1840 3107 1962 3189 redipit.
2013 3107 2140 3171 Mirum
2167 3112 2269 3171 autem
2297 3111 2342 3170 est
2368 3126 2404 3169 eo

397 3194 647 3276 participatione
669 3193 823 3275 loquitur,
846 3193 914 3256 rim
936 3193 1006 3255 eius
1028 3192 1217 3256 universam
1244 3191 1285 3254 ad
1307 3191 1373 3273 spi·
1426 3191 1570 3256 inscitiae
1590 3192 1653 3255 imo
1673 3193 1812 3272 stuporis
1831 3192 1933 3273 fuisse
1947 3192 2131 3274 prolapsos,
2157 3198 2191 3256 ut
2217 3213 2278 3257 non
2301 3191 2405 3257 solum

398 3281 501 3345 ritum
529 3281 636 3344 refert
681 3279 748 3342 Pro
774 3277 887 3341 multis
915 3284 1026 3340 tamen
1054 3299 1139 3341 unus
1165 3276 1254 3342 loeus
1283 3277 1374 3340 suffi-
1425 3282 1614 3360 repupnante
1640 3278 1812 3357 scriptura,
1840 3279 1895 3342 sed
1923 3279 2016 3341 etiam
2037 3281 2149 3342 uetans
2170 3279 2311 3344 ecciesiae
2332 3298 2406 3343 cori·

398 3367 470 3432 ciet.
525 3365 650 3430 Paulus
692 3365 780 3426 enim
813 3362 855 3426 ad
888 3362 1075 3439 Romanos,
1110 3363 1215 3445 capite
1249 3369 1372 3440 octavo,
1426 3383 1528 3442 sensu,
1549 3367 1721 3426 monstrum
1741 3363 1821 3427 illud
1842 3365 1877 3427 in
1903 3364 2041 3428 rudium
2056 3365 2239 3446 proferrent.
2285 3363 2405 3428 Fateor

399 3451 570 3517 Christum
604 3470 671 3513 non
700 3448 795 3511 ahter
823 3449 860 3509 in
886 3445 980 3511 nobis
1008 3467 1107 3528 quam
1135 3469 1194 3528 per
1222 3449 1374 3529 spiritum
1426 3449 1551 3528 quidem
1576 3448 1741 3513 nonnullos
1767 3453 1901 3513 cderum
1928 3451 2135 3514 omousianis
2155 3470 2222 3514 noce
2242 3450 2404 3514 interdum

398 3558 495 3603 suum
522 3535 672 3600 habitare
701 3531 845 3597 disserit:
875 3552 939 3615 quo
967 3540 1080 3595 tamen
1107 3531 1212 3610 illam,
1242 3530 1281 3595 de
1310 3553 1374 3615 qua
1424 3534 1527 3615 fuisse
1547 3554 1637 3598 usas:
1664 3555 1724 3597 non
1751 3535 1832 3615 quad
1859 3535 1978 3600 abolere
1997 3535 2105 3600 cedent
2126 3538 2161 3599 in
2182 3536 2316 3599 catanis
2337 3537 2405 3618 sip·

398 3645 486 3688 nunc
514 3640 620 3687 sermo
648 3625 698 3684 est
719 3619 827 3683 carnis
854 3626 887 3683 11
913 3618 1083 3700 sanguinis
1112 3617 1374 3682 communionem
1425 3621 1478 3683 nis
1498 3620 1719 3699 substantiam,
1746 3621 1800 3684 sed
1820 3625 1856 3684 ut
1876 3622 2015 3686 docuerat
2035 3641 2154 3702 ponem
2180 3621 2324 3703 mysterio
2352 3621 2405 3686 di-

398 3728 466 3770 non
493 3708 593 3784 tollit,
623 3705 681 3770 sed
708 3704 749 3769 ab
776 3725 843 3768 uno
871 3704 992 3787 spiritu
1021 3701 1107 3770 effici
1128 3703 1236 3783 docet,
1265 3711 1303 3768 ut
1324 3711 1373 3767 to·
1426 3710 1528 3768 catum
1557 3705 1642 3788 lonae
1675 3727 1696 3770 a
1722 3706 1847 3788 culpari
1874 3707 2010 3785 distare,
2044 3727 2081 3770 ac
2107 3708 2173 3770 iam
2197 3707 2298 3770 olium
2325 3727 2402 3770 1111.

397 3799 470 3855 tum
499 3791 672 3856 Christum
701 3788 923 3874 possideamus
951 3795 985 3854 et
1009 3790 1190 3855 habeamus
1216 3791 1253 3853 in
1280 3789 1373 3855 nobis
1434 3790 1556 3871 Ubique
1577 3796 1681 3855 autem
1699 3792 1782 3856 darc
1797 3792 1984 3873 praedicant
2004 3813 2115 3871 omnes,
2136 3813 2260 3857 samam
2276 3812 2404 3856 1111111111
2494 3826 2500 3837 =

398 3883 597 3940 manentem.
1426 3876 1549 3941 duabus
1564 3877 1710 3958 partibus
1731 3883 1878 3955 condere,
1899 3884 2022 3942 umens
2042 3883 2068 3943 et
2089 3878 2222 3956 coetesti3
2250 3899 2287 3942 ac
2308 3883 2404 3943 terre·

489 3966 536 4025 13.
589 3961 798 4027 Verecundius
822 3961 1015 4041 Scholastici,
1037 3982 1114 4042 quos
1135 3965 1200 4026 tam
1222 3960 1375 4026 barbarae
1426 3983 1501 4026 nam
1520 3963 1588 4026 11111
1607 3964 1810 4027 controuersia
1835 3964 2076 4044 interpretantur
2095 3985 2213 4045 panem
2235 3970 2262 4028 et
2282 3965 2402 4028 vinum.

399 4046 570 4129 impietatis
587 4047 697 4113 norror
714 4048 824 4129 tenui-t,·
840 4047 922 4112 nibil
939 4053 1038 4113 tamen
1056 4048 1123 4130 ipsi
1141 4069 1258 4130 quoque
1280 4067 1374 4129 quam
1429 4046 1515 4113 Certe
1536 4048 1688 4129 quidquid
1706 4050 1866 4132 parrioni,
1895 4050 2069 4115 vetustatis
2090 4050 2268 4132 patrocinio
2277 4051 2289 4128 ,'
2313 4049 2402 4132 quod

399 4133 613 4199 albidioribus
625 4134 812 4216 praestipiis
833 4133 951 4199 ludunt.
987 4134 1064 4197 Non
1086 4133 1372 4216 circumscriptive,
1426 4132 1567 4199 evidenti
1589 4134 1655 4198 Dei
1676 4134 1776 4199 verbo
1798 4156 1894 4217 saepe
1916 4155 2078 4218 opponere
2101 4136 2237 4213 audent,
2263 4136 2298 4199 in
2320 4155 2399 4200 eon-

399 4239 461 4283 nec
483 4220 644 4302 corporali
670 4218 766 4283 modo
787 4219 949 4284 contineri
975 4219 1043 4284 illic
1065 4217 1239 4284 Christum
1261 4239 1374 4284 conce·
1425 4218 1586 4284 firmando
1608 4219 1671 4285 isto
1689 4220 1840 4304 dogmate
1858 4220 1991 4286 destitui
2006 4221 2121 4302 potam
2139 4227 2191 4286 est.
2224 4221 2292 4285 Nec
2308 4219 2399 4284 enim

400 4303 484 4369 dunt
490 4330 498 4385 ;
520 4306 582 4370 sed
610 4307 770 4370 rationem
799 4302 916 4369 deinde
939 4305 1247 4384 comminiscuntur,
1275 4325 1373 4387 quam
1426 4306 1473 4370 ita
1495 4305 1622 4389 pridem
1642 4308 1862 4390 excogitatum
1884 4307 1956 4385 fuit,
1979 4308 2166 4390 ignoratum
2192 4307 2313 4388 quidun
2332 4326 2402 4369 non

398 4411 460 4456 nec
492 4391 556 4475 ipsi
589 4391 801 4474 intelligimt,
834 4410 895 4454 nee
926 4390 998 4454 aliis
1029 4398 1168 4472 possunt
1200 4390 1372 4473 exphcare,
1425 4390 1613 4455 melioribus
1634 4391 1700 4457 illis
1722 4393 1861 4458 saeculis
1881 4394 1984 4472 modo,
2013 4392 2130 4475 quibus
2159 4394 2268 4474 purior
2288 4389 2401 4455 adhuc

400 4496 484 4559 quae
506 4485 617 4541 tamen
635 4498 673 4541 eo
701 4474 832 4553 recidit,
859 4483 899 4539 ut
920 4475 1072 4540 Christus
1094 4476 1130 4540 in
1151 4476 1258 4559 specio
1278 4476 1374 4559 panis
1426 4477 1559 4560 vigebat
1579 4477 1746 4561 religionis
1769 4478 1931 4557 doctrina3
1953 4480 2007 4544 sed
2028 4498 2124 4560 quum
2143 4481 2210 4542 iam
2231 4477 2400 4542 admodum

400 4581 497 4644 quam
524 4569 643 4629 vocant
670 4568 857 4646 quaeratur.
906 4559 996 4642 Quid
1023 4559 1133 4624 enim?
1170 4583 1270 4643 quum
1297 4562 1373 4626 sub·
1426 4563 1592 4643 inquinata
1614 4569 1690 4628 esset
1711 4564 1769 4629 illa
1784 4566 1924 4643 puritas.
1967 4564 2071 4628 Nemo
2099 4571 2150 4628 111
2172 4572 2319 4629 veterum
2341 4563 2400 4646 qui

399 4648 555 4713 stantiam
577 4649 672 4732 panis
693 4649 731 4712 in
752 4647 925 4713 Christum
947 4646 1093 4713 converti
1115 4644 1237 4724 dicunt,
1261 4667 1372 4710 annon
1426 4668 1518 4713 sacra
1546 4670 1664 4714 coenae
1691 4649 1840 4733 symbola
1867 4671 1933 4714 non
1961 4651 2103 4713 fateatur
2130 4650 2260 4715 disertis
2289 4649 2399 4715 verbis

399 4733 540 4817 affigimt
561 4733 719 4815 albedini,
741 4755 838 4818 quam
860 4732 928 4798 illic
956 4732 1114 4813 reliquam
1136 4731 1282 4797 faciunt?
1327 4733 1374 4796 At
1425 4754 1545 4816 panem
1562 4741 1596 4797 ct
1617 4735 1733 4798 vinum
1751 4755 1836 4813 essc;
1858 4736 1928 4812 etsi,
1951 4740 1986 4798 ut
2001 4735 2118 4799 dictum
2135 4741 2186 4813 est,
2209 4737 2309 4801 variis
2330 4736 2401 4816 epi-

399 4818 447 4882 sic
480 4819 664 4883 continetur
689 4821 724 4883 in
753 4824 956 4885 sacramento
983 4824 1021 4880 ut
1048 4817 1083 4880 in
1111 4817 1199 4882 coelo
1231 4824 1371 4895 maneat,
1425 4818 1526 4883 thetis
1547 4819 1605 4882 illa
1625 4818 1792 4882 interdum
1814 4819 2013 4902 insigniunt,
2043 4821 2085 4884 ad
2106 4821 2401 4886 commendandam

397 4903 567 4987 inquiunt;
594 4925 655 4969 nec
684 4904 783 4969 aliam
810 4926 909 4987 quam
930 4902 1132 4969 habitudinis
1153 4903 1373 4984 praesentiam
1425 4903 1574 4987 mysterii
1601 4903 1801 4987 dignitatem.
1846 4905 1932 4968 Nam
1962 4904 2047 4988 quod
2069 4907 2194 4984 dicunt,
2221 4908 2256 4971 in
2284 4903 2412 4972 conse-'

399 4989 583 5053 statuimus.
627 4990 754 5053 Verum
780 5012 991 5073 quaecunque
1013 4987 1161 5053 faciendo
1182 4988 1255 5052 fuco
1277 5007 1372 5053 voca·
1423 4989 1838 5079 Ι(11·1111111111111111111111
1866 4992 2127 5073 conversionem,
2157 5001 2193 5058 ut
2221 4993 2287 5057 iam
2309 4991 2403 5056 aliud

399 5073 479 5139 bula
499 5073 686 5153 obtendant,
708 5075 761 5140 hic
783 5077 930 5140 omnium
946 5076 1022 5140 finis
1043 5081 1102 5152 est,
1123 5094 1183 5156 per
1204 5093 1372 5139 consecra·
1426 5075 1468 5139 sit
1493 5094 1591 5156 quam
1616 5075 1711 5158 panis
1741 5082 1775 5139 et
1795 5076 1925 5155 vinum,
1954 5099 2059 5160 nuper
2087 5079 2239 5144 admonui
2266 5099 2304 5141 eo
2331 5098 2401 5142 non

401 5159 524 5223 tionem
556 5157 728 5224 Christum
760 5162 831 5225 fieri
863 5161 918 5243 qui
951 5166 1047 5225 antea
1079 5160 1175 5243 panis
1207 5165 1297 5237 erat,
1335 5167 1374 5222 ut
1425 5159 1619 5242 significare,
1637 5160 1837 5243 innihilum
1850 5164 1921 5245 ipsa
1939 5163 2051 5248 redigi,
2076 5165 2133 5230 sed
2154 5166 2220 5229 iam
2242 5164 2306 5229 alio
2327 5163 2403 5229 looo

332 5257 335 5261 ’
402 5243 519 5309 deinde
547 5245 606 5311 sub
628 5244 687 5308 illo
710 5246 804 5326 panis
826 5246 931 5311 colore
953 5246 1053 5310 lateat
1075 5245 1238 5311 Christus.
1286 5244 1374 5325 Quod

402 5332 495 5395 etiam
522 5329 635 5395 diserte
661 5331 836 5415 exprimere
864 5352 913 5397 eos
942 5352 1004 5396 non
1024 5332 1132 5413 pudet.
1184 5330 1266 5395 Sunt
1290 5331 1372 5394 enim

402 5414 575 5480 Lauinii
594 5415 733 5500 catast)
754 5435 865 5497 umas
888 5416 1013 5496 Obruit,
1035 5416 1117 5499 quaa
1143 5415 1374 5482 1111111111
1494 5415 1626 5473 111111
1649 5417 1724 5499 1511.
1740 5415 1818 5499 1111..
1837 5417 1912 5474 uss.
1965 5419 2402 5501 ,1)11111111111111-

1426 5491 1472 5538 tor
1530 5486 1682 5541 accedentis
1698 5487 1827 5541 editionis
1845 5495 1922 5570 111111
1944 5489 1990 5569 (111
2013 5489 2035 5555 ξ
2054 5488 2111 5553 21).
2151 5488 2228 5558 Quae
2244 5494 2401 5573 1111111111·

547 5690 552 5701 ,
636 5642 638 5646 -
908 5689 913 5700 ¹
1105 5690 1111 5701 ,
1329 5626 1335 5650 2
1427 5554 1468 5674 ii:
1486 5552 1573 5691 1111.
1581 5553 1765 5678 attins?
1782 5557 2402 5695 timenutensium

471 5687 502 5758 l)
523 5690 588 5742 11111.
607 5687 632 5742 2.
650 5706 672 5742 c.
690 5687 749 5759 Ego
767 5690 955 5758 Bercngarius.
1031 5687 1199 5756 2)L1br.4.
1219 5686 1349 5743 1111112.
1428 5688 1538 5746 166711
1559 5691 1634 5747 stol.
1651 5693 1725 5764 quod
1741 5695 1852 5749 omnum
1864 5694 2083 5764 morimundum.
