5600 6809
402 735 460 796 nu
776 730 865 794 nra
889 688 914 795 0.
959 731 1022 795 00
1046 728 1333 796 0000000000
1355 733 1439 797 mu
1461 731 1735 800 cananaeis.
1780 731 1879 798 one.
1902 731 2016 797 xvn.
2336 736 2397 796 na

396 919 560 985 efficacius
577 925 627 983 est
646 920 714 983 irae
735 926 832 1000 atque
851 918 1072 999 impatientiae
1093 915 1282 996 remedium,
1303 939 1371 982 non
1422 930 1536 983 curare
1558 918 1736 996 debuisset,
1759 919 1966 1002 negligenter
1987 921 2154 996 tractavit,
2176 920 2306 983 tametsi
2329 941 2397 984 non

395 1025 513 1088 parmn
541 1012 629 1069 certe
657 1005 792 1086 profecit
818 1005 874 1085 qui
900 1005 964 1068 Dei
993 1002 1230 1085 providentiam
1258 1001 1371 1068 didicit
1422 1005 1586 1087 ignorabit
1612 1004 1653 1067 ad
1679 1005 1856 1068 terminum
1884 1005 2071 1086 pervenisse
2098 1027 2192 1087 quem
2216 1007 2396 1086 praeterire

395 1090 433 1156 in
454 1091 517 1156 hac
537 1097 632 1173 parte
653 1087 813 1166 meditari,
837 1099 874 1153 ut
894 1089 996 1171 possit
1017 1110 1056 1152 ec
1077 1099 1221 1153 mentem
1243 1110 1371 1171 semper
1422 1110 1488 1153 non
1515 1097 1656 1172 poterat,
1684 1097 1855 1171 peecatum
1882 1099 1993 1153 tamen
2020 1112 2115 1155 suum
2144 1089 2220 1154 inde
2241 1113 2309 1157 non
2330 1092 2396 1156 ele-

395 1197 563 1241 revocare:
592 1175 756 1240 Dominus
778 1175 894 1253 voluit,
924 1174 997 1240 ideo
1019 1173 1190 1239 ferendum
1213 1183 1275 1252 est;
1303 1196 1369 1238 non
1423 1175 1527 1254 vabit;
1551 1175 1609 1239 sed
1631 1175 1706 1255 quia
1724 1196 1790 1238 non
1808 1183 1858 1239 est
1876 1173 2048 1240 defunctus
2066 1197 2144 1259 erga
2164 1198 2238 1240 eum
2255 1177 2396 1241 fideliter

395 1260 494 1327 modo
521 1262 598 1344 quia
624 1261 778 1325 reluctari
805 1282 870 1325 non
897 1260 988 1337 licet,
1017 1260 1074 1325 sed
1096 1261 1173 1342 quia
1193 1260 1277 1323 nihil
1301 1260 1371 1323 vult
1424 1281 1481 1325 suo
1498 1281 1643 1336 munere,
1665 1259 1800 1341 perinde
1822 1262 1957 1342 accipiet
1978 1280 2015 1324 ac
2037 1262 2064 1326 si
2083 1261 2300 1345 negligentiae
2318 1283 2396 1327 suae

352 1396 357 1400 -
396 1347 463 1413 nisi
491 1347 578 1430 quod
606 1355 640 1410 et
665 1347 786 1410 iustum
814 1347 857 1410 sit
885 1356 918 1411 et
942 1345 1102 1428 expediat
1153 1344 1283 1409 Sumam
1311 1345 1370 1410 buc
1423 1346 1519 1428 culpa
1547 1346 1704 1428 periisset
1749 1345 1856 1410 Multo
1888 1347 2012 1424 minus,
2047 1348 2101 1412 ubi
2129 1348 2165 1410 in
2194 1346 2396 1430 designando

396 1434 478 1498 redit
498 1438 533 1497 ut
553 1433 668 1497 iniuste
687 1431 726 1495 ab
745 1431 921 1495 bominibus
938 1433 1025 1510 laesi,
1048 1433 1165 1495 omissa
1187 1452 1292 1495 eorum
1312 1432 1370 1494 im·
1423 1431 1475 1495 vel
1499 1431 1670 1496 homicidio
1692 1430 1744 1495 vel
1762 1432 1849 1495 furto
1871 1432 1961 1496 fraus
1979 1439 2013 1496 et
2029 1446 2185 1514 concepta
2202 1434 2309 1496 animo
2326 1454 2396 1496 ma-

390 1518 547 1601 probitate
568 1520 662 1601 (quoe
682 1517 763 1582 nibil
784 1538 878 1597 mam
899 1518 1032 1582 (1010000
1052 1521 1190 1581 noenum
1207 1536 1370 1598 00000000-
1423 1517 1493 1580 htia
1513 1517 1747 1592 intercesserit,
1777 1536 1848 1580 eam
1877 1517 2045 1583 excusabit
2071 1518 2131 1582 sub
2152 1524 2326 1600 praetextu
2347 1517 2396 1581 di·

396 1610 450 1680 ret,
468 1605 649 1684 animosque
667 1608 787 1667 amaret
803 1603 847 1667 ad
862 1601 1057 1687 vindictam),
1075 1603 1307 1666 meminerimus
1329 1601 1370 1665 ad
1423 1603 1521 1668 vinae
1543 1599 1778 1684 providentiam
1806 1602 1918 1666 sedin
1940 1603 2052 1668 eodem
2074 1603 2231 1681 facinore,
2260 1604 2325 1667 Dei
2347 1605 2397 1666 iu-

397 1690 503 1756 Deum
535 1689 746 1766 conscendam,
779 1709 816 1752 ac
842 1709 905 1769 pro
933 1693 1009 1752 certo
1042 1693 1175 1752 statuere
1201 1688 1370 1766 dismmus,
1423 1688 1556 1766 stitiam,
1580 1686 1721 1752 hominis
1739 1688 1928 1769 nequitiam,
1951 1698 1989 1753 ut
2011 1709 2045 1754 se
2066 1696 2205 1770 unaque
2226 1689 2398 1752 marrifeste

397 1777 484 1841 insto
515 1775 583 1839 eius
612 1775 840 1855 dispensatiore
864 1774 965 1854 fuisse
991 1775 1232 1854 ctpermissum
1258 1778 1286 1837 et
1313 1775 1370 1837 im·
1400 1772 1546 1855 prodit,
1581 1773 1733 1837 distincte
1766 1775 2045 1856 contemplabitur.
2096 1775 2137 1838 In
2166 1775 2286 1838 futuris
2319 1795 2397 1838 vero
2475 1840 2481 1855 ,

397 1863 531 1926 mnsam
546 1859 700 1941 quidquid
716 1859 814 1924 bostis
833 1860 975 1924 mimate
991 1860 1026 1922 in
1042 1880 1099 1924 nos
1116 1859 1252 1923 admisit.
1284 1858 1371 1922 Pau·
1422 1859 1641 1941 potissimum,
1669 1858 1859 1922 inferiorum
1886 1860 2071 1924 huiusmodi
2100 1881 2272 1925 causarum
2296 1860 2397 1923 ratio-

397 1948 458 2025 ins,
479 1951 515 2010 nt
534 1966 557 2009 a
577 1945 762 2011 retaticndis
781 1945 915 2009 iniuriis
935 1965 992 2009 nos
1008 1949 1182 2026 commanet,
1199 1945 1372 2024 prudenter
1423 1966 1499 2008 nem
1522 1943 1662 2008 habebit.
1706 1944 1794 2007 Nam
1816 1945 1904 2009 iuter
1925 1946 2061 2010 Domini
2085 1945 2322 2011 benedictiones
2344 1966 2396 2008 re·

399 2033 540 2098 01100101
556 2029 656 2116 (Eph.
675 2036 703 2109 6,
719 2030 781 2111 12),
800 2030 886 2094 nobis
902 2051 964 2094 non
981 2050 1045 2094 esse
1061 2032 1175 2095 iudam
1192 2051 1262 2094 mm
1278 2051 1371 2094 carne
1422 2036 1536 2112 ponet,
1561 2030 1589 2093 si
1606 2050 1675 2092 non
1697 2029 1892 2094 destituetur
1913 2031 2065 2096 subsidiis
2087 2033 2255 2108 humanis,
2278 2030 2396 2113 quibus

399 2124 428 2183 01
447 2116 615 2199 sanpuine,
642 2117 697 2181 sed
717 2136 788 2181 cum
808 2115 890 2180 hoste
911 2116 1075 2195 spirituali
1097 2116 1232 2192 diabolo,
1260 2121 1295 2178 ut
1316 2135 1371 2180 nos
1424 2116 1466 2179 ad
1493 2115 1750 2180 incolumitatem
1777 2135 1871 2180 suam
1899 2123 2023 2197 utatur;
2054 2119 2162 2200 itaque
2194 2139 2254 2182 nec
2280 2117 2315 2179 in
2344 2136 2399 2181 oa-

399 2205 442 2269 ad
462 2202 642 2266 mundum
657 2221 818 2282 paremus.
854 2200 916 2266 Sed
937 2201 1011 2264 iaec
1030 2202 1073 2266 ad
1094 2202 1246 2266 sedandos
1268 2221 1371 2265 ornnes
1424 2199 1551 2283 piendis
1573 2200 1717 2265 consiliis
1740 2200 1886 2279 cessabit
1910 2224 1970 2268 neo
1991 2204 2134 2285 torpebit
2151 2203 2186 2267 in
2206 2223 2265 2284 ope
2284 2221 2398 2265 eorum

354 2296 358 2305 '
399 2288 584 2354 iracundiae
604 2289 740 2369 impetus
760 2286 932 2351 utilissima
954 2286 1123 2350 admonitio
1141 2293 1194 2363 est,
1217 2293 1282 2350 tam
1303 2288 1372 2351 dia·
1423 2285 1642 2368 imploranda,
1677 2286 1793 2368 quibus
1825 2301 1995 2369 suppetere
2028 2290 2203 2370 conspiciet
2234 2285 2320 2351 unde
2352 2287 2400 2350 iu·

399 2375 502 2440 tuum
529 2392 625 2453 msam
650 2372 804 2452 inprobos
831 2392 935 2436 omnes
956 2371 1062 2436 Deum
1090 2393 1216 2437 armare
1238 2373 1281 2437 ad
1302 2393 1371 2436 con·
1424 2381 1535 2452 vetur;
1558 2371 1615 2436 sed
1638 2372 1812 2435 aDomino
1830 2372 1891 2436 sibi
1908 2374 1943 2438 in
1962 2395 2098 2438 manum
2117 2375 2227 2438 offerri
2244 2385 2399 2454 reputans

396 2461 528 2542 (lidmm
566 2463 594 2523 ct
625 2459 729 2536 sedere
760 2458 854 2537 quasi
884 2457 1092 2540 aponotbctam
1123 2463 1159 2521 ut
1185 2459 1373 2539 patientiam
1425 2478 1636 2540 quaecunque
1669 2456 1875 2524 commodare
1906 2460 1966 2524 sibi
1997 2459 2119 2541 ahquid
2146 2466 2283 2542 possunt
2310 2479 2399 2522 crea·

340 2550 345 2570 ¹
397 2549 539 2611 maram
569 2548 712 2610 ereum
760 2543 847 2624 enoc
880 2544 910 2607 si
941 2543 1055 2624 absque
1086 2543 1247 2607 mutuum
1279 2564 1373 2625 opera
1424 2552 1532 2621 turae,
1555 2544 1656 2624 ipsas,
1679 2549 1836 2625 tanquam
1857 2543 2005 2628 legitima
2026 2545 2157 2609 (1101000
2178 2544 2400 2626 providentiae

397 2631 544 2697 eveniant
563 2648 642 2711 quae
662 2649 719 2694 nos
736 2633 883 2710 prunum
903 2627 1006 2693 clades
1026 2635 1054 2693 et
1075 2630 1235 2708 miseriae,
1256 2629 1293 2693 in
1313 2649 1373 2693 me-
1423 2631 1652 2704 iustrumenta,
1675 2626 1717 2691 ad
1739 2650 1834 2693 usum
1857 2631 2039 2712 applicabit
2084 2632 2148 2708 Ac,
2171 2651 2272 2712 quum
2293 2631 2401 2693 incer-

397 2715 534 2782 mmiam
563 2714 670 2780 redeat
699 2714 777 2796 lepis
813 2713 954 2779 doctriua
990 2714 1104 2797 (Dent
1129 2718 1186 2793 28,
1211 2719 1229 2777 2
1253 2736 1308 2797 seq
1332 2714 1373 2797 .).·
1425 2723 1478 2779 tus
1512 2714 1555 2778 sit
1587 2734 1682 2797 quem
1717 2714 1784 2777 sint
1814 2714 1939 2780 exitum
1972 2717 2125 2781 habitura
2157 2738 2240 2798 quae
2266 2715 2400 2797 negotia

398 2800 553 2886 qaidqrcid
583 2801 732 2881 prosperi
773 2804 830 2878 est,
869 2820 907 2864 en
943 2799 1026 2879 fonte
1057 2799 1277 2865 benedictionis
1344 2799 1374 2864 ei
1426 2799 1616 2884 aggreditur
1649 2797 1726 2881 (nisi
1759 2799 1846 2881 quod
1877 2800 1912 2865 in
1946 2803 2097 2866 omnibus
2127 2800 2308 2866 Dominum
2340 2818 2400 2864 suo

395 2889 510 2968 110000,
535 2886 668 2951 Mansa
690 2886 796 2950 annia
815 2905 880 2950 esse
900 2886 970 2949 eim
990 2886 1229 2956 maledidiones:
1257 2905 1294 2951 ac
1313 2891 1373 2950 ter-
1424 2886 1509 2950 bono
1540 2891 1789 2968 prospectorum
1821 2887 1926 2969 novit)
1967 2888 2008 2951 ad
2041 2887 2075 2951 id
2107 2885 2213 2952 studio
2245 2885 2402 2968 aspirabit

398 2978 466 3040 reat
490 2992 548 3038 nas
568 2970 628 3036 ilia
648 2970 807 3034 horribilis
828 2971 1022 3035 denuntiatio
1047 2970 1142 3053 (Lev.
1163 2975 1221 3049 26,
1241 2971 1316 3054 23).·
1343 2972 1374 3036 si
1426 2970 1512 3055 quod
1551 2970 1614 3036 sibi
1652 2969 1806 3051 expedire
1844 2971 1955 3049 ducet,
1993 2983 2151 3056 quantum
2184 2971 2403 3054 intelligentia

397 3065 505 3124 moure
525 3057 671 3122 inceditis
690 3062 797 3120 contra
819 3077 875 3134 me,
897 3077 949 3139 epo
967 3077 1083 3136 quoque
1104 3062 1214 3121 temne
1233 3057 1374 3122 incedam
1425 3064 1601 3140 menteque
1628 3055 1759 3137 assequi
1785 3064 1902 3139 potest.
1947 3059 2061 3141 Neque
2083 3059 2250 3121 tamenin
2272 3058 2402 3138 capien-

399 3150 505 3210 contra
533 3162 595 3208 aas.
650 3141 771 3223 Quibus
796 3141 897 3207 uerbis
924 3143 1105 3224 coarguitur
1130 3147 1233 3222 mrpcr
1263 3147 1372 3220 noster,
1426 3143 1477 3209 dis
1498 3142 1640 3207 consiliis
1660 3142 1793 3224 proprio
1815 3163 1914 3208 sensu
1941 3144 2079 3221 feretur3
2108 3142 2164 3207 sed
2186 3144 2251 3206 Dei
2273 3144 2402 3223 sapien-

397 3230 452 3295 ubi
469 3249 531 3311 pro
547 3229 702 3293 conmuni
724 3228 829 3292 earnm
850 3248 944 3292 sensu
963 3228 1127 3308 fortuitmn
1147 3248 1212 3292 esse
1232 3228 1374 3292 ducentes
1426 3230 1492 3293 tiae
1514 3249 1548 3293 se
1570 3226 1811 3292 commendabit
1831 3248 1869 3293 ac
1890 3231 2071 3310 permittet,
2095 3237 2133 3293 ut
2154 3230 2224 3293 eius
2245 3225 2344 3290 ductu
2365 3227 2400 3289 in

399 3315 553 3398 quidquid
571 3315 608 3378 in
628 3317 933 3394 utramquepartem
954 3315 1081 3391 00010111,
1105 3322 1202 3394 neque
1221 3314 1374 3394 beneficiis
1425 3323 1550 3380 rectum
1573 3335 1707 3397 scopum
1729 3312 1898 3397 dirigatur.
1944 3315 2121 3381 (laetarum
2147 3335 2213 3377 non
2235 3313 2272 3375 in
2293 3319 2403 3375 exter-

400 3401 465 3466 Dei
485 3402 666 3465 animanmr
686 3400 729 3464 od
755 3400 825 3464 eins
844 3400 968 3476 omum,
991 3420 1088 3480 neque
1106 3399 1242 3482 depellis
1262 3400 1305 3463 ad
1325 3420 1373 3463 re·
1426 3403 1478 3466 nis
1500 3399 1652 3465 subsidiis
1673 3401 1720 3463 ita
1741 3399 1811 3464 eius
1829 3398 1951 3466 fiducia
1967 3391 2159 3476 0010110100,
2182 3407 2221 3462 01
2237 3399 2265 3462 si
2282 3397 2403 3474 adsint,

399 3487 613 3566 sipiscentiam
638 3484 846 3550 stimulamur.
891 3485 979 3549 Haec
1006 3487 1111 3550 eadem
1137 3486 1219 3549 ratio
1246 3490 1292 3550 est
1317 3505 1373 3550 uir
1426 3489 1461 3551 in
1488 3487 1529 3549 iis
1555 3507 1668 3551 secure
1694 3486 1891 3569 acquiescat
1919 3488 1947 3552 si
1970 3487 2092 3563 desint,
2121 3483 2258 3567 perinde
2287 3505 2324 3548 ac
2347 3481 2403 3545 de-

399 3571 505 3638 acerbe
524 3570 755 3652 epiduarum
776 3570 931 3636 Ieremias
949 3576 978 3634 et
999 3571 1097 3636 Amos
1119 3571 1256 3655 (Thren.
1276 3576 1304 3648 3,
1318 3574 1373 3649 38;
1427 3574 1560 3638 stitutus
1580 3571 1729 3655 trepidet
1775 3572 1924 3643 Mentem
1951 3575 2040 3638 enim
2060 3571 2184 3635 insola
2205 3570 2269 3634 Dei
2290 3566 2401 3650 provi·

398 3659 472 3722 Am.
493 3662 528 3736 3,
548 3654 582 3742 6)
603 3676 674 3720 cum
696 3655 842 3736 Iudaeis,
870 3657 949 3737 quia
973 3661 1038 3721 tum
1066 3657 1146 3721 borsa
1173 3678 1267 3738 quum
1288 3656 1375 3720 maia
1427 3658 1540 3723 dentia
1560 3678 1690 3740 semper
1711 3658 1845 3723 habebit
1867 3657 2024 3737 defixam,
2047 3678 2153 3740 neque
2175 3678 2195 3720 a
2215 3657 2310 3720 firmo
2332 3654 2402 3718 eius

396 3743 469 3825 fieri
490 3747 642 3823 putarem
669 3740 738 3806 Deo
765 3763 827 3807 non
846 3741 974 3807 iubente.
1018 3742 1138 3808 Eodem
1159 3742 1295 3824 msertm
1316 3742 1389 3815 1110,
1427 3745 1563 3821 intuitu,
1598 3745 1820 3826 praesentium
1848 3764 1959 3809 rerum
1986 3743 2259 3820 consideratione,
2287 3738 2404 3805 abduci

401 3828 527 3894 lasciue
547 3827 804 3911 0000014171·
830 3848 883 3911 epo
900 3828 990 3893 Deus
1010 3849 1120 3894 creans
1140 3829 1238 3893 iucem
1260 3833 1287 3892 et
1310 3828 1375 3908 for·
1427 3831 1578 3914 patietur.
1625 3829 1678 3895 Sic
1700 3829 1791 3909 Ioab,
1826 3832 1948 3894 tamesi
1962 3829 2081 3911 proelii
2102 3834 2242 3893 eventum
2263 3827 2299 3890 in
2320 3824 2405 3890 arbi·

400 3934 494 3978 maris
520 3913 672 3992 tenebras,
697 3914 818 3995 fuemus
839 3934 951 3994 pacern
977 3919 1005 3978 et
1025 3934 1134 3980 crearis
1162 3915 1295 3992 uratum,
1309 3923 1374 3996 'epo
1427 3919 1488 3982 tric
1514 3936 1670 3995 mammae
1691 3914 1756 3980 Dei
1783 3936 1848 3980 esse
1872 3918 2024 3998 apncscit,
2054 3936 2115 3980 non
2142 3920 2247 3978 tomen
2273 3911 2406 3976 inertiae

401 3999 492 4064 Deus
511 3998 596 4081 (acic
614 3999 689 4064 benc
710 4001 823 4064 munic.
839 4003 863 4084 ¹)
1427 4025 1460 4068 se
1479 4002 1578 4078 dedit,
1606 4002 1660 4065 sed
1681 4000 1764 4081 quod
1784 4021 1862 4065 sicae
1882 4003 2053 4066 0000110010
2074 4007 2120 4065 est
2140 4000 2245 4065 sedulo
2266 3996 2406 4078 0000001-

488 4090 515 4150 9.
559 4083 674 4168 Neque
700 4093 810 4151 tamen
838 4086 970 4150 interim
999 4086 1041 4150 ad
1067 4108 1181 4152 causas
1207 4085 1375 4150 inferiores
1427 4093 1495 4167 tur;
1516 4086 1653 4150 Dmnino
1674 4092 1778 4151 numm
1792 4089 1949 4168 pumittit
1969 4093 2109 4152 eventum
2126 4085 2294 4150 moderari.
2335 4083 2406 4146 Sta·

399 4172 451 4235 vir
477 4171 551 4254 pius
580 4171 774 4236 connivcbit.
820 4171 934 4254 Neque
962 4172 1064 4252 enim,
1099 4173 1177 4255 quia
1208 4171 1375 4236 ministros
1427 4170 2239 4325 1100010010,100αᾶ318000.10,12),00090010
2256 4175 2362 4234 nostra
2378 4171 2407 4230 et

399 4255 530 4322 divinae
550 4256 707 4321 bonitatis
730 4256 942 4322 arbitrabitur
964 4278 1018 4322 eos
1042 4279 1062 4322 a
1082 4258 1201 4339 quibus
1217 4257 1375 4321 beneficio
1427 4258 1560 4324 urbibus
1573 4257 1636 4322 Dei
1653 4259 1769 4338 nostri;
1821 4260 1944 4324 mnium
1962 4264 2067 4324 autem
2082 4259 2183 4339 faciat
2198 4257 2279 4337 quod
2293 4255 2406 4317 bonrsm

399 4343 534 4408 affectus
560 4342 675 4421 fuerit,
703 4341 776 4407 ideo
803 4343 877 4407 illos
904 4344 1108 4424 praeteribit,
1136 4364 1174 4408 ao
1201 4343 1229 4408 si
1250 4343 1376 4406 nullam
1429 4346 1528 4410 estin
1549 4344 1648 4409 acatis
1668 4345 1745 4408 suis.
1780 4345 1904 4427 Eadem
1924 4347 2057 4428 cognitio
2074 4345 2239 4408 temeritate
2261 4345 2288 4401 et
2300 4356 2406 4418 pram

403 4430 543 4512 gratiam
571 4449 632 4493 sua
653 4429 856 4494 humanitate
880 4429 1048 4510 promeriti
1070 4437 1196 4507 essent;
1226 4427 1283 4493 sed
1310 4428 1376 4493 illis
1428 4429 1613 4510 cnfidentia
1632 4434 1741 4494 eautm
1762 4431 1806 4494 ad
1827 4434 2003 4496 mestianum
2025 4429 2089 4494 Dei
2109 4427 2328 4492 invocationem
2349 4441 2406 4484 nos

403 4514 593 4580 obstrictum
615 4535 650 4579 00
672 4536 714 4579 ex
736 4516 844 4579 animo
862 4515 989 4592 sentiet,
1012 4528 1045 4578 et
1066 4515 1206 4580 libenter
1222 4512 1378 4578 fatebitur
1429 4515 1577 4598 impellet
1604 4520 1671 4579 tum
1699 4517 1793 4580 etiam
1820 4518 1943 4582 animos
1969 4521 2092 4582 nostros
2118 4514 2196 4576 bona
2217 4529 2271 4588 spe
2290 4507 2406 4587 1110101,

403 4600 647 4683 obligationem,
682 4609 715 4664 et
742 4602 882 4684 gratiam
909 4621 968 4682 pro
993 4601 1148 4666 facultate
1176 4609 1210 4666 et
1236 4621 1273 4663 re
1298 4608 1378 4664 nata
1430 4608 1465 4667 nt
1485 4622 1566 4684 quae
1586 4622 1642 4666 nos
1657 4602 1858 4667 circumluit
1872 4604 2026 4684 pericula,
2048 4618 2153 4663 secure
2170 4602 2197 4659 et
2212 4594 2334 4675 fortiter
2355 4592 2407 4657 de·

404 4686 524 4750 reterre
551 4685 702 4751 studebit
722 4753 726 4767 ,
746 4687 898 4768 Denique
919 4687 1030 4751 Deum
1059 4688 1094 4751 iu
1121 4687 1260 4769 acceptis
1284 4686 1377 4751 bouis
1430 4689 1548 4771 spicere
1569 4708 1630 4751 non
1652 4687 1835 4754 dubitemus.

405 4771 607 4837 reverebitur
627 4779 660 4836 01
680 4770 895 4856 praedicabit,
923 4780 962 4836 ut
982 4773 1193 4855 praecipuum
1216 4779 1377 4851 autorem;
1521 4778 1568 4838 10.
1619 4773 1694 4838 Hac
1726 4794 1803 4838 vero
1836 4781 1928 4856 parte
1961 4792 1994 4836 se
2019 4768 2128 4849 prodit
2159 4765 2407 4831 inaestimabilis

403 4855 461 4922 sed
482 4858 631 4922 homines
652 4867 691 4922 ut
711 4859 781 4923 eius
802 4857 972 4922 ministros
995 4858 1183 4936 honorabit,
1207 4865 1318 4940 atque,
1341 4867 1380 4922 ut
1431 4861 1505 4942 piae
1538 4859 1660 4923 mentis
1690 4859 1836 4924 felicitas.
1881 4860 2060 4923 Innumero
2091 4862 2168 4917 sunt
2196 4873 2278 4934 quae
2305 4853 2409 4917 vitam

403 4964 455 5008 res
477 4951 542 5021 001,
569 4944 732 5028 intelliget
760 4966 794 5009 se
815 4944 880 5008 Dei
903 4943 1070 5009 voluntate
1093 4945 1133 5010 iis
1155 4967 1225 5010 esse
1246 4944 1379 5010 devine-
1433 4947 1612 5010 humanam
1635 4945 1772 5009 obsident
1788 4946 1884 5019 mala,
1908 4962 1988 5022 quae
2009 4939 2133 5002 totidem
2154 4943 2306 5004 ostentant
2327 4959 2409 5002 mor·

404 5035 474 5093 tum
507 5049 567 5111 per
598 5051 738 5111 quorum
764 5051 899 5095 manum
932 5031 1095 5097 beneficus
1127 5052 1198 5097 esse
1231 5030 1379 5096 voluerit
1432 5037 1485 5096 tes.
1518 5030 1566 5096 Ut
1587 5032 1683 5096 extra
1703 5052 1770 5095 non
1793 5048 1961 5095 exeamus:
1984 5046 2087 5109 quum
2108 5025 2198 5089 mille
2220 5025 2410 5088 morborum

405 5111 443 5179 Si
465 5114 545 5197 quid
566 5114 711 5180 iacturae
732 5116 786 5181 vel
806 5116 846 5182 ob
864 5116 1098 5200 negligentiam
1119 5118 1172 5183 vel
1195 5118 1236 5181 ob
1255 5118 1380 5199 impru-
1433 5117 1675 5199 receptaculum
1701 5119 1744 5182 sit
1772 5136 1902 5197 corpus,
1935 5112 2000 5175 imo
2026 5111 2114 5175 intus
2136 5111 2278 5176 inoltrsas
2300 5116 2411 5173 teneat

405 5199 550 5265 dentiam
572 5202 702 5280 fecerit,
731 5202 876 5266 Domino
899 5201 1031 5285 quidem
1051 5205 1181 5270 volente
1202 5204 1327 5268 factum
1348 5201 1381 5267 id
1435 5226 1473 5270 aa
1499 5204 1608 5269 foveat
1633 5202 1822 5266 morborum
1849 5218 1980 5273 causas,
2008 5219 2043 5263 se
2072 5198 2180 5280 ipsum
2207 5197 2303 5260 homo
2325 5195 2410 5259 10000

405 5283 493 5367 apud
514 5307 549 5351 se
572 5294 709 5365 statuet,
737 5309 853 5352 verum
880 5287 943 5353 sibi
966 5309 1093 5372 quoquo
1115 5289 1298 5372 imputabit
1344 5287 1383 5354 Si
1436 5312 1503 5355 non
1524 5295 1644 5373 potest,
1677 5287 1756 5369 quin
1783 5283 1905 5348 multas
1927 5284 2102 5348 exitiorum
2130 5303 2264 5348 suortnn
2291 5280 2413 5343 formas

404 5373 477 5454 quis
503 5371 617 5441 morbo
639 5373 830 5457 absumptus
852 5375 908 5451 sit,
938 5394 1050 5455 quem,
1078 5396 1182 5458 quum
1208 5396 1249 5439 ex
1277 5375 1383 5439 officio
1436 5396 1547 5439 secum
1567 5375 1665 5448 ferat,
1688 5393 1727 5437 ac
1747 5371 1851 5435 vitam
1872 5367 2108 5452 quodammodo
2132 5389 2207 5434 oum
2229 5373 2333 5428 morte
2350 5364 2413 5426 im-

986 5498 988 5502 *
1437 5460 1582 5543 plicitum
1613 5457 1734 5521 trahat
1780 5455 1869 5536 Quid
1897 5457 1986 5523 enim
2014 5453 2103 5518 aliud
2133 5453 2236 5528 (11000,
2270 5448 2326 5514 ubi
2354 5471 2414 5516 nec

1438 5546 1592 5629 frigetur,
1621 5562 1682 5606 nec
1709 5541 1846 5608 sudatur
1872 5543 1944 5607 sine
1966 5538 2132 5624 periculo?
2177 5536 2249 5600 Iam
2271 5557 2415 5617 quocun-

477 5646 507 5714 1)
527 5645 633 5714 Capitis
653 5646 734 5702 XIV.
754 5649 777 5714 1.
795 5645 837 5701 48.
856 5649 881 5702 1.
900 5649 917 5701 1.
935 5651 1078 5712 capaneia
1439 5651 1503 5712 que
1525 5638 1557 5693 te
1579 5634 1697 5706 000100,
1720 5649 1802 5712 quae
1825 5629 1913 5695 circa
1935 5635 1968 5692 te
1990 5634 2067 5691 sunt
2087 5623 2211 5698 omnia,
2235 5642 2302 5687 non
2321 5621 2438 5687 modo

517 5732 626 5786 0010101
640 5749 732 5801 opera.
773 5733 830 5790 Vol.
847 5732 890 5787 11.
2184 5724 2217 5778 ll
