5600 6809
405 738 468 799 345
756 733 845 798 LIB.
868 732 913 796 Π.
957 732 1021 797 ΒΕ
1044 729 1332 797 COGNI'PIONE
1354 732 1439 797 DEI
1460 730 1806 797 REDEMPTORIS.
1852 732 1951 799 OAP.
1973 733 2054 801 XII.
2129 824 2135 837 ι
2346 739 2409 800 346

402 924 470 988 tum
498 927 551 986 est.
601 921 767 986 Hominem
793 920 859 983 orctt
889 925 1026 984 creatum
1054 940 1119 984 esse
1145 921 1187 985 acl
1213 921 1381 1001 imapinem
1405 938 1408 1063 1
1433 925 1568 983 creatum
1589 920 1687 1002 ipitnr
1711 922 1812 1002 secisse
1839 922 1882 984 331
1903 922 2071 1003 imapinem
2094 923 2193 987 Actae.
2241 922 2305 987 Cur
2327 925 2411 989 enim

402 1008 477 1086 Dei,
499 1009 577 1087 quia
597 1009 752 1088 fornicatus
771 1007 868 1089 fuer-it
889 1007 930 1070 act
952 1008 1110 1087 euerrmtar
1129 1006 1233 1087 futuri
1253 1004 1379 1083 Christi,
1405 1066 1408 1087 ,
1433 1005 1565 1069 horrebit
1585 1007 1748 1086 333311333-
1770 1013 1874 1087 aperte
1890 1007 1973 1070 313331
1992 1011 2149 1088 scriptura
2167 1009 2327 1093 (Hebr.4,
2345 1011 2409 1094 15),

402 1100 438 1160 ut
458 1094 550 1158 illum
572 1094 700 1175 referret
727 1113 815 1173 quem
843 1092 1381 1172 3333333133·3333333331333313333-
1405 1094 1408 1143 1
1433 1091 1567 1155 similem
1595 1091 1682 1154 uobis
1708 1093 1807 1171 finisse
1833 1093 1951 1173 ficuum
1973 1114 2033 1173 per
2061 1096 2182 1171 33333333,
2205 1102 2411 1177 3333313333-

403 1184 498 1246 uerat.
549 1178 636 1244 Uncto
657 1178 784 1261 cottiyit,
812 1179 843 1240 si
863 1198 1024 1257 3333333333
1045 1178 1209 1241 occidisset
1230 1178 1337 1241 Actum
1359 1199 1380 1241 a
1404 1148 1408 1271 i
1432 1177 1521 1240 cato?
1544 1178 1625 1241 3333313
1647 1183 1673 1240 ct
1692 1178 1796 1241 Lucas
1815 1178 1920 1256 hlium
1937 1178 2029 1242 Actae
2046 1180 2082 1242 iu
2097 1182 2273 1264 peneatopia
2290 1204 2410 1248 33333333

400 1264 918 1349 33313333333133133333313333,
943 1261 1101 1327 Christum
1117 1269 1219 1327 tanuen
1235 1264 1381 1344 futurum
1405 1278 1408 1301 ¹
1432 1284 1494 1326 333
1520 1264 1643 1327 dictitat
1669 1263 1765 1346 (Luc.
1787 1266 1821 1342 3,
1842 1264 1906 1346 38).
1953 1264 2040 1328 Scire
2067 1266 2161 1329 ctiam
2188 1269 2280 1331 celim
2306 1290 2362 1333 cur
2389 1291 2410 1333 a

400 1353 503 1433 tuisse
522 1350 680 1413 1333333333.
712 1351 813 1430 Qunam
834 1349 918 1413 isturt
939 1351 1181 1431 etuupatorium
1202 1351 1244 1413 sit
1265 1354 1380 1412 313333-
1435 1348 1538 1412 Pauto
1556 1352 1588 1429 (l
1604 1348 1676 1412 Cor.
1696 1354 1741 1425 lii,
1755 1347 1812 1431 47)
1833 1347 1977 1413 Christus
1992 1356 2113 1414 uocetur
2130 1354 2409 1433 3333331333131333,

402 1434 1379 1517 1331333333333333131139331333333333333311333333331313.
1431 1436 1497 1498 nisi
1525 1436 1600 1515 quio
1629 1434 1781 1497 destinata
1815 1436 1844 1496 ci
1874 1436 1938 1517 tuit
1964 1436 2103 1500 tunuonu
2131 1438 2274 1506 corutitio.
2308 1446 2342 1503 ut
2371 1462 2410 1503 33

405 1521 529 1586 Intereu
545 1523 691 1603 primurn
708 1542 740 1585 33
763 1521 880 1584 cidisse
894 1524 984 1601 putat
1001 1520 1079 1599 quid
1097 1525 1173 1583 csset
1191 1520 1378 1602 incapoItci,
1431 1521 1529 1583 ruina
1561 1521 1688 1600 eriperet
1720 1520 1813 1584 Actae
1838 1526 1986 1600 posteras.
2044 1523 2131 1586 Nam
2169 1524 2199 1586 si
2230 1527 2411 1588 creat-ianam

403 1608 485 1688 333331
518 1608 632 1671 scilicet
663 1626 725 1670 non
753 1606 851 1669 sotum
878 1607 913 1669 33
945 1605 1068 1670 ctotibus
1094 1607 1235 1682 crimiis,
1268 1606 1380 1686 arcibus
1432 1606 1540 1668 ordine
1573 1605 1629 1668 itta
1656 1608 1839 1686 praecessit,
1874 1606 2022 1672 3133333133
2047 1609 2111 1689 fuit
2135 1611 2265 1688 primus
2293 1611 2410 1674 Actam.

404 1699 535 1759 ornatus
555 1693 671 1774 suerat,
699 1690 852 1756 relucebat
874 1692 937 1755 Dei
956 1692 1073 1772 ptoria,
1102 1692 1406 1759 333133333133131334
1435 1692 1548 1755 Secure
1574 1692 1715 1770 affirmat
1746 1691 1914 1770 ttsiaurtcr,
1946 1696 2023 1772 qrria
2051 1696 2116 1757 iam
2146 1693 2291 1759 Christus
2322 1696 2410 1759 1333333

402 1780 439 1843 33
460 1799 493 1842 33
512 1778 669 1842 habitabat
689 1777 786 1841 Deus.
830 1777 898 1859 Epo
925 1798 995 1840 oero
1023 1783 1058 1840 ut
1084 1779 1244 1841 conculam
1272 1778 1381 1860 333333-
1427 1779 1645 1858 praecopuitus
1666 1783 1732 1840 erat
1754 1779 1788 1840 in
1809 1783 1905 1841 333313
1922 1779 1995 1855 Dei,
2018 1779 2156 1842 1333333333
2177 1782 2220 1844 aet
2237 1781 2290 1844 hoc
2311 1802 2411 1845 33333-

403 1885 473 1928 33333
495 1863 558 1928 Dei
576 1864 684 1927 Actum
703 1868 838 1945 pestasse
859 1868 1010 1942 quaten-ns
1027 1862 1095 1926 Deo
1116 1864 1293 1926 coniunctus
1315 1868 1381 1927 erat
1427 1864 1506 1943 plor
1526 1863 1626 1942 tir-issu
1645 1863 1802 1942 forrnotos.
1845 1863 1967 1927 Paulus
1989 1870 2091 1928 orclem
2114 1867 2281 1929 securatam
2302 1867 2410 1930 Actum

405 1949 498 2032 (quoe
519 1969 594 2013 cero
615 1953 659 2012 ec
686 1969 722 2012 ac
743 1969 866 2013 3333333
888 1948 1050 2030 dimittatis
1064 1949 1228 2030 perfectio)
1250 1949 1314 2012 Ilei
1335 1954 1381 2011 ta-
1432 1949 1606 2017 nominans,
1629 1949 1708 2011 iuter
1723 1950 1867 2027 primam
1884 1948 2018 2013 1133313333
2039 1952 2188 2031 3333333333
2206 1957 2231 2014 ct
2244 1954 2410 2017 restitutio-

404 2056 473 2099 men
494 2034 904 2099 33331313313333333311133
925 2035 1135 2113 quaerendam
1152 2055 1217 2098 3333
1237 2035 1381 2098 3331333313
1404 2088 1406 2093 ⁴
1432 2054 1615 2113 numquam
1630 2054 1691 2114 per
1714 2034 1872 2097 Christum
1893 2037 2121 2116 consequimur,
2143 2037 2409 2102 333-1333313331

405 2142 500 2202 quum
526 2121 561 2183 in
587 2121 655 2184 iltis
676 2122 892 2200 praestantiae
919 2121 1001 2183 notis
1027 2120 1139 2199 oucibus
1161 2121 1268 2185 Acirim
1290 2120 1380 2184 Dius
1433 2121 1640 2201 rtet'ectiorum,
1663 2141 1700 2182 33
1721 2141 1783 2198 orca
1805 2125 1937 2183 333-13333
1957 2123 1993 2183 333
2008 2123 2184 2202 pristinum
2205 2125 2343 2187 oretinem
2364 2146 2410 2188 re-

404 2208 612 2288 insipniocrat
639 2227 721 2287 prae
753 2207 830 2270 utiis
861 2206 1081 2269 aninroutibus.
1137 2206 1186 2270 Ac
1221 2205 1379 2269 (hristum
1431 2206 1614 2287 scrutandae
1645 2206 1816 2269 necessitas
1879 2204 1965 2270 1,-’33313
1996 2210 2152 2287 sequitur,
2186 2210 2313 2273 nannetem
2341 2210 2409 2291 filio

405 2293 528 2375 quictem
555 2293 622 2355 iam
648 2296 719 2355 tunc
744 2293 844 2372 tuisse
865 2292 1031 2370 imaoinem
1054 2291 1118 2355 Dei
1146 2312 1207 2355 uno
1233 2311 1379 2356 consensu
1431 2292 1494 2356 Dei
1515 2293 1661 2354 rursceruti
1682 2291 1784 2372 fuisse
1805 2312 1948 2369 33333333,
1977 2298 2011 2355 ut
2036 2293 2124 2357 homo
2143 2296 2236 2374 huet.
2284 2294 2408 2360 13313333

401 2379 539 2460 fateretur
565 2397 683 2456 omues,
714 2383 742 2441 et
764 2378 900 2457 proinde
927 2378 1082 2458 quietquit
1107 2378 1301 2442 eccellentiae
1331 2378 1379 2441 iu-
1404 2326 1407 2435 i
1430 2378 1513 2441 mate
1535 2376 2093 2458 3133333133331333333133033333133,
2116 2379 2233 2458 Aetam,
2255 2382 2408 2461 quamdiu

403 2465 557 2545 sculptum
580 2464 644 2543 ipsi
664 2462 756 2526 Adue
774 2464 851 2543 tuit,
874 2464 945 2527 irutc
966 2483 1110 2527 manasse
1130 2465 1212 2544 quart
1229 2484 1288 2545 per
1309 2464 1380 2527 uni
1432 2464 1546 2544 intepcr
1567 2463 1711 2540 stetisset,
1728 2463 1881 2543 'laturum
1908 2464 2077 2546 irnapinem
2097 2464 2198 2545 fuisse
2219 2468 2272 2530 sni
2295 2468 2407 2548 ipsius,

401 2551 540 2633 punitum
558 2547 662 2628 anuo
690 2549 732 2612 ool
759 2549 878 2629 opificis
898 2549 1103 2631 sotularium
1125 2550 1282 2613 3333313331.
1324 2549 1379 2613 Aa
1430 2569 1493 2612 non
1522 2548 1648 2612 Christi.
1693 2547 1872 2629 Respondes
1894 2569 1933 2612 33
1953 2551 2102 2630 opposito,
2128 2551 2219 2631 quia,
2247 2553 2304 2615 etsi
2330 2573 2408 2616 nun-

402 2635 573 2716 imapinem
603 2654 672 2715 erpo
701 2635 765 2698 Dei
786 2635 927 2699 conditus
948 2640 990 2699 est
1016 2636 1118 2714 liomo,
1146 2637 1181 2698 in
1206 2656 1266 2715 3333
1288 2656 1379 2698 suam
1432 2655 1526 2715 auum
1544 2635 1697 2699 induisset
1714 2654 1838 2699 carnem
1849 2635 1912 2699 Dei
1928 2633 2027 2715 filius,
2047 2636 2185 2718 sculpebat
2205 2636 2408 2702 nihilominus

402 2721 542 2803 ploriam
563 2724 679 2783 creator
706 2722 773 2801 ipse
798 2721 933 2800 conspici
959 2722 1052 2801 quasi
1078 2722 1114 2784 in
1134 2721 1255 2801 speculo
1276 2721 1379 2785 votuit.
1432 2725 1460 2785 et
1487 2722 1671 2801 incorpore
1697 2726 1724 2783 et
1751 2721 1786 2784 33
1805 2722 1913 2784 anima
1934 2722 2003 2786 eius
2025 2722 2127 2805 irnopo
2149 2721 2229 2802 Dei;
2261 2723 2295 2785 in
2317 2725 2408 2796 333333

405 2806 448 2869 In
470 2805 551 2868 13333
570 2805 706 2886 mactum
724 2806 849 2871 horroris
866 2810 982 2870 3333333
997 2807 1061 2887 fuit
1076 2807 1228 2889 arripeniti
1247 2805 1312 2886 filii
1333 2807 1379 2870 be
1431 2805 1536 2870 radiis
1556 2826 1677 2885 semper
1698 2807 1862 2887 apparuit,
1893 2804 2051 2870 Christum
2072 2827 2138 2872 3333
2159 2828 2229 2872 oere
2248 2813 2353 2889 caput,
2380 2813 2407 2873 et

404 2891 527 2970 noticio,
556 2890 610 2954 3331
631 2892 713 2954 adsto
732 2891 837 2971 titium
858 2893 965 2973 ipsum
985 2897 1050 2955 tum
1071 2893 1190 2974 anystis
1211 2913 1306 2972 quam
1326 2892 1378 2955 133
1427 2893 1603 2972 primatum
1629 2896 1729 2955 tenere
1755 2893 1791 2954 33
1813 2891 1962 2956 3333313333.
2006 2892 2110 2972 Alutae
2137 2893 2184 2956 ita
2205 2894 2336 2958 soluitur
2355 2895 2407 2975 su·

346 3010 349 3017 ·
405 2974 543 3040 minibus
564 2996 722 3040 3333333333
740 2977 842 3057 fuisse
862 2983 971 3057 33333,-
1000 2978 1046 3041 313
1073 2983 1109 3040 ut
1128 2977 1379 3057 3333331333-
1431 2977 1497 3041 tilis
1518 2978 1654 3059 arputia,
1676 2997 1771 3057 cuam
1792 2977 1919 3041 33313131
1943 2977 2107 3055 0333333133,
2128 2976 2285 3043 carituros
2302 2980 2407 3061 [33333

405 3082 474 3126 nem
501 3061 612 3125 colticta
637 3062 741 3141 fuerat
762 3063 917 3144 3133331133,
945 3064 987 3126 art
1014 3063 1137 3143 3333133
1167 3083 1284 3143 33333333
1305 3084 1379 3144 per·
1430 3062 1555 3145 anpalos
1576 3061 1631 3125 hoc
1651 3064 1751 3142 capite
1772 3063 1838 3125 nisi
1860 3061 1927 3127 ileo
1944 3063 2141 3143 propositum
2167 3063 2282 3143 fuisset
2300 3065 2405 3144 titium

405 3149 519 3212 timeret.
564 3146 672 3226 Neque
699 3148 783 3210 enim
811 3149 888 3210 ctum
918 3150 1067 3212 arntimus
1087 3149 1192 3212 uocari
1210 3149 1295 3228 titios
1315 3149 1379 3213 Dei
1430 3148 1992 3226 333333333333331333,3313333333
2014 3148 2107 3211 Adae
2129 3149 2261 3229 ochram.
2295 3151 2406 3215 Nimis

401 3233 507 3402 >Psoi
527 3236 577 3307 82,
598 3232 648 3315 6),
671 3238 907 3297 consentaneum
928 3240 1003 3298 esset
1024 3254 1135 3316 crepare
1155 3234 1292 3298 inditum
1313 3234 1380 3298 iltis
1431 3235 1512 3297 enim
1533 3234 1758 3298 incorosuterate
1779 3235 1906 3314 arripit,
1929 3233 2012 3312 33331
2033 3254 2119 3296 riano
2138 3255 2238 3298 sanus
2258 3236 2403 3314 concedet,

417 3320 502 3383 uisse
523 3318 647 3398 31133331
673 3339 732 3398 quo
747 3324 873 3400 patrem
897 3322 1054 3400 referrent.
1101 3319 1188 3399 Quart
1209 3321 1240 3383 si
1259 3325 1324 3383 tam
1344 3320 1379 3384 in
1433 3318 1554 3383 Christo
1573 3339 1634 3382 non
1655 3324 1818 3400 competere
1834 3321 2011 3400 primatum
2032 3320 2067 3382 in
2084 3320 2215 3401 ampelos,
2238 3325 2273 3382 ut
2292 3320 2405 3400 [ruam

404 3404 522 3487 uupctis
544 3425 640 3484 quam
658 3405 693 3468 in
710 3404 887 3468 hominibus
898 3406 1126 3486 repraesentari
1142 3426 1235 3468 suam
1244 3406 1380 3487 ptoriam
1430 3409 1537 3469 tur'eo
1552 3406 1707 3485 principe,
1729 3407 1794 3468 nisi
1815 3411 1968 3486 33313333
1987 3409 2033 3468 est
2054 3404 2149 3469 homo.
2189 3405 2290 3484 311333
2309 3405 2404 3486 facite

404 3492 492 3555 etin
519 3495 650 3570 utraque
674 3495 791 3554 oratura
818 3491 1014 3570 conspiciam
1040 3511 1107 3555 esse
1132 3490 1241 3567 coluit,
1271 3492 1379 3557 inscite
1430 3490 1612 3554 eliciturus
1634 3488 2106 3575 Pautoorus(col.1,1s),
2136 3497 2287 3571 prutenus
2308 3496 2404 3555 33133-

403 3580 541 3658 nuputur
566 3575 736 3650 Ouanota,
765 3575 887 3657 anpetos
905 3576 1007 3657 fuisse
1028 3582 1100 3640 tuuc
1116 3575 1308 3657 posthabitas
1328 3576 1380 3640 ho-
1429 3597 1492 3640 nus
1512 3582 1557 3641 est
1569 3576 1633 3640 Dei
1643 3596 1751 3654 sermo,
1765 3577 2007 3658 primopenitnm
2028 3596 2092 3639 esse
2113 3578 2215 3640 333333
2231 3582 2401 3655 creaturae,

403 3661 557 3738 minibus,
586 3663 663 3742 quia
684 3682 745 3724 ncn
763 3666 918 3743 aestarent
941 3660 1061 3727 Christi
1080 3661 1225 3744 fipuram.
1269 3662 1379 3742 Neque
1430 3682 1492 3725 non
1520 3662 1602 3741 quod
1629 3663 1832 3739 3333133311,
1868 3662 1912 3724 oet
1941 3662 2103 3724 numerari
2132 3663 2213 3725 inter
2241 3667 2403 3726 creaturas

401 3749 486 3812 333333
502 3747 662 3826 praesenti
684 3747 747 3811 Dei
768 3748 1030 3831 intuituuosshtne
1050 3749 1242 3829 fruerentur,
1263 3749 1328 3813 nisi
1349 3749 1378 3813 33
1429 3745 1549 3825 aecem
1570 3748 1623 3811 3331
1644 3747 1721 3826 quia
1742 3747 1856 3829 iuteper
1872 3747 1982 3810 33333313
1993 3752 2103 3824 status,
2124 3748 2230 3827 arratis
2251 3747 2289 3811 ab
2311 3748 2403 3812 initio

402 3838 500 3899 333331
527 3833 655 3897 similes.
701 3832 766 3897 Nec
787 3832 879 3896 aliter
899 3834 981 3897 313331
1004 3833 1129 3898 Paulus
1151 3832 1235 3916 (001.
1256 3838 1286 3909 3,
1310 3833 1374 3919 10),
1427 3832 1492 3914 suit
1512 3852 1635 3896 summa
1651 3831 1887 3913 paura-auctu
1913 3833 2064 3913 insipnis,
2093 3854 2154 3897 333
2176 3834 2265 3897 313331
2282 3835 2403 3913 patrici

405 3919 550 3983 renovari·
571 3918 708 3981 honcines
730 3920 773 3983 art
793 3920 960 3999 irnopinem
980 3920 1057 3995 Dei,
1086 3940 1180 4000 quum
1205 3921 1236 3984 si
1258 3919 1379 4001 3393133
1424 3921 1518 4000 pium
1539 3916 1664 3996 lubuit,-
1684 3918 1795 3981 31333313
1815 3922 1967 3996 quatenus
1989 3917 2075 3982 133333
2095 3920 2197 4000 luctis
2215 3925 2266 3997 est,
2283 3922 2403 4005 primo

403 4005 565 4082 sociatur,
585 4010 620 4067 ut
641 4005 739 4068 simul
760 4005 840 4066 inter
860 4024 893 4067 33
914 4003 1092 4068 cohaereant
1112 4006 1169 4068 sub
1186 4026 1248 4069 uno
1270 4006 1376 4087 capite.
1426 4004 1563 4087 penitam
1597 4022 1663 4066 3333
1694 4022 1733 4065 coc
1764 4004 1906 4067 mortuis.
1969 4002 2137 4085 Utrumque
2169 4006 2251 4069 enim
2283 4027 2343 4069 uno
2375 4011 2403 4070 et

402 4089 559 4170 Denique,
586 4091 617 4152 si
641 4087 764 4153 Christo
785 4090 934 4164 3333131333,
962 4090 1035 4153 haec
1057 4091 1169 4154 ultima
1190 4092 1249 4154 erit
1270 4095 1377 4155 nostro
1429 4089 1513 4152 brevi
1533 4092 1672 4151 33313313
1693 4089 1954 4152 considerandum
1969 4092 2119 4171 propulit
2135 4091 2292 4172 apostolus
2309 4089 2399 4176 (ibid.

399 4176 549 4258 felicitas,
575 4174 629 4238 ubi
656 4176 692 4238 in
720 4175 813 4238 coetos
835 4175 952 4237 erimus
978 4178 1101 4255 recepti,
1128 4176 1294 4257 conformes
1313 4197 1378 4241 csse
1432 4181 1458 4252 l,
1481 4179 1528 4237 lb.
1551 4173 1621 4257 18),
1638 4194 1700 4253 per
1718 4174 1822 4253 fitium
1842 4180 1946 4238 creatu
1965 4177 2068 4256 tuisse
2089 4180 2203 4255 3333333,
2227 4177 2402 4257 333-3393133

401 4260 532 4343 33393133.
579 4261 667 4340 Quoad
693 4262 724 4323 si
750 4260 868 4340 inferre
893 4261 1050 4324 Ostandro
1076 4261 1158 4331 ticet,
1180 4262 1377 4340 primarium
1428 4261 1618 4337 doniiiietur5
1645 4259 1844 4323 3113333333
1866 4281 1931 4325 esse
1950 4262 2068 4342 factum
2090 4269 2124 4326 ut
2145 4265 2316 4341 redemptor
2336 4279 2417 4335 3333Ι

400 4345 554 4428 3333393333
575 4346 638 4410 Dei
663 4346 821 4426 exemplar
840 4346 941 4425 t‘uisse
963 4346 998 4408 iu
1022 4345 1145 4409 Christo
1166 4345 1301 4425 homine,
1331 4369 1377 4412 eo
1428 4347 1584 4427 inciperet.
1627 4344 1781 4408 Eiusdem
1810 4346 1953 4411 inscitiae
1978 4354 2023 4413 est
2054 4348 2135 4428 quat
2161 4347 2299 4411 1333333333
2324 4345 2401 4408 licit

400 4433 473 4499 cem
491 4431 560 4494 iure
581 4432 735 4495 contendet
756 4431 915 4513 quispiam
934 4429 1093 4495 Christum
1114 4433 1285 4512 oportuisse
1304 4433 1376 4513 lieri
1400 4432 1404 4451 ¹
1427 4433 1584 4496 carituros
1602 4430 1704 4511 fuisse
1716 4430 1840 4496 Christo
1860 4453 1936 4515 repe,
1956 4435 2022 4498 uisi
2039 4435 2127 4497 133333
2141 4433 2262 4512 luisset.
2300 4429 2400 4508 Quasi

401 4517 560 4601 unpelicae
580 4521 711 4581 naturae
727 4523 901 4591 conserturi,
924 4516 1001 4599 quia
1022 4517 1064 4580 act
1084 4516 1156 4581 illos
1173 4538 1289 4598 quoque
1305 4540 1377 4599 per·
1428 4537 1499 4582 cera
1525 4538 1586 4582 non
1606 4517 1745 4598 potuerit
1770 4523 1910 4582 constare
1937 4540 2065 4601 repnum
2091 4516 2167 4592 Dei,
2200 4516 2230 4580 si
2257 4518 2401 4579 aeternus

399 4605 500 4669 tineat
519 4603 622 4684 imapo
643 4601 715 4666 Dei.
1428 4604 1492 4668 Dei
1511 4603 1608 4683 filius,
1628 4602 1697 4666 ticet
1717 4623 1779 4668 333
1799 4603 1930 4667 indutus
1951 4605 2089 4667 humana
2110 4621 2209 4676 carne,
2230 4599 2351 4680 arrpetis
2373 4605 2401 4664 et

490 4692 518 4752 t.
566 4687 638 4751 Non
666 4693 710 4755 est
737 4690 835 4770 icitur
865 4707 922 4751 cur
949 4692 1064 4751 33331331
1093 4688 1247 4753 0333333133
1273 4687 1377 4754 Deum
1428 4688 1604 4753 hominibus
1624 4689 1659 4752 in
1680 4689 1853 4754 societatem
1872 4690 2007 4755 coelestis
2025 4687 2144 4769 plorioe
2170 4705 2248 4750 3333
2269 4689 2296 4748 et
2317 4687 2400 4751 331333

395 4794 491 4858 posse
511 4774 686 4838 mendacem
707 4774 905 4854 3133313333,
933 4776 998 4837 nisi
1024 4776 1058 4836 in
1079 4775 1148 4838 eius
1169 4779 1265 4839 ruente
1280 4777 1377 4857 prius
1427 4774 1571 4853 collectis,
1594 4774 1771 4856 primatum
1800 4776 1866 4857 ipse
1893 4774 2047 4837 tenuisset.
2094 4770 2155 4834 Sm
2181 4771 2217 4833 33
2243 4768 2298 4833 hoc
2317 4772 2400 4851 t'atso

399 4860 514 4945 fuisset
540 4860 578 4924 cte
604 4860 671 4939 tilio
700 4861 890 4924 incantando
917 4861 1071 4925 3133331333
1090 4861 1193 4940 haum
1217 4865 1244 4924 et
1266 4862 1377 4925 immu-
1421 4861 1584 4941 principio
1604 4880 1724 4941 semper
1745 4859 1968 4935 hallucinatur,
1993 4856 2039 4920 oct
2060 4855 2121 4919 sibi
2137 4856 2334 4937 praestipius
2350 4859 2400 4938 ta

400 4945 503 5012 utic.
550 4947 633 5026 Quia
661 4947 783 5009 etiamsi
809 4966 869 5008 non
895 4947 1031 5027 collapsa
1055 4947 1169 5028 luisset
1190 4946 1283 5012 Actae
1301 4948 1376 5030 inte
1427 4946 1475 5024 cit,
1498 4946 1655 5012 ecetesiam
1669 4947 1771 5027 fuisse
1783 4941 1931 5025 ἀκέφαλον
1950 4942 2093 5022 suturam
2113 4942 2179 5006 nisi
2199 4944 2400 5023 apparuisset

363 5105 369 5117 .
400 5032 519 5116 ysitus,
544 5031 662 5096 similis
682 5032 794 5113 t'uisset
814 5030 883 5095 Deo
904 5053 973 5096 cum
993 5034 1126 5113 3333133,
1153 5054 1249 5113 neque
1274 5038 1376 5097 tamen
1426 5032 1463 5095 iu
1484 5051 1576 5096 corne
1599 5031 1750 5097 Christus.
1797 5029 1897 5110 Quasi
1918 5046 2000 5104 cero,
2023 5028 2116 5090 sicuti
2138 5048 2170 5091 eo
2191 5029 2292 5108 cupite
2310 5028 2420 5110 frue‘

395 5121 563 5202 propterea
584 5136 702 5180 3333333
720 5117 832 5196 luisset
851 5118 955 5196 titium
976 5117 1041 5180 Dei
1064 5120 1135 5198 lieri
1157 5120 1204 5184 cet
1224 5119 1376 5184 1333333333
1426 5116 1541 5182 bamur
1561 5118 1678 5200 aupeti,
1706 5137 1766 5179 333
1794 5114 1887 5178 etiam
1914 5112 2023 5176 olicino
2043 5132 2105 5177 sua
2124 5115 2236 5178 virtute
2251 5134 2399 5193 praeesse

399 5204 450 5269 cet
477 5203 629 5287 cipetum.
675 5200 812 5263 blus-tra
837 5204 930 5264 etiam
956 5202 1127 5267 obsrcrrtum
1153 5205 1234 5268 iltuit
1259 5207 1376 5283 metuit,
1426 5202 1601 5268 hominibus
1621 5201 1771 5282 potuerit,
1796 5203 1824 5261 et
1850 5218 1967 5262 arcana
1991 5199 2102 5264 virtute
2123 5200 2258 5281 spiritus
2278 5201 2331 5264 sui
2351 5221 2398 5263 ce-

400 5290 468 5353 uisi
500 5286 687 5352 immutabili
710 5286 774 5349 Dei
806 5288 934 5349 33333133
964 5293 1034 5350 aute
1060 5295 1195 5353 creatum
1222 5291 1375 5357 hominem
1423 5295 1528 5371 actare
1553 5289 1640 5369 ipsos
1666 5285 1830 5365 etsooerc,
1858 5285 1963 5348 instar
1989 5286 2126 5367 corporis
2148 5286 2215 5363 sui,
2248 5285 2341 5348 3133333
2361 5285 2398 5347 33

403 5372 548 5440 Christus
567 5375 679 5455 fuisset
699 5372 893 5447 nasciturus,
921 5378 1036 5434 333331
1056 5375 1240 5455 redemptor,
1267 5376 1321 5440 sect
1340 5381 1375 5439 ut
1426 5375 1541 5439 coetum
1572 5371 1685 5436 collecti
1714 5367 1820 5432 euclem
1857 5387 1927 5435 cum
1964 5371 2083 5455 anystis
2114 5373 2181 5436 citu
2210 5370 2396 5450 fruerentur.

393 5461 527 5543 primus
547 5458 649 5538 homo,
671 5479 708 5522 33
729 5478 751 5520 a
771 5477 831 5520 sua
847 5456 1068 5537 praeropatioa
1088 5460 1374 5540 3333313333,·3333-
1429 5463 1517 5539 Quas
1537 5457 1681 5519 imotenus
1701 5455 1837 5533 retutaoi
1856 5457 2003 5536 naenias,
2025 5476 2087 5539 pro
2112 5454 2308 5537 firmissimis
2328 5474 2397 5518 ora-

399 5546 442 5611 313
468 5547 535 5609 iam
555 5566 617 5608 333
638 5545 703 5608 nist
724 5564 783 5624 per
804 5541 944 5606 accictens
968 5544 1063 5605 natus
1089 5548 1178 5618 esset,
1206 5550 1241 5607 ut
1261 5546 1375 5608 scilicet
1425 5544 1505 5608 33133
1525 5541 1610 5605 ducit
1628 5536 1800 5619 Osiaurter3
1820 5561 1926 5623 nempe
1946 5547 1981 5607 ut
2001 5561 2134 5608 3333333
2154 5539 2397 5621 speculationum

399 5631 554 5696 hutuuret
573 5631 737 5710 perditum
760 5648 857 5713 penus
882 5626 1070 5691 humanum:
1097 5630 1131 5689 ut
1153 5627 1225 5691 iude
1246 5629 1373 5710 inferat,
1424 5626 1583 5705 dulcedine
1599 5620 1771 5689 inebriatus
1789 5625 1941 5735 3331333133
1962 5647 2107 5711 maanus
2121 5626 2160 5692 de
2175 5623 2274 5690 331313
2290 5626 2397 5709 efflare
