5600 6809
389 788 450 848 673
632 784 729 852 ΙιΙΒ.,
745 784 809 848 [Π.
853 785 916 848 DE
939 780 1075 849 MODO
1098 781 1448 850 PDRGIPOENDAE
1461 780 1662 850 'cflulsul
1682 786 1899 852 GRATIAE.
1945 785 2046 852 OAP.
2064 785 2145 853 XX.
2328 791 2392 852 674

387 971 612 1037 ulciscendum
638 971 847 1055 praecipites,
877 971 919 1035 ad
946 969 1183 1036 remittendum
1205 968 1362 1046 difficiles,
1416 970 1594 1036 Praeterea
1621 979 1717 1037 satan
1744 974 1886 1038 inermes
1909 980 1943 1036 ct
1964 974 2142 1055 imparatos
2162 973 2324 1052 adoritur,
2351 984 2392 1041 nt

386 1059 570 1141 pertinaces
602 1058 789 1122 inimicitias
821 1066 991 1134 exercent,
1025 1063 1059 1119 et
1091 1055 1361 1138 indignationem,
1416 1056 1564 1122 incautos
1586 1058 1764 1140 opprimat3
1797 1059 1889 1124 Deus
1918 1080 1985 1122 una
2012 1079 2087 1122 cum
2111 1062 2290 1125 tentatione
2311 1063 2391 1127 facit

386 1164 523 1226 quama
545 1165 579 1208 se
601 1143 832 1225 deprecantur,
861 1143 925 1223 ipsi
954 1142 1111 1207 adversus
1138 1140 1218 1204 alios
1240 1141 1361 1218 fovent,
1416 1151 1586 1221 eventum,
1608 1152 1647 1207 ut
1668 1145 1807 1208 sufferre
1832 1147 1883 1208 sui
1905 1145 2069 1227 patienter
2090 1147 2216 1227 possint
2234 1145 2392 1229 quidquid

387 1251 429 1292 ne
451 1251 485 1293 se
507 1250 566 1310 pro
587 1237 680 1311 patre
701 1229 854 1293 invocare
876 1229 1000 1305 ausiut;
1029 1227 1110 1307 quod
1137 1227 1231 1290 etiam
1252 1226 1363 1291 diserte
1415 1226 1481 1290 illis
1502 1228 1654 1292 immittit
1675 1229 1708 1313 (1
1730 1229 1803 1294 Cor.
1829 1235 1877 1308 10,
1900 1235 1952 1307 13;
1974 1234 1992 1292 2
2011 1231 2101 1294 Petr.
2123 1235 2151 1307 2,
2172 1237 2214 1314 9).
2249 1232 2390 1316 Maligni

386 1316 420 1378 in
445 1313 563 1379 Christi
585 1315 686 1379 uerbis
708 1315 895 1395 exprimatur
919 1314 1006 1395 apud
1029 1313 1157 1378 laicam
1415 1314 1547 1377 nomine
1575 1313 1740 1379 diabolum
1767 1338 1811 1379 an
1831 1324 2003 1397 peccatum
2024 1316 2262 1398 intelligamus,
2290 1340 2391 1400 quam

471 1406 521 1463 to.
566 1399 671 1465 Sexta
692 1402 819 1482 petitio,
847 1404 882 1463 ut
902 1400 1059 1477 dicimus,
1081 1398 1289 1479 promissioni
1316 1418 1362 1461 re
1413 1399 1587 1463 minimum
1609 1400 1718 1466 refert.
1761 1399 1866 1465 Satan
1888 1401 2019 1483 quidem
2040 1402 2110 1482 ipse
2131 1403 2308 1479 hostisest,
2331 1404 2390 1485 qui

385 1487 570 1567 spernetis
590 1487 653 1568 teqe
674 1486 738 1550 Dei
760 1485 904 1550 cordibus
920 1485 1040 1549 'metris
1062 1483 1281 1565 tuscanecium
1308 1483 1362 1547 scd
1413 1484 1501 1548 vitae
1521 1492 1651 1559 nostrae
1672 1484 1863 1564 insidiatum
1886 1493 2017 1568 peccato
2040 1497 2150 1551 autem
2172 1494 2318 1552 armatus
2339 1497 2392 1555 est

385 1573 461 1651 quia
483 1592 544 1635 non
565 1574 634 1636 sinc
656 1573 802 1636 continua
819 1571 937 1635 militia
954 1571 1105 1649 durisque
1121 1574 1149 1633 et
1166 1569 1278 1633 arduis
1299 1589 1362 1632 ccr-
1412 1570 1449 1631 in
1471 1580 1623 1635 nostrum
1641 1571 1787 1635 exitium.
1832 1572 1925 1636 Haec
1947 1573 2050 1654 igitur
2071 1582 2183 1637 nostra
2205 1581 2256 1638 est
2276 1583 2389 1656 postu·

384 1657 555 1721 taminibus
582 1658 650 1721 Deo
673 1677 839 1738 paremus,
866 1656 916 1721 bie
938 1657 1077 1736 patmus
1102 1675 1158 1718 nos
1186 1655 1287 1718 armis
1314 1655 1361 1719 iu·
1412 1655 1505 1726 latio,
1528 1677 1570 1719 ne
1592 1656 1669 1720 ullis
1690 1657 1925 1722 tentationibus
1947 1657 2120 1723 vincamur
2143 1680 2180 1724 ac
2202 1660 2389 1738 obruamur,

384 1744 467 1806 strui
485 1749 512 1806 et
522 1744 686 1825 praesidio
703 1743 836 1824 defendi,
853 1747 889 1806 ut
899 1762 997 1822 pares
1013 1740 1168 1805 simusact
1182 1741 1361 1804 uictmiam:
1413 1739 1470 1805 sed
1492 1741 1627 1806 Domini
1648 1743 1771 1808 virtute
1794 1752 1908 1808 contra
1931 1763 2045 1808 omnes
2064 1741 2218 1809 adversas
2237 1745 2388 1824 virtutes,
2457 1794 2461 1819 .

385 1849 444 1908 quo
475 1849 636 1893 rummnur
665 1849 726 1891 iton
757 1833 876 1892 tanturn
907 1827 995 1892 nobis
1027 1847 1104 1907 opus
1131 1846 1196 1890 esse
1226 1827 1361 1907 spiritus
1412 1826 1533 1908 quibus
1558 1847 1801 1910 oppugnamur,
1830 1829 1930 1893 fortes
1957 1837 2096 1905 stemus,
2130 1828 2216 1911 quod
2243 1840 2293 1894 est
2321 1853 2388 1896 non

382 1915 505 1996 qratia,
527 1935 607 1994 quae
628 1914 721 1978 corda
741 1919 847 1978 nostra
869 1915 956 1977 intus
973 1912 1122 1990 mnoilict,
1141 1912 1243 1990 flectat
1263 1917 1292 1975 et
1311 1912 1360 1976 di
1412 1913 1621 1977 succumbere
1651 1914 1900 1993 tentationibns;
1928 1924 1967 1977 ut
1993 1915 2030 1976 in
2055 1916 2125 1977 cius
2146 1914 2327 1980 custodiam
2349 1938 2389 1983 ac

385 2001 470 2082 riqat
490 2002 525 2063 in
546 2000 610 2064 Dei
632 2000 823 2080 obsequium,
850 2001 904 2064 sat
932 1999 1025 2063 etiam
1052 1998 1189 2072 cundia,
1217 2018 1276 2076 quo
1303 2017 1360 2062 nos
1411 1997 1511 2062 fidem
1544 2000 1694 2081 suscepti,
1727 2020 1765 2064 ae
1796 2001 1996 2082 protectione
2029 2001 2099 2063 eius
2132 2001 2254 2077 securi,
2288 2023 2389 2084 supra

384 2085 612 2164 insuperabiles
632 2086 743 2150 reddat
757 2090 861 2149 cantra
878 2106 981 2149 annes
997 2089 1126 2148 satanae
1143 2089 1208 2146 tam
1224 2083 1360 2147 insidias
1410 2091 1596 2166 peccatum,
1619 2093 1774 2161 mortem,
1796 2087 1978 2149 inferorum
1999 2093 2111 2168 portas
2134 2093 2168 2149 et
2188 2094 2296 2151 totum
2318 2087 2389 2152 dia·

385 2190 481 2250 qaam
507 2171 835 2249 quamsecurium.
882 2171 955 2234 Iam
981 2190 1050 2233 cero
1075 2170 1199 2234 multae
1221 2179 1299 2232 sunt
1322 2190 1359 2233 ac
1411 2170 1476 2235 boli
1502 2191 1644 2252 regnum
1665 2170 1780 2235 invicti
1802 2170 1973 2247 duremus,
2002 2170 2089 2253 quod
2116 2178 2166 2236 est
2192 2193 2212 2236 a
2239 2172 2386 2256 maligno

384 2257 496 2320 variae
526 2258 745 2321 tentationum
766 2257 896 2321 formae.
941 2255 1029 2320 Nam
1058 2262 1092 2318 et
1113 2275 1234 2337 pravae
1256 2255 1359 2318 animi
1409 2255 1551 2320 liberari.
1582 2255 1648 2320 Ubi
1670 2257 1771 2320 etiam
1792 2255 1967 2339 diligenter
1983 2256 2311 2322 animadvertendum
2327 2266 2388 2337 est,

384 2343 624 2423 conceptiones,
657 2343 693 2405 in
721 2342 803 2425 legis
830 2342 1124 2424 transgressionem
1149 2360 1208 2404 nos
1241 2361 1358 2422 provo·
1411 2362 1477 2406 non
1498 2350 1686 2405 nostrarum
1708 2363 1779 2406 esse
1802 2343 1923 2406 virium
1952 2363 2027 2406 cum
2054 2341 2183 2407 diabolo
2205 2350 2297 2407 tanto
2318 2343 2389 2408 bel·

385 2434 512 2503 cantes,
535 2448 615 2509 quas
638 2427 690 2491 rel
712 2428 971 2509 concupiscentia
991 2435 1105 2491 nostra
1125 2426 1218 2491 nobis
1240 2446 1359 2508 sugge-
1409 2427 1513 2492 latore
1534 2427 1702 2509 congredi,
1727 2449 1788 2492 neo
1810 2429 1879 2492 vim
1900 2429 1970 2492 eius
1991 2439 2088 2509 atque
2110 2429 2269 2509 impetum
2290 2429 2385 2494 ferre.

386 2513 444 2588 rit,
469 2512 520 2576 vel
542 2511 689 2576 diabolus
711 2515 846 2590 excitat,
869 2512 1068 2577 tentationes
1090 2519 1168 2575 sunt
1189 2511 1269 2594 (Iac.
1292 2516 1357 2589 1,2
1410 2513 1543 2594 Alioqui
1564 2513 1687 2577 frustra
1708 2521 1765 2577 aut
1781 2533 1840 2595 per
1860 2513 2039 2578 ludibrium
2062 2535 2082 2576 a
2099 2515 2170 2577 Deo
2188 2527 2385 2595 posceretur,

385 2603 483 2675 et14;
502 2597 663 2675 Martha,
680 2603 694 2661 l
709 2602 788 2676 et33
811 2598 952 2663 l'lhess.
967 2601 995 2673 3,
1010 2597 1053 2680 5).
1081 2597 1128 2661 Et
1143 2618 1227 2680 quae
1244 2604 1359 2678 suapte
1411 2597 1497 2680 quod
1523 2596 1610 2661 domi
1638 2597 1725 2680 apud
1746 2618 1807 2662 nos
1833 2607 1927 2663 esset.
1974 2597 2077 2673 Sane,
2104 2599 2161 2681 qui
2188 2600 2240 2662 sui
2267 2599 2388 2664 fiducia

384 2690 504 2747 natura
524 2684 612 2747 mala
633 2705 699 2748 nou
722 2694 812 2762 sunt,
836 2682 956 2748 diaboli
978 2693 1089 2747 tamen
1111 2693 1181 2747 arte
1202 2683 1359 2747 tentatio-
1411 2682 1453 2746 ad
1482 2683 1582 2747 talem
1609 2705 1644 2747 se
1666 2692 1812 2766 pugnam
1834 2693 2041 2766 comparant,
2069 2705 2136 2748 non
2164 2684 2243 2749 satis
2265 2685 2387 2749 intelli·

383 2788 442 2832 nes
468 2771 567 2846 fiunt,
596 2791 697 2850 quum
726 2771 772 2834 sio
800 2769 902 2833 oculis
930 2770 1050 2834 nostris
1078 2769 1288 2852 ingeruntur,
1322 2777 1360 2832 ut
1411 2784 1494 2851 gunt
1522 2790 1597 2834 cum
1618 2790 1717 2850 quam
1739 2771 1881 2851 pugnaci
1908 2778 2005 2851 atquo
2026 2771 2187 2835 instructo
2208 2770 2302 2835 hoste
2325 2772 2388 2836 sibi

383 2874 497 2918 eorum
519 2854 647 2920 obiectu
668 2877 689 2919 a
709 2854 782 2919 Deo
804 2855 1050 2932 abstrahamur,
1073 2863 1132 2918 aut
1152 2853 1361 2919 declinemus.
1410 2877 1463 2920 res
1492 2855 1543 2919 sit,
1587 2853 1685 2918 Nunc
1708 2855 1850 2935 petimus
1878 2855 1919 2919 ab
1946 2855 2015 2918 eius
2048 2865 2211 2938 potestate
2242 2855 2385 2934 liberari,

382 2941 428 3003 Et
448 2940 510 3003 hae
532 2938 662 3021 quidem
685 2941 880 3005 tentationes
902 2948 980 3005 sunt
1002 2940 1055 3004 vel
1077 2960 1097 3003 a
1119 2939 1244 3004 dextris
1264 2940 1360 3004 vela
1410 2948 1567 3022 tanquam
1599 2941 1640 3005 ab
1672 2961 1728 3004 oro
1759 2941 1869 3004 insani
1902 2961 1940 3004 ac
1973 2940 2078 3005 rabidi
2110 2941 2248 3005 alicuius
2283 2942 2387 3008 leonis

382 3025 533 3090 sinistris.
578 3028 610 3090 A
624 3025 772 3103 dextris,
796 3034 833 3090 ut
854 3025 1002 3101 divitiae,
1023 3026 1185 3107 potentia,
1208 3026 1357 3104 honores,
1411 3027 1444 3109 (l
1464 3028 1553 3092 Petr.
1581 3031 1615 3103 5,
1633 3025 1686 3108 8),
1719 3026 1831 3091 statim
1863 3026 1934 3090 eius
1966 3024 2117 3089 dentibus
2150 3046 2188 3089 ac
2220 3028 2388 3108 unguibus

382 3132 465 3192 quae
493 3111 685 3194 plerumque
714 3134 773 3176 suo
800 3112 928 3194 fulgore
954 3119 987 3174 et
1009 3111 1087 3175 boni
1109 3111 1230 3192 specie,
1259 3131 1358 3192 quam
1411 3111 1632 3194 discerpendi,
1656 3112 1726 3176 eius
1747 3112 1894 3176 faucibus
1917 3109 2126 3194 deglutiendi,
2150 3112 2213 3174 nisi
2236 3133 2295 3175 nos
2317 3114 2386 3175 Do-

382 3218 460 3277 prae
472 3217 507 3261 se
519 3198 640 3275 ferunt,
652 3198 823 3262 hominum
837 3198 939 3262 aciem
954 3196 1209 3279 praestringimt,
1222 3204 1256 3260 et
1266 3197 1358 3261 blan·
1410 3200 1522 3262 minus
1555 3219 1573 3261 e
1606 3195 1713 3261 media
1744 3207 1849 3260 morte
1881 3198 2012 3279 eripiat;
2051 3197 2111 3260 hoo
2145 3203 2256 3259 tamen
2288 3197 2388 3261 simul

383 3281 472 3345 ditiis
498 3283 566 3346 suis
594 3284 757 3360 inescant,
785 3290 823 3346 ut
846 3282 965 3347 talibus
986 3282 1170 3365 praestigiis
1191 3282 1295 3364 capti,
1322 3293 1360 3347 ut
1410 3285 1549 3348 scientes
1577 3281 1663 3365 quod
1690 3284 1717 3347 si
1738 3283 1901 3347 Dominus
1923 3282 2043 3360 aderit,
2074 3303 2111 3346 ac
2141 3303 2199 3363 pro
2221 3280 2314 3346 nobis
2337 3288 2387 3345 ta·

382 3367 441 3430 tali
464 3365 635 3433 dulcedine
657 3368 754 3446 ebrii,
783 3370 893 3433 Deum
920 3390 1017 3433 suum
1039 3368 1280 3434 obliviscantur.
1325 3369 1358 3433 A
1409 3369 1557 3434 centibus
1575 3370 1743 3451 pugnabit,
1765 3369 1800 3431 in
1820 3369 1890 3433 eius
1907 3368 2028 3433 virtute
2045 3368 2202 3433 faciemus
2219 3368 2386 3432 virtutem.

383 3454 539 3531 sinistris,
566 3462 604 3517 ut
625 3463 815 3536 paupertas,
843 3455 977 3538 probra,
1006 3462 1225 3534 contemptus,
1255 3454 1357 3520 afflic-
1410 3453 1663 3531 confidantnlii,
1687 3464 1724 3518 ut
1741 3453 1860 3532 volent,
1880 3454 2020 3536 propriis
2037 3453 2132 3518 liberi
2151 3452 2387 3550 arbitriitquas

382 3539 503 3616 tiones,
531 3545 564 3603 ot
584 3548 713 3604 caetera
734 3539 769 3604 id
790 3562 908 3623 genus;
936 3560 1078 3622 quorum
1099 3540 1273 3604 acerbitate
1296 3538 1357 3604 dif·
1409 3563 1430 3605 a
1456 3561 1491 3606 se
1517 3539 1638 3604 habere
1667 3540 1728 3605 sibi
1750 3537 1921 3619 videntur)
1949 3538 2158 3604 facultatibus
2185 3561 2223 3604 ac
2244 3538 2382 3605 vinbus:

381 3624 590 3706 ficultateque
612 3626 727 3691 offensi
748 3627 874 3691 animos
892 3625 1124 3708 despondeant,
1147 3625 1302 3690 fiduciam
1319 3648 1357 3691 ac
1408 3627 1502 3692 nobis
1524 3629 1603 3690 satis
1623 3626 1674 3704 sit,
1697 3624 1783 3707 quod
1804 3645 1870 3688 una
1888 3624 1953 3688 Dei
1978 3626 2098 3688 virtute
2120 3633 2245 3690 stamus
2268 3646 2305 3690 ao
2329 3647 2386 3690 va-

382 3731 475 3792 spem
503 3711 671 3788 obiiciant,
706 3710 838 3776 demum
863 3711 974 3775 aDeo
1002 3732 1135 3793 prorsus
1161 3711 1354 3776 alienentur.
1408 3713 1522 3778 lemus.
1554 3712 1636 3777 Plus
1654 3720 1765 3775 autem
1785 3712 1850 3776 ista
1865 3711 2008 3792 precatio
2029 3711 2264 3792 complectitur,
2287 3731 2387 3792 quam

381 3795 445 3858 His
468 3798 701 3862 tentationibus
728 3799 883 3878 utrisque,
911 3818 994 3879 quae
1022 3797 1075 3862 vel
1096 3797 1357 3880 concupiscentia
1409 3800 1516 3880 prima
1548 3798 1653 3879 specie
1681 3818 1761 3879 prae
1789 3818 1824 3861 se
1851 3797 1943 3860 ferat.
1987 3796 2076 3861 Nam
2104 3798 2131 3860 si
2160 3798 2224 3862 Dei
2251 3820 2266 3861 s
2290 3798 2387 3861 iritus

381 3893 494 3944 nostra
515 3883 550 3944 in
572 3883 665 3947 uobis
688 3904 857 3961 accensae,
882 3883 1088 3948 veientanae
1111 3883 1242 3947 vafritia
1262 3883 1357 3949 nobis
1409 3887 1514 3950 virtus
1542 3890 1656 3947 nostra
1684 3890 1735 3947 ost
1762 3881 1803 3946 ad
1832 3891 1997 3947 certamen
2022 3903 2097 3947 cum
2126 3892 2241 3947 satana
2304 3904 2387 3966 pug-

381 3967 565 4048 propositae
590 3969 757 4033 nobiscum
784 3977 947 4051 pugnant,
974 3991 1016 4033 ne
1049 3969 1163 4032 cedere
1194 3989 1256 4033 nos
1282 3990 1357 4052 per·
1409 3970 1567 4047 nandum,
1588 3969 1759 4034 victoriam
1776 3968 1897 4033 referre
1911 3976 1988 4032 ante
2006 3989 2072 4031 non
2082 3968 2269 4052 poterimus,
2288 3989 2388 4050 quam

380 4054 498 4129 mittat,
519 4054 628 4117 aDeo
650 4063 742 4135 patre
764 4061 875 4118 nostro
897 4074 1083 4136 precamur;
1107 4075 1223 4118 verum
1245 4062 1283 4118 nt
1299 4075 1357 4137 po·
1408 4056 1466 4120 illo
1487 4055 1577 4138 pleni
1598 4075 1729 4119 omnem
1758 4054 1867 4124 carnis
1889 4066 2020 4118 nostrae
2041 4056 2267 4119 infirmitatem
2286 4075 2387 4118 exue-

380 4138 445 4201 tius
467 4159 569 4203 manu
589 4160 649 4203 sna
671 4162 730 4204 nos
748 4147 908 4204 sustentet
929 4160 966 4204 ac
984 4140 1097 4221 erigat,
1120 4160 1184 4220 quo
1203 4140 1272 4203 eius
1290 4142 1357 4205 vir-
1409 4143 1521 4206 rimus.
1566 4142 1599 4205 A
1631 4146 1748 4204 satana
1778 4141 1880 4223 igitur
1913 4152 1947 4205 et
1977 4148 2109 4221 peceato
2137 4139 2216 4204 dum
2242 4141 2386 4221 petimus

285 4304 290 4310 Ι
380 4232 450 4288 tute
472 4224 611 4302 robusti,
639 4235 753 4290 contra
780 4245 893 4289 omnes
919 4225 1057 4307 maligni
1084 4224 1187 4289 hostis
1213 4226 1356 4290 insultus
1409 4227 1555 4304 liberari,
1590 4227 1683 4290 novis
1711 4227 1836 4308 gratiae
1864 4226 1928 4290 Dei
1956 4227 2167 4291 incrementis
2195 4224 2387 4306 locupletari
2473 4268 2475 4275 ι

380 4311 467 4373 firmi
490 4319 577 4374 stare
595 4313 766 4394 possimus,
789 4331 1000 4392 quascunque
1011 4310 1225 4393 cogitationes
1238 4312 1357 4377 animis
1410 4312 1548 4378 subinde
1570 4312 1766 4393 expetimus;
1790 4310 1892 4375 donec
1914 4310 1956 4376 ad
1978 4311 2112 4393 plenum
2134 4312 2173 4373 iis
2195 4310 2320 4385 referti,
2344 4308 2385 4373 de

381 4396 502 4460 nostris
519 4397 685 4474 immittam
707 4397 825 4474 anna,
846 4393 1005 4477 quidquid
1022 4396 1115 4460 nobis
1133 4396 1168 4459 in
1185 4403 1358 4479 utramque
1410 4400 1498 4462 omni
1525 4398 1611 4462 malo
1636 4396 1885 4478 triumphemus.
1930 4397 2061 4461 Duram
2086 4402 2113 4459 et
2134 4414 2280 4481 asperum
2301 4394 2386 4468 cide-

381 4489 509 4561 partem
524 4484 726 4565 proponitur,
749 4483 785 4545 in
807 4481 929 4545 bonum
951 4490 1126 4560 vertamus,
1150 4482 1211 4547 hoc
1233 4490 1292 4559 est,
1315 4506 1358 4549 ne
1409 4490 1462 4548 tur
1484 4485 1685 4564 quibusdam,
1706 4484 1816 4564 petia
1839 4482 1906 4547 Deo
1932 4503 1970 4546 ne
1992 4483 2027 4545 in
2048 4481 2242 4545 tentationem
2261 4499 2317 4541 nos
2337 4480 2386 4542 in·

381 4565 534 4630 inflemur
554 4571 726 4651 prosperis,
751 4590 811 4632 nec
832 4567 979 4632 adversis
1001 4567 1199 4632 deiiciamur.
1243 4569 1357 4650 Neque
1409 4572 1518 4647 ducat,
1546 4570 1671 4649 quaudo
1697 4571 1766 4633 eius
1792 4573 1927 4635 natiuae
1954 4567 2146 4630 eontrarium
2172 4569 2218 4627 est
2241 4583 2297 4627 nos
2325 4568 2387 4627 ten·
2467 4577 2473 4590 '

381 4655 481 4714 tamen
512 4653 565 4717 hic
586 4655 790 4735 postulamus
817 4676 859 4717 ne
889 4654 971 4718 ullas
998 4654 1130 4718 omnino
1157 4655 1358 4721 tentationes
1409 4662 1492 4733 tare,
1522 4662 1594 4721 teste
1615 4654 1726 4719 Iacobo
1753 4655 1803 4740 (l,
1826 4659 1864 4717 13
1888 4663 1921 4718 et
1945 4656 2007 4734 14).
2053 4650 2114 4713 Sed
2138 4651 2203 4712 iam
2231 4669 2269 4713 ea
2292 4655 2387 4729 parte

382 4736 578 4814 sentiamus,
607 4742 725 4821 quibus
753 4741 858 4823 magis
875 4741 1034 4818 excitari,
1063 4741 1178 4823 pungi,
1211 4741 1356 4807 vellicari
1409 4743 1511 4807 solida
1532 4743 1671 4823 questio
1692 4747 1748 4819 est,
1776 4740 1859 4821 quod
1885 4739 2024 4804 omnium
2047 4736 2251 4798 tentationum
2272 4734 2387 4815 quibus

382 4842 580 4904 magnopere
602 4824 695 4889 nobis
716 4848 798 4908 opus
820 4836 884 4902 cst,
912 4846 954 4889 ne
971 4826 1124 4902 ,nimium
1146 4825 1269 4891 resides
1291 4836 1357 4892 tor·
1410 4829 1573 4905 miramur,
1592 4827 1836 4908 concupiscerem
1853 4829 1958 4888 noma
1970 4822 2102 4902 proprie
2119 4839 2216 4884 caasa
2233 4826 2286 4898 est,
2304 4808 2386 4886 ideo·

382 4927 527 4987 peamus.
570 4907 683 4990 Neque
705 4913 794 4974 enim
815 4912 873 4976 abs
895 4934 931 4977 re
953 4911 1063 4978 David
1085 4913 1205 4977 tentari
1226 4914 1359 4996 optabat
1409 4935 1468 4996 que
1487 4915 1612 4995 culpam
1632 4914 1770 4978 sustinet.
1803 4912 1911 4988 Neque
1931 4907 2023 4971 atiud
2043 4906 2108 4969 cult
2128 4905 2268 4985 lacobus,
2290 4927 2386 4988 quam

383 4992 485 5075 (Psal.
506 4997 555 5069 ut,
576 4994 620 5076 2),
643 5016 703 5058 nec
727 4996 808 5059 citra
829 5019 962 5061 samam
984 4998 1102 5080 electos
1120 5021 1195 5064 suos
1212 4999 1357 5081 quotidie
1408 5000 1533 5081 frastra
1555 5001 1717 5064 etiniuste
1738 4998 1773 5060 in
1790 4996 1895 5061 Deam
1916 4993 1994 5062 uitia
2015 4991 2208 5077 transscribi,
2230 5013 2310 5074 quae
2332 5015 2386 5059 no

382 5087 490 5141 tentat
510 5079 687 5157 Dominus,
709 5102 764 5144 eos
785 5103 844 5162 per
865 5083 1095 5163 ignominiam,
1118 5092 1355 5167 paupertatem,
1409 5086 1457 5151 bis
1477 5088 1631 5167 imputare
1647 5084 1793 5167 coqimur‚
1815 5081 1892 5160 quia
1908 5084 2018 5142 sumtis
2035 5098 2140 5142 aarum
2157 5078 2245 5142 nobis
2261 5081 2386 5144 conscii.

382 5162 636 5241 tribulationem,
659 5174 693 5230 et
714 5165 795 5229 alias
816 5168 922 5230 crucis
940 5169 1064 5247 species
1081 5173 1254 5253 castigans.
1288 5169 1357 5236 Sed
1411 5171 1571 5237 Caeterum
1591 5171 1646 5234 boc
1666 5189 1727 5232 raon
1749 5168 1846 5231 obstat
1872 5164 2037 5245 quaesieras
2063 5185 2120 5229 nos
2142 5164 2231 5228 Deus
2257 5164 2312 5228 ubi
2338 5167 2385 5228 ita

383 5250 478 5314 aliter
490 5251 581 5314 Deus
596 5258 710 5329 tentat,
733 5250 829 5314 aliter
846 5265 956 5314 satan:
987 5252 1041 5316 hic
1061 5266 1101 5317 nt
1116 5255 1242 5336 perdat,
1264 5256 1355 5321 dam·
1407 5259 1512 5323 ursum
1539 5261 1584 5321 est
1609 5261 1738 5320 satanae
1764 5251 1931 5331 mancipet,
1954 5251 2106 5332 proiicict
2133 5251 2168 5315 in
2188 5270 2315 5314 sanum
2336 5271 2384 5314 re-

382 5344 447 5413 net,
471 5336 657 5416 confundat,
679 5336 884 5420 praecipitet3
906 5335 1000 5400 Deus
1018 5360 1105 5416 vero,
1128 5348 1166 5402 ut
1183 5361 1258 5405 suos
1280 5363 1355 5424 pro·
1403 5344 1537 5424 probmn
1557 5342 1723 5421 foedasque
1743 5338 1946 5420 cupiditatem
1968 5341 2061 5418 atque
2081 5337 2129 5400 ita
2149 5337 2185 5398 in
2205 5335 2384 5399 tentationes

381 5419 490 5485 bando
519 5424 780 5505 experimentum
811 5421 851 5486 de
879 5441 993 5484 eorum
1023 5424 1210 5488 sinceritate
1237 5437 1354 5505 sumat,
1408 5429 1551 5504 inducat,
1583 5427 1664 5489 iusto
1689 5425 1813 5505 quictem
1839 5422 1972 5501 iudicio,
2004 5443 2095 5504 saepe
2120 5427 2222 5486 tamen
2254 5420 2384 5485 amaa:

382 5514 416 5571 et
437 5507 618 5573 exercendo
640 5508 741 5574 robur
761 5509 948 5585 confirmet3
976 5527 1091 5571 eorum
1112 5530 1245 5573 carnem
1267 5531 1355 5573 mor·
1407 5514 1484 5593 quia
1504 5533 1595 5592 saepe
1614 5509 1789 5574 bominibus
1815 5509 1995 5574 acromate
2021 5514 2066 5573 est
2094 5526 2203 5582 cama,
2231 5524 2312 5584 quae
2336 5509 2383 5569 ta·

312 5613 318 5619 ·
381 5593 492 5671 tificet,
515 5604 684 5676 excoquat,
707 5594 833 5672 adurat,
861 5613 944 5676 quae
965 5593 1030 5658 nisi
1051 5595 1087 5657 in
1108 5594 1198 5680 hune
1219 5594 1355 5659 modum
1406 5619 1475 5662 men
1507 5597 1593 5678 apud
1619 5616 1689 5660 eum
1715 5602 1799 5659 certa
1825 5600 1878 5660 est,
1930 5593 2016 5660 Unde
2043 5593 2194 5674 cattiqdur
2225 5610 2287 5654 non
2317 5610 2384 5656 esse

382 5688 596 5759 coerceretur,
618 5681 799 5759 lasciviret,
827 5686 861 5745 et
887 5699 987 5762 supra
1008 5678 1142 5744 modum
1162 5679 1355 5746 exsultaret
1405 5683 1614 5764 inproperium
1639 5683 1859 5765 mentionata,
1885 5683 1916 5746 si
1937 5679 2085 5763 nannai
2105 5696 2216 5742 suman
2235 5695 2298 5740 non
2316 5676 2387 5743 abs-

489 5781 599 5836 Oalcini
612 5800 703 5853 opera
745 5783 801 5838 Va
819 5781 863 5836 11.
2144 5776 2180 5830 43
