5600 6809
385 848 394 867 ὓ
440 766 501 827 eoa
1024 768 1031 778 ·
1082 728 1347 826 nvsnrinmo
1368 757 1473 823 nnn.
1496 753 1678 823 081080.
1701 761 1793 824 aaa
2325 837 2327 840 ,
2382 768 2446 828 coe

437 972 537 1034 opera
558 970 625 1014 non
647 949 771 1014 excutit
791 969 851 1031 pre
868 949 1003 1027 meritis,
1025 948 1083 1013 sed
1105 956 1244 1031 paterna
1264 948 1414 1032 benigni-
1466 954 1500 1011 et
1518 945 1689 1023 exsultate,
1711 966 1784 1010 ecce
1805 967 1930 1011 merces
1942 952 2054 1013 vestra
2074 947 2204 1031 eopiosa
2225 956 2276 1013 est
2293 951 2327 1014 in
2344 952 2442 1018 coelis

438 1042 505 1100 tate
526 1033 711 1101 osculatur?
751 1032 825 1115 Quo
847 1056 915 1099 non
936 1040 1066 1098 tantum
1088 1034 1305 1119 intelligimus
1328 1034 1414 1117 quod
1466 1029 1743 1114 (Matth.5,12);
1775 1033 1996 1114 unusquisque
2022 1032 2207 1098 mercedem
2235 1036 2370 1117 accipiet
2390 1059 2442 1103 se·

437 1121 574 1186 tradunt
596 1119 799 1197 scholastici,
819 1142 839 1185 a
857 1121 963 1203 gratia
975 1125 1164 1201 acceptante
1176 1121 1297 1185 habere
1315 1141 1414 1203 opera
1466 1116 1609 1182 cundum
1631 1115 1777 1180 laborem
1799 1116 1831 1200 (l
1853 1116 1927 1181 Gor.
1948 1121 1976 1192 3,
1996 1115 2040 1264 8³.
2078 1116 2174 1198 Quod
2195 1121 2372 1205 unicuique
2393 1124 2444 1189 di·

438 1227 534 1272 suum
556 1207 710 1272 valorem.
754 1205 809 1269 Illi
832 1206 919 1270 enim
942 1205 1104 1282 sentiunt,
1133 1206 1273 1288 imparia
1293 1206 1415 1288 alioqui
1466 1203 1552 1268 citur
1579 1200 1766 1265 redditurus
1788 1200 1880 1266 Deus
1909 1223 2008 1268 secun
2032 1224 2089 1266 um
2116 1224 2230 1286 opera,
2259 1228 2362 1289 parvo
2385 1231 2444 1274 ne·

437 1313 539 1376 opera
565 1313 604 1357 cx
624 1293 703 1377 lepis
723 1296 816 1374 paea
843 1292 943 1356 saluti
964 1290 1215 1374 comparandae,
1238 1292 1274 1354 in
1295 1312 1414 1373 aequa·
1466 1288 1554 1372 gotio
1577 1285 1774 1351 dissolvitur.
1808 1286 1968 1353 Ordinem
1991 1289 2080 1351 enim
2102 1293 2350 1372 consequentiae
2372 1316 2444 1358 ma-

437 1377 541 1443 litatis
573 1385 684 1443 tamon
715 1377 857 1459 pretium
883 1376 947 1441 Dei
980 1378 1165 1459 acceptione
1192 1377 1296 1442 evehi.
1341 1378 1414 1460 Ego
1466 1375 1517 1458 gie
1543 1394 1641 1456 quam
1669 1393 1800 1437 causam
1825 1372 1950 1439 indicat
1976 1373 2131 1456 loquutio.
2176 1376 2283 1442 Extra
2306 1377 2442 1445 dubium

439 1462 549 1529 autem
562 1462 642 1542 dico,
666 1485 712 1540 ea,
736 1471 807 1527 tum
828 1463 900 1525 aliis
918 1463 1240 1546 transgressionibus,
1259 1470 1330 1527 tum
1346 1464 1414 1527 suis
1467 1467 1577 1526 autem
1598 1465 1662 1536 eet,
1691 1459 1871 1523 Dominum
1895 1459 1948 1524 his
1969 1458 2210 1527 misericordiae
2232 1484 2310 1528 suae
2331 1467 2442 1548 gradi·
2468 1532 2469 1537 ,

437 1549 586 1632 ipsorum
616 1548 752 1614 maculis
779 1548 967 1630 inquinata,
1001 1569 1066 1612 non
1096 1548 1185 1614 aliud
1213 1550 1322 1614 valere
1349 1549 1414 1612 nisi
1466 1544 1527 1610 bus
1549 1545 1689 1610 salutem
1709 1553 1855 1609 nostram
1882 1566 2117 1624 consummare,
2147 1547 2226 1612 dum
2253 1549 2373 1615 electos
2401 1552 2443 1617 ad

439 1634 525 1717 quod
547 1635 708 1700 Dominus
737 1634 865 1697 veniam
886 1634 1034 1716 utrisque
1055 1632 1218 1717 indulget;
1246 1633 1332 1717 quod
1353 1641 1413 1712 est,
1466 1652 1501 1696 se
1534 1638 1642 1708 vocat,
1681 1638 1813 1695 vocatos
1844 1632 2013 1710 iustificat,
2053 1632 2243 1698 iustificatos
2282 1636 2445 1718 glorificat

440 1720 618 1804 gratuitam
640 1719 765 1784 homini
789 1719 947 1784 iustitiam
969 1719 1091 1803 largiri.
1135 1720 1252 1804 Neque
1274 1728 1414 1802 tempes-
1466 1717 1576 1800 (Rom.
1596 1721 1631 1794 8,
1652 1715 1716 1798 30).
1762 1717 1906 1781 Tametsi
1932 1737 2009 1800 ergo
2031 1717 2101 1782 sola
2122 1719 2345 1786 misericordia
2367 1745 2442 1788 suos

438 1806 505 1869 tivo
523 1804 577 1871 hic
590 1805 810 1870 obtruduntur
819 1805 895 1870 illae
907 1805 1044 1887 apostoli
1058 1804 1158 1889 (Eph.
1176 1806 1412 1885 1,4;1Τ10088.
1467 1803 1502 1866 in
1520 1803 1622 1867 vitam
1640 1803 1803 1884 suscipiat,
1826 1803 1903 1883 quia
1924 1811 2035 1867 tamen
2056 1804 2093 1867 in
2110 1805 2181 1869 eius
2203 1808 2444 1887 possessionem

440 1894 469 1968 3,
492 1894 530 1954 13
548 1898 582 1956 et
599 1890 690 1974 alibi)
712 1891 922 1973 precationes,
945 1890 1002 1955 nbi
1023 1898 1151 1955 tantam
1169 1889 1319 1955 fidelibus
1339 1913 1413 1973 per·
1466 1889 1553 1970 ipsos
1575 1887 1714 1963 deducit,
1737 1909 1796 1971 per
1814 1888 1973 1953 bonorum
1991 1908 2126 1970 operum
2148 1891 2300 1969 stadium,
2324 1900 2361 1958 ut
2379 1916 2442 1976 quo

438 1975 610 2042 factionem
632 1984 736 2060 optat,
766 1985 804 2040 ut
825 1977 892 2041 sint
913 1976 1069 2059 inculpati
1092 1975 1414 2059 otirreprehensibi-
1466 1973 1644 2039 destinavit
1672 1972 1784 2037 ordine
1811 1994 1907 2037 suum
1933 1972 1969 2037 in
1989 1973 2055 2037 illis
2076 1996 2158 2057 opus
2180 1977 2329 2059 impleat,
2358 1980 2443 2045 nihil

437 2061 486 2127 les
513 2063 549 2126 in
576 2061 628 2127 die
648 2064 793 2127 Domini.
837 2062 930 2127 Haec
957 2061 1089 2145 quidem
1116 2062 1216 2127 verba
1238 2062 1415 2128 Ooelestini
1466 2060 1589 2123 mirum
1623 2060 1651 2124 si
1678 2057 1859 2124 seeundum
1886 2079 1985 2141 opera
2008 2080 2068 2124 sua
2095 2059 2251 2127 dicuntur
2277 2066 2440 2131 coronari:

438 2146 534 2212 valde
556 2149 633 2212 elim
656 2148 875 2231 exagitabant,
900 2147 942 2212 ad
962 2147 1193 2230 perfectionem
1214 2149 1358 2213 institiae
1378 2148 1414 2211 in
1467 2145 1584 2228 quibus
1617 2144 1706 2209 haud
1738 2144 1836 2209 dubie
1864 2144 1906 2208 ad
1933 2145 2152 2227 recipiendam
2184 2148 2442 2217 immortalitatis

437 2233 500 2298 hac
528 2234 597 2297 vita
625 2232 840 2299 asserendam.
885 2231 954 2297 Sed
979 2233 1066 2315 quod
1094 2233 1290 2298 arbitramur
1323 2234 1414 2299 suffi-
1466 2251 1621 2295 eoronam
1647 2235 1894 2313 praeparantur.
1940 2228 2029 2310 Quin
2058 2231 2120 2295 hac
2141 2234 2267 2298 ratione
2295 2238 2442 2319 apposite

438 2339 526 2398 cere,
558 2319 702 2385 breviter
729 2326 802 2401 poet
830 2320 1057 2403 Augustinum
1090 2320 1337 2402 respondemus:
1372 2317 1414 2383 ad
1467 2316 1621 2381 dicuntur
1647 2316 1787 2381 salutem
1817 2336 1912 2380 suam
1939 2317 2069 2398 operari
2091 2318 2242 2399 (Phua,
2264 2321 2332 2404 12),
2363 2321 2443 2400 dum

438 2404 524 2470 hanc
545 2404 677 2487 quidem
698 2411 821 2468 metam
840 2405 986 2488 aspirare
1006 2406 1077 2487 pios
1095 2426 1207 2470 omnes
1228 2406 1353 2484 debere,
1375 2412 1415 2469 ut
1467 2401 1560 2468 benis
1588 2402 1739 2484 operibus
1765 2399 1982 2492 incumbendo
2009 2401 2116 2467 vitam
2144 2411 2311 2470 aeternam
2339 2407 2442 2472 medi-

437 2490 638 2554 immaculati
666 2489 841 2572 aliquando
870 2496 903 2553 et
925 2489 1082 2573 inculpati
1103 2497 1283 2574 appareant
1304 2510 1414 2556 coram
1466 2494 1588 2575 tantur.
1635 2487 1754 2567 Nempe
1785 2488 1866 2550 sicat
1897 2486 1975 2552 alibi
2008 2488 2152 2552 iubeatur
2179 2492 2307 2572 operata
2332 2494 2442 2572 cibam

437 2575 503 2640 Dei
524 2575 622 2655 facie3
651 2575 708 2640 sod
730 2576 806 2657 quia
828 2575 951 2657 optima
972 2582 1006 2640 et
1025 2578 1306 2658 praestantissima
1326 2577 1414 2642 vitae
1466 2574 1521 2654 qai
1547 2594 1609 2638 aea
1630 2575 1714 2655 perit
1735 2571 1864 2654 (Ioann.
1885 2575 1919 2649 6,
1940 2570 2010 2657 27),
2038 2574 2114 2638 dam
2140 2575 2175 2639 ia
2199 2573 2360 2642 Christum
2381 2599 2444 2644 cre

438 2661 622 2742 praesentis
650 2661 733 2725 ratio
759 2661 843 2724 nihil
867 2660 956 2725 aliud
978 2668 1028 2726 est
1049 2682 1146 2744 quam
1167 2664 1343 2744 profectus,
1372 2660 1414 2725 ad
1466 2660 1564 2725 dende
1591 2658 1652 2723 sibi
1679 2660 1777 2722 eitam
1803 2658 1985 2739 acquirant,
2018 2664 2048 2724 et
2072 2664 2175 2724 tamea
2206 2681 2278 2726 moa
2305 2664 2442 2743 additw,

438 2765 512 2810 eam
534 2754 654 2810 metam
682 2765 744 2810 nos
769 2752 840 2810 tum
867 2746 999 2811 demum
1020 2753 1244 2828 perventuros,
1275 2748 1328 2812 ubi
1352 2747 1414 2812 hac
1466 2765 1555 2826 qoem
1575 2744 1664 2824 filius
1683 2743 1818 2808 amine
1838 2744 1972 2808 datam
1996 2750 2041 2809 eat
2060 2745 2153 2810 001018.
2204 2746 2291 2812 Unde
2312 2756 2444 2830 apparet

438 2831 563 2914 peceati
590 2852 688 2897 carne
716 2832 807 2895 exuti
829 2830 972 2896 Domino
1000 2831 1041 2896 ad
1069 2832 1202 2914 plenum
1223 2831 1414 2898 adhaerebi-
1466 2831 1616 2911 operandi
1643 2830 1767 2894 verbam
1792 2849 1988 2911 nequaquem
2014 2832 2129 2912 opponi
2147 2833 2282 2913 proiice,
2311 2835 2367 2898 sed
2395 2856 2443 2899 re

438 2937 522 2981 mue.
567 2916 681 3000 Neque
713 2924 824 2982 tamen
856 2918 1067 2999 pertinaciter
1098 2938 1173 2982 cum
1201 2939 1240 2983 00
1268 2918 1413 3002 litigabo,
1464 2917 1545 2999 ferri
1566 2915 1837 2993 merediana
1851 2916 1986 2996 proinde
2006 2936 2074 2980 non
2091 2917 2245 2998 sequitur,
2268 2918 2321 2982 vel
2335 2920 2442 2999 fideles

438 3003 495 3084 qni
516 3002 723 3084 perfectionis
745 3002 880 3066 titulum
901 3002 1178 3069 sanctistribuere
1195 3003 1295 3069 volet:
1318 3003 1414 3069 modo
1466 3002 1555 3084 ipsos
1577 3023 1647 3067 esse
1669 3001 1783 3066 salutis
1805 3021 1883 3066 suae
1903 3007 2042 3080 auteres,
2066 3002 2118 3067 vel
2140 3001 2180 3066 ab
2201 3003 2345 3084 ipsorum
2364 3026 2440 3087 ope-

438 3107 512 3152 eam
528 3108 656 3170 quoque
673 3088 852 3173 Augustini
866 3087 890 3172 ¹)
911 3089 1014 3171 ipsius
1036 3088 1144 3154 verbis
1162 3085 1304 3155 definiat
1331 3090 1414 3156 Per·
1466 3087 1559 3152 ribus
1586 3108 1659 3152 eam
1685 3107 1848 3152 emanare.
1895 3085 1982 3167 Quid
2009 3087 2108 3171 ergo?
2137 3087 2354 3171 simulatque
2380 3112 2442 3174 per

438 3173 569 3251 motam,
599 3174 720 3256 inquit,
750 3180 939 3239 sanctorum
959 3175 1116 3240 virtutem
1143 3197 1243 3258 quum
1264 3175 1414 3240 nomina·
1466 3173 1629 3257 evangelii
1650 3173 1809 3251 notitiam,
1832 3180 1866 3236 ct
1887 3173 2020 3255 spiritus
2042 3173 2146 3238 sancti
2166 3173 2442 3242 illuminationem

437 3277 524 3336 mus,
553 3258 595 3323 ad
622 3259 730 3343 ipsam
756 3259 988 3344 perfectionem
1008 3261 1152 3344 pertinet
1173 3262 1273 3326 etiam
1293 3263 1415 3343 imper·
1466 3259 1582 3324 adsciti
1604 3265 1683 3323 sunt
1704 3259 1739 3322 in
1759 3257 1885 3323 Ohristi
1906 3259 2122 3339 consortium,
2155 3259 2307 3325 inchoata
2328 3269 2380 3327 est
2406 3263 2442 3328 in

437 3343 585 3409 fectionis
607 3353 678 3409 tum
699 3347 736 3409 in
755 3345 894 3411 veritate
916 3352 987 3410 tum
1006 3348 1040 3410 in
1062 3347 1245 3412 humilitate
1262 3349 1413 3432 cognitio.
1465 3345 1531 3409 illis
1561 3352 1695 3410 aeterna
1721 3344 1798 3408 vita
1843 3344 1916 3408 Iam
1944 3344 2030 3427 quod
2057 3345 2093 3409 in
2119 3345 2185 3409 illis
2210 3345 2333 3411 bonum
2360 3369 2442 3430 opus

1466 3430 1636 3496 inchoavit
1658 3431 1765 3506 Dens,
1799 3436 1834 3495 et
1865 3431 1978 3512 perfici
2005 3438 2135 3513 oportet
2162 3434 2326 3513 usquein
2355 3432 2441 3498 diem

1466 3516 1600 3581 Domini
1631 3516 1707 3580 Iesu
1734 3515 1837 3598 (Phil.
1860 3522 1892 3593 1,
1913 3518 1956 3598 6).
2001 3516 2177 3581 Perficitur
2200 3538 2309 3599 porro,
2339 3540 2440 3601 quum

1465 3602 1591 3667 iustitia
1612 3608 1646 3667 et
1665 3603 1838 3667 sanctitate
1861 3609 1989 3685 patrem
2010 3602 2183 3668 coelestem
2205 3604 2383 3669 referentes
2405 3626 2440 3670 se

1465 3687 1551 3753 filios
1573 3687 1643 3752 eius
1665 3707 1733 3752 non
1755 3686 1933 3770 degeneres
1954 3709 2025 3753 esse
2046 3688 2199 3770 probant

1554 3777 1581 3837 2.
1626 3773 1681 3836 Ex
1713 3772 1872 3838 mercedis
1904 3774 2037 3839 nominc
2069 3794 2137 3838 non
2168 3781 2219 3839 est
2251 3796 2310 3841 cur
2342 3796 2441 3858 opera

1465 3865 1577 3923 nostra
1597 3858 1831 3923 ratiocinemur
1850 3879 1983 3924 causam
2011 3881 2080 3924 esse
2102 3859 2227 3925 salutm
2272 3861 2440 3945 Principio

1464 3942 1552 4009 istud
1574 3944 1734 4009 sancitum
1755 3945 1799 4008 sit
1819 3945 1854 4009 in
1875 3944 2027 4011 cordibus
2049 3946 2183 4023 nostris,
2207 3968 2347 4030 regnum
2368 3967 2440 4012 coe-

1464 4031 1572 4094 lorum
1593 4049 1660 4094 non
1683 4050 1853 4095 servorum
1875 4030 2090 4112 stipendium,
2120 4032 2178 4096 sed
2205 4033 2347 4096 filiorum
2369 4054 2440 4098 esse
2480 4056 2491 4073 ·

1465 4114 1718 4195 haereditatem,
1741 4136 1807 4199 qua
1827 4115 1886 4181 soli
1908 4117 2090 4198 potientur,
2119 4118 2175 4199 qui
2198 4137 2218 4181 a
2238 4117 2381 4182 Domino
2403 4119 2441 4183 in

1464 4202 1549 4266 filios
1570 4202 1713 4285 cooptati
1733 4202 1865 4280 fuerint,
1886 4223 1992 4285 neque
2012 4203 2115 4268 ullam
2133 4203 2231 4266 aliam
2248 4203 2289 4266 ob
2306 4223 2439 4267 causam

753 3651 905 3719 carun
926 3653 1099 3738 xvme)

513 3809 584 3890 Ex
614 3810 806 3893 mercede
837 3812 948 3894 male
979 3812 1125 3923 colligi
1155 3842 1331 3923 operum

811 3930 1027 4015 iustitiam.

529 4113 554 4174 1.
600 4111 819 4178 Transeamus
846 4134 934 4178 nunc
962 4114 1004 4179 ad
1032 4136 1086 4180 eae
1108 4116 1299 4195 sententias,
1329 4137 1413 4199 quae

439 4195 605 4261 affirmant
637 4197 746 4262 Deum
782 4199 955 4281 unicuique
986 4200 1191 4266 redditurum
1231 4201 1413 4269 secundum

437 4302 536 4432 tt?
554 4303 655 4452 0ῗὲἓο
687 4281 888 4452 fiam
912 4292 1008 4437 tt
1040 4289 1267 4438 ttrite?
1289 4289 1414 4438 titt

437 4388 473 4537 22
492 4453 567 4518 (lor.
592 4458 626 4533 5,
657 4452 727 4537 10),
760 4454 864 4538 gloria
894 4422 928 4521 'et
960 4458 1065 4522 honor
1095 4459 1244 4541 operanti
1275 4460 1413 4539 bonum;

436 4537 606 4603 tribulatio
637 4546 670 4603 et
696 4541 849 4623 angustia
873 4542 908 4605 in
928 4563 1060 4608 omnem
1082 4545 1225 4608 animam
1246 4547 1412 4628 operantis

437 4625 560 4688 malum
582 4623 694 4710 (Rom
714 4629 743 4703 2,
764 4624 813 4709 6);
843 4632 887 4691 et:
917 4626 1013 4694 ibunt
1039 4631 1093 4712 qui
1121 4631 1207 4696 bona
1227 4631 1356 4714 egerint
1376 4632 1414 4694 in

437 4712 708 4776 resurrectionem
729 4711 826 4791 vitae,
848 4713 904 4795 qui
926 4715 1011 4779 male
1032 4716 1168 4780 fecerint
1189 4716 1224 4779 in
1247 4737 1413 4781 resurrec-

436 4795 559 4859 tionem
579 4796 692 4862 iudicii
710 4796 839 4881 (Ioann.
860 4803 888 4878 5,
902 4798 972 4882 29);
994 4801 1103 4865 venito
1124 4799 1289 4866 benedicti
1309 4803 1413 4887 patris

438 4880 512 4956 mei,
535 4881 657 4947 esurivi
680 4888 713 4946 et
733 4881 866 4948 dedistis
888 4885 971 4948 mibi
992 4886 1110 4965 cibum,
1134 4887 1222 4952 sitivi
1244 4896 1277 4952 et
1297 4894 1412 4971 potum

417 4963 598 5063 ‘tribuistis
631 4965 764 5048 (Mattlu
784 4973 840 5048 25,
860 4969 917 5054 34)
945 4979 1003 5036 etc.
1046 4973 1155 5055 Atque
1186 4972 1252 5037 illis
1284 4994 1412 5055 quoqne

438 5068 494 5113 eas
515 5068 762 5132 conrnngamus,
784 5075 866 5135 quae
888 5058 1072 5123 mercedem
1094 5079 1229 5142 opernm
1247 5058 1413 5141 appellant

437 5134 540 5199 vitam
574 5140 749 5232 aeternam.
804 5137 878 5220 Quo
905 5143 940 5208 in
967 5164 1087 5227 genere
1114 5150 1206 5210 sunt:
1240 5143 1411 5209 retributio

437 5240 595 5286 manuum
618 5219 759 5287 hommis
781 5226 972 5293 restituetur
992 5230 1023 5294 ei
1045 5229 1157 5314 (Prov.
1180 5233 1228 5309 12,
1250 5235 1288 5293 14
1309 5237 1342 5294 et
1361 5234 1410 5309 13,

440 5305 494 5390 13)
501 5330 509 5386 ;
538 5306 593 5389 qni
616 5306 712 5371 timet
732 5310 936 5392 mandatum,
967 5314 1243 5397 remunerabitur3
1270 5315 1411 5400 gaudete

509 5594 537 5663 1)
564 5599 638 5652 nar.
661 5598 687 5654 a.
709 5600 745 5654 aa
767 5601 854 5655 conr.
878 5619 899 5654 0.
923 5601 947 5655 v.
1017 5604 1047 5672 a)
1073 5605 1149 5660 aaa
1170 5607 1266 5673 aaa
1288 5607 1413 5661 caueae

441 5659 508 5730 cap.
527 5663 563 5719 x
579 5667 604 5732 a
622 5665 734 5722 vv-ar.

1465 4288 1938 4370 quamobhancadoptionem.
1962 4288 2040 4354 Non
2049 4289 2139 4354 enim
2151 4289 2214 4352 erit
2223 4288 2339 4350 haeres
2350 4286 2438 4353 filius

1465 4374 1612 4451 ancillae,
1629 4372 1686 4438 sed
1704 4373 1792 4440 filius
1808 4374 1931 4440 liberae
1941 4373 2032 4459 (Gal.
2045 4379 2075 4452 4,
2083 4372 2148 4455 30).
2171 4370 2326 4454 Adeoque
2344 4372 2380 4434 in
2397 4373 2440 4438 iis

1463 4459 1545 4541 ipsis
1559 4458 1638 4523 locis
1653 4460 1770 4541 quibus
1786 4459 1926 4544 gloriam
1942 4467 2110 4524 aeternam
2125 4455 2307 4522 mercedem
2332 4459 2440 4539 operi·

1464 4543 1527 4609 bus
1544 4545 1613 4609 fere
1629 4545 1800 4627 pollicetur
1817 4546 1953 4628 spiritus
1969 4551 2109 4621 sanctus,
2126 4541 2363 4607 haereditatem
2381 4566 2439 4610 no-

1463 4630 1617 4694 minatim
1633 4629 1855 4713 exprimendo,
1873 4631 2004 4696 aliunde
2015 4629 2108 4694 nobis
2118 4627 2291 4710 provenire
2304 4628 2438 4695 demon·

1465 4721 1558 4780 strat.
1578 4714 1794 4782 SieOhristus
1806 4713 2066 4797 (Mamaeam)
2076 4734 2175 4796 opera
2186 4723 2344 4792 recenset
2355 4737 2437 4797 quae

1465 4801 1546 4866 coeli
1568 4803 1829 4867 remuneratione
1850 4807 2040 4883 compensat
2061 4798 2140 4864 dum
2161 4799 2198 4864 in
2219 4801 2289 4865 eius
2310 4822 2437 4883 posses·

1465 4888 1589 4951 sienem
1610 4889 1730 4954 electos
1752 4891 1861 4963 vocat;
1889 4885 1947 4950 sed
1975 4886 2074 4951 simul
2095 4885 2258 4970 adiungit,
2288 4886 2438 4952 haeredi·

1464 4973 1542 5038 tatis
1573 4975 1644 5038 iure
1675 4970 1915 5056 possidendum.
1967 4969 2024 5037 Sic
2055 4972 2180 5038 Paulus
2213 4972 2298 5057 (001.
2327 4976 2361 5051 3,
2381 4971 2437 5058 24)

1464 5058 1555 5123 iubet
1576 5080 1701 5136 servos,
1730 5055 1870 5124 fideliter
1895 5064 2031 5142 agentes
2058 5057 2146 5143 quod
2173 5058 2272 5124 officii
2299 5060 2352 5123 sui
2378 5066 2437 5137 est,

1462 5165 1594 5227 sperare
1618 5143 1868 5210 retributionem
1889 5165 1910 5208 a
1927 5144 2086 5224 Domino;
2109 5143 2167 5211 sed
2189 5144 2297 5223 addit,
2322 5144 2436 5209 haere-

1464 5229 1585 5295 ditatis.
1630 5229 1790 5294 Videmus
1817 5236 1855 5293 ut
1881 5231 1974 5313 quasi
2001 5230 2212 5313 praescriptis
2234 5228 2341 5294 verbis
2363 5228 2436 5293 dili·

1464 5323 1581 5399 genter
1602 5322 1740 5383 caveant
1760 5337 1803 5381 ne
1820 5334 1895 5382 acce
1918 5323 1987 5382 tam
2005 5317 2148 5382 feramus
2167 5314 2317 5397 operibus
2330 5320 2435 5377 aeter-

1463 5422 1541 5466 nam
1573 5402 1821 5480 beatitndinem,
1854 5337 1918 5468 seri)
1943 5402 2009 5468 Dei
2041 5400 2213 5484 adoptioni.
2256 5398 2327 5465 Gur
2357 5420 2436 5483 ergo

1464 5487 1564 5551 simul
1584 5509 1721 5571 opernm
1742 5487 1944 5554 mentionem
1971 5485 2115 5553 faciunt?
2159 5484 2235 5552 Uno
2255 5485 2436 5566 scripturae

1464 5573 1614 5656 exemplo
1639 5574 1705 5639 ista
1731 5573 1880 5656 quaestio
1905 5573 2073 5638 elucescet.
2117 5570 2206 5636 Ante
2230 5570 2438 5636 nativitatem

1464 5658 1566 5737 aaa,
1583 5660 1779 5742 promissum
1800 5665 1872 5724 erat
1887 5657 2043 5723 Abrabae
2064 5676 2176 5723 semen
2195 5656 2231 5721 in
2252 5676 2316 5739 quo
2338 5657 2438 5723 bene-
2531 5735 2536 5747 Ι
