5600 6809
398 785 441 845 45

400 977 506 1037 tamen
532 972 723 1050 aputeum
749 971 829 1035 satis
857 971 961 1034 doceat
987 970 1170 1051 disparibus
1190 971 1290 1035 nudis
1319 972 1379 1035 ali

400 1058 484 1122 unde
505 1057 654 1121 datribui
666 1056 755 1136 quod
776 1055 931 1120 babemus.
968 1057 1056 1137 Quod
1077 1063 1178 1120 auten
1200 1057 1237 1121 de
1258 1077 1378 1122 arcario

400 1144 608 1224 inspiratione
635 1163 714 1222 quae
741 1146 856 1224 repetat
876 1146 971 1205 mma
991 1143 1143 1206 mundum
1165 1143 1299 1222 quidam.
1316 1142 1379 1204 bia

400 1233 518 1306 mant,
548 1248 610 1290 non
630 1227 719 1291 modo
740 1228 888 1305 dilutum,
917 1227 972 1291 sed
992 1229 1115 1292 omnino
1133 1228 1305 1309 profanum
1326 1232 1378 1290 est.

403 1313 513 1378 Placet
533 1313 601 1376 illie
623 1312 734 1376 celebre
755 1314 870 1377 elidum
901 1313 1044 1395 Virgilii:
1061 1312 1086 1397 ¹)

473 1449 617 1515 Principio
635 1449 735 1502 eoelum
754 1464 786 1501 ae
804 1454 900 1514 terras,
919 1463 1078 1516 camposque
1096 1448 1233 1517 liquentes,

472 1517 669 1586 Leccentemque
685 1517 791 1585 plebum
810 1517 890 1569 lunae
908 1517 1061 1585 titaniaque
1078 1524 1163 1582 astra,

473 1584 596 1653 Spiritus
612 1587 687 1638 intus
705 1587 769 1638 alit:
786 1591 922 1654 totamque
939 1585 1034 1649 infusa
1048 1601 1100 1652 per
1117 1592 1203 1650 artus,

473 1654 554 1708 Mene
571 1656 660 1723 apitat
677 1655 778 1719 nucleae,
797 1661 822 1706 et
838 1670 937 1721 raopao
956 1670 983 1706 se
1001 1670 1115 1721 corpore
1132 1656 1231 1707 risisset.

473 1722 543 1776 Inde
560 1723 697 1775 bominum
712 1722 897 1790 pecudumque
913 1738 1007 1792 penae,
1025 1724 1147 1792 citaeque
1165 1723 1311 1788 comatum,

473 1792 513 1844 Et
529 1806 599 1861 quae
614 1806 765 1843 maroeorea
781 1790 836 1856 sert
853 1797 976 1843 monstra
994 1792 1043 1844 sub
1061 1808 1176 1860 aequme
1190 1799 1300 1859 porr-tus,

474 1860 575 1929 aneus
592 1867 632 1912 est
649 1861 710 1912 ollis
727 1861 805 1928 m'por
823 1864 848 1911 et
866 1861 986 1912 eoelestis
1003 1861 1089 1927 oripo,
1107 1866 1153 1912 ete.

428 2052 431 2058 Δ
491 1980 610 2059 Nempe
640 1985 675 2042 ut
705 1979 842 2044 merulus
873 1981 928 2060 qui
960 1980 995 2044 ia
1027 1980 1234 2061 spectaculum
1264 1979 1382 2063 ploriae

401 2065 467 2130 Dei
499 2066 639 2130 coirditus
666 2071 726 2143 est,
760 2086 839 2130 suus
869 2067 937 2147 epse
968 2067 1010 2129 sit
1043 2071 1169 2130 creator
1216 2066 1269 2129 Sic
1299 2067 1383 2129 enim

400 2153 484 2218 idem
515 2149 593 2215 alibi
624 2171 813 2215 mmmunem
838 2150 969 2217 Graecis
997 2156 1025 2214 et
1053 2151 1180 2216 Latinis
1200 2152 1383 2216 sententiam

404 2243 570 2319 emeatus:
583 2236 613 2320 ²)

473 2372 544 2425 Esse
560 2373 659 2439 apibus
673 2378 781 2440 partem
795 2373 907 2426 divinae
923 2373 1020 2424 mentr's
1038 2378 1063 2425 et
1080 2373 1196 2425 haustus

473 2442 622 2504 Aetherias,
640 2441 740 2494 decere.
777 2440 868 2494 Deum
885 2457 1002 2510 namque
1019 2443 1060 2494 ire
1074 2457 1126 2508 per
1143 2457 1234 2495 munes

476 2510 629 2578 Persasque
646 2516 801 2579 tractusque
817 2512 903 2563 mares
921 2510 1072 2578 coelumque
1088 2510 1266 2576 profundum.

471 2578 549 2632 Hinc
563 2578 688 2646 pecudes,
707 2585 838 2646 armenta,
856 2580 938 2643 ciras,
956 2594 1043 2647 penus
1061 2595 1138 2630 omne
1155 2583 1289 2647 ferarum,

474 2645 612 2767 Ξαιζηᾳαι
629 2647 683 2701 sebi
700 2654 791 2727 tenues
805 2654 960 2727 nascentem
978 2662 1113 2700 arcessere
1130 2649 1207 2727 citae

496 2715 583 2768 aleret
599 2715 651 2768 bue
668 2716 747 2769 redde
765 2715 869 2782 deinde
887 2732 920 2769 ac
936 2717 1056 2769 resoluta
1074 2716 1172 2782 referre

481 2783 597 2837 Omnia:
613 2800 663 2838 nec
679 2786 763 2838 morti
777 2786 935 2838 essetecum
961 2784 1010 2838 sed
1026 2786 1089 2837 oica
1108 2786 1200 2838 calare
1265 2823 1278 2849 ,

478 2852 586 2906 Sideris
603 2853 634 2905 in
650 2869 799 2917 numnam
817 2859 896 2922 atque
913 2825 968 2907 olto
985 2853 1125 2907 mmedere
1141 2854 1221 2908 coelo.

407 2971 461 3036 En
482 2973 561 3053 quid
586 2973 629 3037 ad
647 2973 836 3055 pipnendam
861 2972 1085 3054 sormidamque
1112 2974 1148 3036 in
1169 2972 1311 3038 cordibus
1331 2972 1382 3036 bo

406 3060 526 3122 minum
548 3059 696 3140 pietatm
723 3058 824 3122 coeat
851 3061 961 3123 ieiuna
982 3059 1040 3124 illo
1061 3059 1229 3141 speculatio
1250 3061 1288 3124 de
1308 3061 1382 3122 uui-

406 3165 495 3209 versa
523 3150 623 3207 mente
645 3165 725 3224 quae
745 3145 899 3208 mundum
919 3147 1041 3209 animat
1062 3166 1099 3209 ac
1124 3150 1247 3227 cepetot.
1295 3146 1382 3226 Quod

405 3232 495 3294 ctiam
518 3250 557 3293 en
578 3229 740 3311 sacrileqis
761 3231 880 3309 impuri
908 3232 996 3294 canis
1018 3231 1158 3294 Lucretii
1179 3230 1301 3295 vocibus
1322 3252 1383 3295 me·

407 3315 469 3380 lius
497 3316 592 3396 liquet
623 3335 702 3395 qnae
728 3335 749 3378 a
765 3317 928 3398 pmnmpio
949 3316 1003 3380 illo
1024 3316 1170 3381 deductae
1191 3321 1271 3380 sunt.
1315 3317 1383 3382 Hoc

404 3422 474 3465 vcro
501 3406 558 3480 est,
593 3406 627 3464 ut
648 3401 760 3483 procul
786 3401 921 3481 facessat
945 3422 1039 3466 uerus
1065 3401 1157 3465 Deus
1183 3423 1273 3482 quem
1298 3405 1383 3467 lime·

404 3507 498 3550 amus
530 3492 555 3550 et
587 3487 738 3565 colamm,
774 3487 939 3551 umbratile
965 3508 1080 3552 numen
1105 3488 1216 3568 facere.
1267 3488 1383 3554 Fateor

405 3572 528 3654 quidem
548 3572 604 3653 pie
631 3571 685 3649 boc
706 3592 800 3651 posse
827 3573 907 3653 dici,
940 3575 1028 3638 medo
1055 3596 1076 3637 a
1092 3575 1149 3655 pio
1178 3575 1283 3640 animo
1306 3596 1382 3672 pro

404 3658 578 3739 ficiscolur,
606 3663 754 3721 naturam
775 3678 841 3722 esse
861 3658 983 3738 Deum;
1010 3660 1065 3724 sed
1085 3660 1163 3740 quia
1184 3659 1268 3724 dura
1289 3666 1382 3753 estet

404 3745 578 3826 impropria
595 3744 731 3825 loquuim
748 3764 845 3823 quum
860 3745 969 3825 potius
985 3751 1102 3809 natura
1123 3747 1167 3809 sit
1183 3746 1258 3810 ordo
1275 3768 1296 3810 a
1313 3747 1381 3810 Deo

399 3830 630 3912 praesemptuS,
658 3830 694 3892 in
714 3829 806 3893 rebus
827 3831 906 3894 tanti
921 3830 1088 3912 ponderis,
1112 3837 1140 3894 et
1161 3830 1275 3910 quibus
1295 3831 1381 3897 debe

309 3925 311 3927 ’
404 3920 455 3979 tur
477 3916 653 3998 sinpularis
669 3915 788 3997 relipio,
810 3915 964 3980 involvere
981 3916 1106 3997 mnsuse
1124 3917 1229 3981 Deum
1246 3938 1316 3982 cum
1333 3920 1381 3982 iu
1398 3937 1403 3948 ·

404 4001 517 4150 mbo.
537 4013 812 4151 opillllilnesliorrnllbl
826 4008 1211 4170 ecrupbssu'qlbtibbmqeliisque
1232 4093 1380 4154 natmam

403 4192 493 4237 amm
514 4173 702 4250 considerat,
731 4192 830 4235 unum
850 4193 915 4237 esee
938 4173 1057 4252 Deum,
1087 4175 1143 4254 qui
1165 4176 1211 4237 sic
1229 4176 1381 4256 pubernot

403 4277 504 4323 marces
536 4263 670 4322 naturae
702 4263 736 4321 ut
768 4257 838 4322 velit
870 4279 927 4322 nos
960 4259 995 4321 in
1026 4278 1059 4322 se
1090 4261 1256 4340 respicere,
1285 4261 1379 4341 tidem

403 4350 541 4408 nostram
569 4345 612 4407 ad
639 4364 672 4408 ee
694 4344 808 4426 diripi,
837 4344 894 4408 coli
917 4349 944 4406 et
965 4345 1104 4409 invocari
1126 4365 1147 4407 a
1168 4345 1271 4426 nobem
1303 4348 1379 4427 quia

402 4429 481 4493 nibil
509 4431 612 4511 maprs
633 4435 873 4511 praeposterum
900 4449 996 4509 quom
1022 4429 1091 4509 frui
1118 4435 1183 4493 tam
1201 4433 1379 4513 praeclaris

401 4514 522 4580 datibm
544 4535 625 4596 quae
651 4516 686 4578 in
707 4515 796 4579 nobie
815 4516 1010 4580 diuinitatem
1031 4517 1169 4597 spirant,
1192 4523 1220 4581 et
1240 4523 1378 4583 anmrem

399 4601 550 4684 nepliqere
576 4602 632 4681 qui
654 4602 801 4682 precario
827 4602 915 4665 nabis
948 4621 1002 4666 eae
1028 4601 1171 4684 larpitur.
1214 4603 1288 4667 Iam
1319 4626 1376 4688 po·

398 4688 502 4751 tentia
530 4708 628 4769 quam
655 4686 832 4768 praeclaris
860 4687 1094 4770 speciminibus
1120 4709 1180 4752 nos
1206 4689 1242 4753 in
1272 4691 1376 4755 consi-

398 4771 601 4837 derationem
624 4772 675 4837 sui
701 4770 809 4854 rapit?
841 4773 903 4837 nisi
931 4773 1014 4838 forte
1042 4773 1145 4838 latere
1178 4797 1238 4840 nos
1270 4783 1377 4858 potest

395 4943 517 5007 molem
544 4966 602 5009 suo
630 4944 730 5009 verbo
756 4951 956 5024 sustentare3
985 4945 1053 5009 solo
1081 4953 1166 5010 nutu
1193 4968 1282 5012 nunc
1309 4949 1376 5012 fra-

394 5048 476 5177 fiore
498 5031 680 5093 tonitruum
707 5030 833 5095 coelum
855 5038 1036 5109 concutere,
1070 5031 1261 5097 fulminibus
1283 5034 1376 5116 quid-

412 5115 478 5179 'bet
498 5137 646 5194 exurere,
669 5115 819 5200 fulgetris
837 5137 946 5182 aerem
959 5117 1149 5197 accendere3
1170 5140 1258 5203 nunc
1276 5121 1376 5185 variis

394 5208 629 5282 tempestatum
650 5202 764 5266 formis
784 5203 989 5281 conturbare,
1014 5203 1156 5269 eundem
1177 5205 1287 5287 ipsum
1310 5213 1375 5271 sta·

395 5284 468 5364 tim,
490 5286 545 5350 ubi
567 5287 676 5366 libuit,
700 5307 766 5351 uno
786 5295 950 5352 momento
971 5310 1123 5354 serenare
1129 5314 1138 5368 ;
1160 5312 1266 5368 mare,
1289 5291 1376 5374 quod

396 5371 562 5436 assiduam
590 5379 699 5438 terrae
728 5373 945 5437 vastationem
971 5375 1093 5439 minari
1121 5397 1181 5441 sua
1202 5376 1374 5441 altitudine

819 782 908 848 LIB.
932 782 959 846 I.
1004 783 1067 847 DE
1091 781 1380 905 qoaNIrIONE
1403 781 1487 849 DEI
1509 783 1783 851 OREATORIS.
1828 785 1927 851 OAP.
1950 785 1991 848 V.

2366 791 2407 850 46

1431 973 1631 1038 horrendum
1653 975 1688 1037 in
1708 973 1841 1037 modum
1866 972 2066 1037 tumultuoso
2088 980 2260 1037 ventorum
2283 974 2409 1056 impetu

1431 1061 1607 1138 concitare,
1647 1082 1735 1124 nunc
1767 1059 1888 1124 sedatis
1919 1058 2034 1134 undis,
2072 1066 2225 1140 pecatum
2262 1059 2408 1124 reddere.

1432 1147 1505 1210 Huc
1531 1148 1688 1227 pertinent
1720 1166 1800 1225 quae
1820 1145 1947 1226 passim
1975 1149 2138 1208 occurerunt
2164 1147 2319 1225 potentiae
2346 1146 2411 1211 Dei

1432 1233 1530 1313 elopia
1552 1253 1589 1295 ee
1609 1237 1741 1294 naturae
1760 1231 1954 1307 testimoniis,
1966 1230 2161 1311 'praesertim
2182 1251 2253 1296 cero
2274 1233 2309 1294 iu
2330 1232 2410 1296 libro

1433 1317 1488 1381 Iob
1515 1321 1542 1380 et
1568 1319 1656 1398 apud
1684 1316 1841 1389 lesbiam·
1868 1336 1948 1396 quae
1975 1336 2056 1379 rcum
2082 1315 2219 1379 consulto
2239 1324 2409 1396 maetam,

1432 1404 1509 1483 quia
1530 1403 1762 1466 omnmodiorem
1782 1403 1859 1466 alibi
1880 1403 1978 1466 mcum
1994 1400 2156 1482 reperient,
2179 1393 2236 1464 ubi
2254 1423 2292 1467 ec
2313 1405 2410 1483 scrip

1432 1489 1515 1552 turis
1546 1490 1585 1553 de
1615 1489 1727 1552 mundi
1758 1490 1910 1553 creatione
1943 1487 2105 1552 duanam.
2160 1487 2189 1549 Τ
2187 1492 2297 1550 autum
2328 1510 2411 1554 aune

1432 1574 1583 1655 attinuere
1610 1574 1708 1650 colui,
1737 1576 1850 1638 ceteris
1878 1579 1907 1637 et
1927 1573 2101 1637 domesticis
2122 1592 2311 1637 comminuam
2331 1573 2411 1638 banc

1432 1679 1497 1723 esse
1528 1660 1614 1722 mam
1647 1661 1817 1739 quaerendi
1849 1659 1927 1738 Dei,
1960 1659 1990 1722 si
2022 1658 2209 1722 lincamenta
2239 1665 2412 1740 amnentur
2496 1690 2503 1707 ι

1433 1765 1512 1826 quae
1538 1765 1666 1809 mersum
1693 1765 1730 1809 ac
1750 1746 1894 1809 deorsum
1923 1745 2028 1808 oioam
2056 1745 2126 1808 eius
2147 1745 2280 1828 effigiem
2302 1747 2412 1809 mum

1432 1831 1530 1894 brant.
1573 1832 1646 1894 Iam
1670 1831 1741 1913 ipsa
1774 1832 1920 1912 potentia
1955 1851 2014 1894 noe
2041 1829 2082 1894 ad
2109 1830 2315 1913 cogitandam
2341 1832 2411 1895 eius

1434 1917 1660 1980 aeternitatem
1689 1916 1832 1981 deducit:
1862 1917 1939 1998 quia
1966 1926 2135 1980 aeternum
2158 1938 2244 1994 esse,
2273 1925 2306 1980 et
2333 1940 2353 1982 a
2375 1939 2410 1981 se

1433 2003 1503 2085 ipso
1536 2004 1732 2084 principium
1765 2002 1886 2067 habere
1918 2006 2049 2066 necesse
2082 2011 2146 2080 est,
2181 2002 2267 2066 uude
2300 2003 2411 2067 omnia

1434 2089 1572 2152 trahunt
1592 2090 1760 2171 originem.
1805 2089 1909 2152 Porro
1933 2089 1961 2152 si
1983 2109 2081 2153 causa
2102 2089 2268 2170 quaeritur
2290 2110 2356 2170 qua
2378 2099 2411 2152 et

1435 2174 1476 2238 ad
1499 2174 1639 2238 creanda
1661 2174 1741 2239 haec
1763 2174 1862 2239 semel
1884 2175 1993 2237 omnia
2013 2172 2165 2238 inductus
2187 2175 2244 2251 sit,
2268 2182 2301 2238 et
2321 2196 2410 2239 nunc

1435 2259 1476 2323 ad
1503 2259 1727 2324 conservanda
1755 2269 1938 2338 moveatur,
1977 2259 2079 2323 sclam
2111 2259 2159 2322 illi
2189 2281 2281 2324 suam
2316 2261 2409 2324 boni-

1434 2353 1538 2409 tatem
1570 2347 1804 2427 comperiemus
1837 2368 1895 2427 pro
1928 2365 2026 2410 causa
2058 2366 2137 2409 esse.
2188 2343 2278 2424 Quin
2310 2347 2410 2410 ctiam

1436 2432 1516 2495 haec
1537 2433 1566 2495 si
1588 2453 1654 2494 una
1675 2432 1726 2507 sit,
1750 2432 1823 2514 plus
1846 2432 1925 2495 satis
1946 2438 2057 2494 tamen
2080 2431 2228 2495 sufficere
2251 2431 2346 2496 debet
2367 2431 2410 2495 ad

1434 2538 1495 2581 nos
1522 2518 1557 2579 in
1585 2537 1730 2580 amorem
1757 2518 1826 2582 eius
1853 2514 2053 2581 alliciendos:
2088 2516 2216 2598 quando
2244 2517 2334 2596 nulla
2360 2524 2411 2582 est

1434 2610 1592 2680 ereatura,
1615 2610 1652 2666 ut
1673 2603 1832 2684 propheta
1848 2611 1960 2667 monet
1978 2602 2080 2682 (Psel.
2103 2607 2172 2677 145,
2192 2602 2236 2684 9),
2259 2604 2293 2665 in
2312 2624 2410 2684 quam

1432 2711 1499 2754 non
1521 2689 1625 2753 effusa
1646 2690 1690 2753 sit
1710 2689 1779 2752 eius
1800 2687 2029 2753 misericordia.

1521 2779 1549 2837 7.
1604 2775 1645 2837 In
1678 2775 1820 2839 seeundo
1851 2795 1979 2856 quoque
2011 2795 2130 2857 genere
2163 2796 2298 2856 operum
2331 2775 2409 2852 eius,

1435 2883 1518 2943 quae
1550 2859 1674 2924 scilicet
1705 2872 1835 2942 praeter
1873 2858 2076 2924 ordinarium
2108 2869 2246 2924 naturae
2278 2883 2410 2925 cursum

1434 2948 1607 3024 eveniunt,
1640 2946 1743 3009 nihilo
1776 2946 1963 3011 obscuriore
1991 2967 2025 3010 se
2052 2947 2221 3027 proferunt
2248 2948 2410 3012 virtutum

1434 3033 1504 3097 eius
1533 3042 1734 3115 argumenta.
1777 3032 1864 3096 Nem
1891 3032 1927 3094 in
1954 3030 2214 3095 administranda
2239 3032 2410 3096 hominum
2523 3082 2525 3087 .

1433 3119 1586 3184 societate
1608 3119 1655 3182 ita
1676 3118 1914 3199 providentiam
1936 3138 2027 3180 suam
2050 3125 2226 3198 temperat,
2249 3128 2288 3180 ut
2310 3139 2411 3199 quum

1434 3206 1477 3269 sit
1499 3226 1578 3286 erga
1604 3225 1716 3268 omnes
1740 3204 1920 3269 innumeris
1942 3202 2046 3267 modis
2068 3203 2230 3286 benignus
2252 3225 2289 3267 ac
2311 3204 2410 3268 bene-

1433 3293 1528 3368 ficus,
1564 3291 1685 3373 apertis
1711 3297 1824 3354 tamen
1853 3310 1890 3354 ac
1917 3286 2113 3371 quotidianis
2139 3288 2280 3367 indiciis,
2313 3310 2411 3353 suam

1434 3378 1496 3459 piis
1517 3376 1740 3454 clementiam,
1770 3375 1926 3458 improbis
1951 3395 1989 3438 ec
2015 3375 2181 3439 sceleratis
2202 3375 2410 3439 severitatem

1434 3463 1585 3527 declaret
1630 3462 1703 3525 Non
1732 3463 1821 3526 enim
1851 3460 1968 3525 dubiae
1999 3469 2077 3524 sunt
2093 3482 2185 3542 ‘quas
2215 3460 2254 3525 de
2276 3460 2409 3543 flagitiis

1434 3548 1535 3613 sumit
1556 3548 1709 3625 ultiones;
1732 3546 2006 3630 quemadmodum
2024 3566 2090 3610 non
2107 3547 2241 3611 obscure
2258 3554 2408 3625 tutorem,

1434 3655 1472 3699 aa
1500 3635 1599 3699 etiam
1626 3633 1789 3698 vindicem
1817 3654 1851 3697 se
1879 3633 2084 3696 innocentiae
2106 3653 2176 3696 esse
2198 3632 2409 3709 demonstrat,

1433 3719 1512 3784 dum
1533 3720 1694 3784 bonorum
1711 3720 1813 3784 vitam
1833 3739 1893 3782 sua
1910 3719 2134 3783 benedictione
2151 3726 2330 3800 prosperat,
2352 3739 2411 3781 ne-

1432 3806 1576 3871 cessitati
1597 3805 1783 3887 opitulatur,
1807 3804 1933 3868 dolores
1954 3804 2035 3868 lenit
2056 3824 2094 3867 ac
2115 3804 2248 3882 solatur,
2277 3804 2410 3872 calami·

1433 3899 1516 3956 tates
1550 3891 1713 3965 sublevat,
1748 3890 1845 3954 saluti
1872 3910 1931 3971 per
1958 3891 2068 3953 omnia
2099 3889 2245 3954 consulit.
2295 3890 2410 3972 Neque

1432 3998 1510 4042 vero
1542 3985 1734 4060 perpetuam
1764 3976 1908 4040 iustitiae
1947 3976 2015 4040 eius
2054 3975 2203 4058 regulam
2237 3976 2411 4040 obscurare

1433 4062 1542 4141 debet,
1584 4062 1670 4144 quod
1709 4062 1872 4144 improbos
1905 4069 1938 4125 et
1971 4068 2080 4126 sontes
2113 4061 2155 4125 ad
2187 4069 2315 4143 tempus
2348 4062 2410 4124 im·

1431 4150 1562 4231 punitos
1594 4148 1796 4230 saepiuscule
1830 4148 1994 4212 exsultare
2027 4149 2117 4226 sinit;
2150 4148 2267 4228 probos
2300 4156 2410 4211 autem

1432 4243 1466 4299 et
1486 4235 1696 4298 immerentes
1717 4233 1830 4297 multis
1852 4234 1950 4298 rebus
1972 4233 2118 4297 adversis
2139 4234 2270 4310 iactare,
2293 4234 2408 4312 impio·

1430 4343 1505 4384 rum
1544 4321 1644 4383 etiam
1682 4319 1808 4383 malitia
1846 4328 1880 4383 et
1911 4320 2082 4401 iniquitate
2116 4319 2221 4401 premi
2260 4318 2406 4382 sustinet.

1431 4404 1521 4485 Quin
1549 4407 1657 4487 potius
1683 4404 1780 4488 longe
1803 4404 1933 4469 diversa
1959 4406 2111 4488 cogitatio
2133 4405 2241 4468 subire
2263 4408 2407 4466 mentem
2454 4469 2458 4477 ,

1432 4492 1539 4556 debet:
1561 4491 1691 4573 quando
1713 4492 1747 4554 in
1765 4492 1927 4574 flagitium
1949 4512 2052 4554 unum
2074 4490 2244 4554 manifesta
2265 4489 2333 4551 irae
2354 4488 2407 4551 in·

1430 4577 1514 4642 dicio
1545 4575 1790 4654 animadvertit,
1830 4577 1940 4641 omnia
1974 4578 2082 4658 ipsum
2115 4574 2236 4652 odisse;
2276 4573 2407 4655 quando

1430 4663 1535 4727 multa
1555 4663 1662 4726 inulta
1683 4663 1928 4745 praetermittit,
1957 4662 2045 4726 aliud
2072 4662 2139 4724 fore
2164 4659 2322 4725 iudicium
2343 4682 2407 4742 quo

1428 4748 1595 4831 punienda
1621 4748 1827 4812 diffenmtur.
1873 4745 2033 4812 Similiter
2059 4746 2298 4810 misericordiae
2328 4768 2406 4811 suae

1429 4833 1683 4900 considerandae
1710 4841 1866 4916 quantam
1894 4834 2065 4897 materiam
2092 4831 2185 4896 nobis
2209 4832 2404 4915 suppeditat,

1429 4919 1507 4984 dum
1528 4922 1657 5002 saepius
1678 4919 1815 4983 miseros
1836 4927 2020 5001 peccatores
2038 4917 2199 4982 indefessa
2217 4926 2327 4984 tamen
2349 4920 2405 4983 bc-

1427 5006 1588 5089 nignitate
1605 5006 1820 5088 prosequitur,
1839 5005 1942 5068 donec
1959 5024 2072 5068 eorum
2092 5005 2289 5086 pravitatem
2306 5005 2405 5070 bene-

1426 5090 1574 5157 faciendo
1595 5091 1744 5174 fregerit,
1767 5091 1954 5173 plusquam
1977 5098 2114 5169 paterna
2135 5090 2340 5175 indulgentia
2364 5090 2406 5156 ad

1427 5199 1462 5242 se
1484 5176 1691 5244 revocando?¹

1512 5267 1541 5327 8.
1587 5262 1630 5326 In
1655 5263 1736 5327 bunc
1761 5262 1855 5342 finem
1876 5260 2030 5341 propbeta
2054 5260 2405 5345 (Psal.107)comme-

1426 5369 1554 5413 morans
1580 5350 1615 5412 iu
1640 5349 1732 5412 rebus
1759 5347 1931 5425 desperatis
1956 5353 2082 5427 repente
2108 5353 2135 5412 ei
2161 5347 2348 5411 mirabiliter
2368 5368 2405 5412 ac

395 5455 542 5537 videtur,
566 5460 659 5540 quasi
679 5461 716 5523 in
737 5479 812 5523 aere
834 5479 1029 5540 suspensum
1049 5481 1210 5542 coercere;
1233 5469 1267 5527 et
1286 5484 1374 5528 nuno
1419 5439 1547 5514 praete
1572 5454 1659 5516 spem
1686 5432 1793 5497 Dium
1819 5432 1945 5496 mlieris
1970 5454 2007 5497 αθ
2033 5433 2101 5515 [ere
2122 5433 2259 5514 willifs
2280 5452 2405 5496 Mitr-

395 5612 600 5622 mm.

469 5694 497 5762 1)
514 5697 628 5749 Aeneid.
647 5698 671 5763 6,
691 5697 743 5751 724
759 5714 835 5767 seqq.
905 5693 936 5757 2)
954 5693 1052 5764 θοοῖς.
1070 5696 1096 5762 4,
1114 5695 1168 5749 220
1184 5715 1260 5768 seqq.

1426 5540 1503 5598 rere,
1523 5521 1588 5584 sice
1603 5540 1665 5601 per
1686 5520 1805 5582 desem
1827 5524 1974 5599 vapantes
1994 5539 2016 5582 a
2035 5520 2116 5599 feris
2132 5521 2272 5600 protegat
2290 5524 2319 5582 et
2336 5524 2405 5582 ton

1425 5605 1495 5669 dem
1516 5605 1644 5670 reducat
1664 5605 1699 5667 in
1720 5604 1821 5682 mam,
1850 5605 1915 5668 sive
1936 5603 2093 5687 equibus
2113 5625 2150 5669 ac
2169 5602 2323 5685 tumetum
2344 5605 2404 5668 oic-

1425 5694 1492 5753 tnm
1512 5691 1697 5771 neppeditet,
1719 5691 1784 5756 siue
1800 5691 1938 5772 captivos
1958 5710 1997 5753 ee
2017 5690 2104 5753 mres
2124 5690 2222 5770 foveis
2243 5695 2271 5752 et
2289 5689 2404 5769 ferreis
