5600 6809
437 794 500 855 ai
648 788 738 855 ian
761 756 824 854 111.
869 789 933 853 nn
955 734 1091 854 nono
1113 784 1463 852 PEROIPIENDAE
1486 785 1678 853 annisu
1700 790 1918 857 omniun.
1963 791 2064 858 ear.
2086 793 2151 858 iii.
2174 793 2236 858 IV.
2378 749 2446 858 iis

437 981 732 1054 commisissem,
765 976 914 1060 quamvis
937 997 993 1040 ore
1015 997 1082 1039 non
1104 977 1312 1054 confiteatur,
1334 995 1415 1058 quo·
1467 977 1693 1058 moymarum
1737 978 1825 1044 Haec
1850 982 1932 1045 euim
1954 987 1999 1046 cst
2019 1002 2081 1046 ooo
2096 983 2284 1063 mendatio
2306 984 2446 1063 tristitia,

437 1066 534 1131 mode
562 1087 656 1130 suam
686 1062 892 1148 partitionem
925 1061 1126 1126 tuebuntur?
1177 1059 1215 1125 Si
1243 1062 1331 1124 enim
1359 1061 1415 1125 ille
1468 1082 1548 1143 ariae
1564 1064 1785 1143 poententiam
1805 1067 1905 1148 pipoit
1927 1068 1962 1130 io
1984 1069 2128 1146 salutem,
2156 1069 2210 1132 sed
2234 1068 2288 1133 ubi
2309 1071 2448 1152 cuipdur

437 1168 522 1219 vere'
555 1153 724 1234 poenitens
763 1170 831 1213 non
871 1150 1063 1223 confitetur,
1102 1147 1304 1229 poenitentia
1343 1148 1415 1211 sine
1467 1148 1583 1211 doloris
1605 1150 1769 1228 acerbitas,
1798 1172 1876 1232 quae
1897 1152 2007 1232 amai
2028 1155 2241 1236 mapoitudioi
2262 1157 2447 1235 respondeat

437 1238 639 1303 confessione
662 1257 732 1301 esso
754 1244 869 1318 potest.
910 1233 1008 1314 Quod
1030 1233 1058 1296 si
1080 1233 1306 1314 respondeant,
1329 1233 1415 1297 hane
1468 1238 1496 1296 et
1514 1255 1593 1314 quae
1614 1237 1650 1298 io
1670 1238 1791 1300 tortian
1809 1240 2005 1318 appendatur
2026 1259 2095 1301 cum
2110 1239 2229 1319 fiducia
2246 1243 2370 1305 veniae:
2392 1241 2446 1306 hio

437 1323 648 1406 partitionem
686 1320 727 1385 ad
762 1321 995 1404 poenitentiam
1027 1319 1141 1382 referri
1173 1329 1332 1399 quatenus
1366 1327 1416 1381 est
1467 1341 1546 1383 rero
1568 1321 1706 1385 miserae
1728 1324 1945 1387 eonscientiae
1962 1325 2056 1389 miris
2074 1323 2179 1389 modis
2196 1332 2391 1408 torquentur
2413 1334 2446 1391 et

438 1418 693 1484 sacramentum,
726 1407 780 1470 vel
808 1406 848 1469 de
875 1414 943 1469 tota
970 1405 1188 1486 poenitentiae
1216 1404 1415 1485 perfectione
1468 1406 1696 1488 exagitantur,
1725 1406 1804 1470 duni
1833 1411 1895 1474 sibi
1923 1409 2066 1473 debitam
2096 1419 2301 1492 peecatorum
2324 1414 2445 1477 contri·

437 1493 592 1576 intelligi,
625 1513 723 1575 quam
752 1493 819 1557 suis
848 1490 1092 1555 definitionibus
1113 1512 1178 1553 non
1202 1490 1415 1570 comprehen-
1467 1492 1590 1555 tionem
1611 1494 1735 1574 imponi
1756 1494 1884 1571 vident,
1907 1517 1968 1559 nec
1992 1506 2210 1578 assequuntur
2232 1496 2331 1562 debiti
2353 1521 2445 1563 men·

437 1580 528 1657 dunt,
553 1599 620 1641 non
642 1588 693 1642 est
713 1576 800 1642 unde
820 1598 965 1643 accuser:
997 1577 1141 1657 sibiipsi
1163 1575 1334 1657 imputent,
1359 1576 1415 1657 qui
1468 1598 1594 1655 suram,
1623 1588 1660 1642 ut
1686 1600 1798 1643 secum
1827 1579 2001 1646 decernere
2024 1583 2165 1664 possint,
2194 1604 2229 1646 se
2251 1584 2445 1664 persolvisse

438 1687 505 1729 non
533 1666 647 1748 purius
676 1686 713 1729 ao
742 1663 915 1728 dilucidius
938 1662 1106 1726 definiunt.
1151 1662 1223 1743 Ego
1246 1669 1333 1725 certe
1355 1682 1415 1743 pro
1467 1662 1553 1744 quod
1572 1662 1741 1728 debebant.
1776 1663 1814 1730 Si
1833 1666 1977 1730 dixerint
1994 1667 2178 1732 faciendum
2197 1669 2281 1749 quod
2300 1670 2335 1732 in
2353 1670 2445 1734 nobis

437 1773 511 1815 mea
538 1751 697 1827 cmssitie,
731 1770 831 1832 quum
865 1747 905 1813 de
937 1769 973 1811 re
1001 1747 1110 1828 aliqua
1138 1746 1338 1828 disputatur,
1372 1747 1415 1811 ad
1468 1759 1526 1825 est,
1549 1748 1661 1813 eodem
1684 1771 1812 1831 semper
1829 1754 2038 1816 revolvimur.
2074 1752 2215 1833 Quando
2238 1757 2328 1818 enim
2346 1755 2444 1820 aude·

436 1838 541 1918 ipsam
576 1836 798 1900 definitionem
831 1835 941 1898 omnia
967 1834 1091 1913 rosere,
1124 1853 1207 1915 quae
1234 1841 1285 1895 est
1313 1833 1415 1896 tetius
1466 1833 1516 1897 bit
1537 1835 1604 1900 sibi·
1621 1837 1810 1917 promittere
1832 1838 2002 1919 quispiam,
2028 1860 2141 1902 omnes
2164 1861 2198 1903 se
2220 1841 2307 1904 vires
2329 1851 2444 1905 eontu-

439 1922 667 2003 disputationis
695 1921 791 1986 cardo
818 1942 855 1985 ac
880 1918 1140 1984 fundamentum.
1190 1916 1258 1982 Sed
1286 1919 1328 1982 sit
1357 1918 1415 1981 illa
1466 1920 1542 1984 lisso
1565 1921 1606 1985 ad
1629 1920 1771 2004 lugenda
1792 1924 1944 2004 peccata?
1978 1925 2042 1989 Ubi
2065 1946 2142 2007 ergo
2165 1925 2222 1989 diu
2243 1947 2351 1990 secum
2375 1928 2444 1992 luc·

438 2007 637 2089 magistralis
667 2007 812 2084 lieentia,
842 2007 908 2069 iam
930 2015 1038 2086 partes
1059 2004 1147 2087 ipsas
1169 2003 1282 2067 ordine
1304 2004 1414 2087 perlu·
1466 2014 1568 2083 tatae,
1598 2014 1631 2070 et
1652 2007 1759 2090 longis
1782 2009 2014 2073 certaminibus
2036 2012 2197 2075 exercitae
2217 2013 2442 2099 conscientiae,

402 2147 405 2151 ,
439 2104 589 2157 stremus.
624 2093 711 2173 Quod
727 2093 883 2174 aspisatim
900 2092 994 2172 quasi
1013 2090 1130 2171 friuola
1151 2088 1314 2154 transsilic
1335 2110 1415 2169 quac
1465 2102 1595 2174 portum
1617 2093 1751 2157 tandein
1773 2095 1808 2156 in
1830 2116 1894 2176 quo
1917 2095 2082 2159 resideant
2103 2118 2169 2160 non
2193 2099 2381 2176 inveniunt,
2405 2105 2444 2162 ut

437 2179 503 2259 ipsi
523 2179 615 2261 praei
635 2179 802 2257 supercilio
819 2199 880 2258 pro
897 2177 1056 2258 mysteriis
1066 2175 1233 2253 oeoditaot,
1256 2176 1414 2255 confacio
1466 2199 1500 2242 se
1523 2179 1631 2260 aliqua
1652 2179 1770 2243 saltem
1791 2190 1884 2262 parte
1903 2180 2044 2260 leniant,
2068 2180 2211 2247 dolorem
2235 2204 2255 2247 a
2275 2204 2311 2248 se
2333 2193 2442 2247 extor-

437 2264 573 2328 imcitia.
611 2264 718 2344 Neque
740 2265 822 2326 oiim
844 2262 922 2325 acilii
944 2263 1033 2326 udde
1055 2261 1243 2325 laboriasum
1264 2265 1341 2324 esset
1362 2281 1414 2324 ce-
1465 2269 1580 2345 quent,
1604 2271 1638 2327 et
1659 2264 1823 2350 lacrymas
1840 2267 2043 2349 exprimunt,
2066 2267 2184 2351 quibus
2206 2290 2300 2333 suam
2321 2270 2442 2334 contri·

373 2347 376 2352 ’
438 2356 537 2423 cuterc
565 2369 763 2429 quaecuuque
787 2353 894 2429 aiputc
920 2353 947 2411 et
969 2348 1125 2411 subtiliter
1145 2346 1211 2425 ipsi
1233 2348 1414 2410 existimant
1465 2349 1586 2413 tionem
1607 2352 1787 2431 perficiant.

438 2456 459 2499 a
480 2455 512 2497 se
534 2435 693 2513 disputari
700 2458 708 2510 ;
736 2433 790 2496 sed
817 2433 896 2496 milii
917 2435 1024 2516 rclipio
1045 2437 1122 2496 essct
1141 2432 1277 2514 fatipam
1298 2431 1415 2495 talibus

437 2520 565 2601 ineptiis
587 2520 709 2583 lectores
731 2519 845 2598 absque
865 2519 977 2598 fructu.
1024 2517 1109 2582 Certe
1130 2518 1167 2580 de
1188 2517 1280 2580 rebus
1300 2518 1414 2600 ipootis

436 2625 486 2668 eos
514 2607 639 2686 purrire
667 2625 705 2668 cc
734 2604 966 2685 quricstiooibas
991 2624 1071 2683 quas
1091 2607 1209 2667 moreat
1235 2609 1263 2666 et
1284 2604 1412 2685 apitaat,

438 2696 465 2753 ct
487 2692 600 2769 arcibus
619 2691 729 2752 misere
746 2710 778 2753 sc
795 2691 976 2769 impediunt,
999 2691 1120 2770 copodo
1137 2689 1231 2769 facim
1248 2693 1301 2753 est,
1332 2689 1414 2768 Qua

438 2775 480 2838 lis
501 2775 560 2838 illa
581 2781 639 2851 est,
668 2796 710 2837 art
738 2777 834 2837 ouius
851 2777 969 2853 peccati
984 2775 1173 2855 poariteiitia
1195 2773 1263 2838 Deo
1278 2773 1412 2855 placeat,

437 2861 491 2923 ubi
515 2862 549 2922 io
571 2861 648 2925 aliis
668 2862 764 2925 durat
785 2861 954 2924 obstinatio.
991 2858 1078 2936 Iteai,
1101 2880 1143 2922 ao
1158 2879 1277 2940 poenae
1298 2860 1414 2923 diviui-

438 2952 488 3009 tus
511 2946 645 3024 inflictae
667 2947 710 3010 ad
730 2947 971 3027 satisfactionem
992 2945 1122 3008 caleant.
1166 2944 1258 3021 Item,
1281 2966 1323 3007 ao
1344 2965 1412 3009 soe·

432 3034 512 3113 pius
534 3033 645 3095 iterari
665 3033 769 3112 possit
792 3052 852 3111 pro
874 3031 1057 3094 mortalibus
1072 3032 1216 3110 peccatis.
1268 3029 1328 3094 Ubi
1349 3035 1413 3092 tur-

430 3119 516 3198 piter
538 3122 565 3179 et
586 3119 681 3198 impie
702 3116 855 3196 defioiuot
871 3117 1012 3180 oouuisi
1032 3114 1259 3180 decurialibus
1274 3117 1413 3197 pcccatis

392 3210 408 3245 θ
435 3203 568 3282 quotidie
585 3204 638 3284 api
655 3205 881 3283 poeaitentiam.
914 3201 1068 3266 Similiter
1083 3220 1189 3265 erasse
1205 3221 1306 3264 errore
1323 3201 1413 3264 valde

434 3308 468 3351 se
494 3293 631 3368 torperent
657 3291 692 3351 io
713 3289 793 3352 dicto
815 3288 1014 3368 Huroopmi,
1041 3287 1261 3369 poeniteniam
1283 3306 1346 3349 csse
1367 3307 1412 3350 se-

437 3376 570 3438 cuudum
599 3373 736 3437 tabulam
758 3379 831 3455 post
851 3375 1064 3455 riaufrapium.
1110 3368 1152 3435 Io
1174 3391 1232 3452 quo
1251 3373 1412 3437 emendarit

436 3479 467 3523 se
489 3480 651 3539 uunquam
673 3482 693 3522 a
714 3460 801 3523 bruto
822 3465 946 3540 stupore
967 3459 1136 3540 coipilasse,
1158 3463 1194 3520 ut
1211 3458 1411 3522 millesimam
1444 3500 1449 3515 .

435 3547 582 3608 citiarum
604 3566 732 3609 suerum
748 3552 873 3625 partem
895 3545 941 3608 cel
956 3544 1068 3626 procul
1089 3543 1242 3607 sentirent.

521 3635 548 3693 2.
594 3631 704 3694 Velim
732 3642 841 3694 autem
871 3630 1136 3694 animadvertant
1163 3628 1313 3706 lectores,
1342 3651 1409 3692 nori

435 3715 488 3781 hie
516 3715 555 3780 de
584 3717 668 3779 asini
693 3718 810 3781 umbra
837 3700 944 3780 rixain
972 3737 1058 3792 esse,
1091 3714 1148 3778 sed
1170 3736 1239 3778 rem
1262 3716 1409 3778 omnium

434 3804 577 3866 maxime
600 3804 715 3866 seriam
740 3803 888 3866 tractari:
919 3822 1035 3884 nempe
1064 3801 1104 3864 de
1129 3809 1335 3882 peccaterum
1358 3823 1410 3865 re·

433 3889 598 3950 missione.
644 3887 753 3966 Quum
783 3889 870 3952 enim
899 3889 963 3950 tria
985 3886 1025 3950 nd
1047 3887 1280 3970 poenitentiam
1302 3888 1410 3969 requi·

435 3983 522 4048 runt,
546 3976 825 4054 compunctionem
845 3972 959 4049 cordis,
983 3973 1048 4037 oris
1066 3973 1310 4050 confessionem,
1334 3994 1410 4054 ope-

434 4059 480 4122 ris
498 4059 759 4135 satisfactionem,
783 4060 878 4123 simul
899 4059 939 4122 ad
952 4056 1188 4139 impetrandam
1202 4066 1410 4140 peecatorum

434 4145 659 4208 remissionem
682 4147 865 4209 necessaria
887 4166 957 4208 esse
980 4144 1104 4207 docent.
1140 4141 1178 4207 Si
1200 4143 1277 4225 quid
1300 4153 1409 4207 autem

434 4231 469 4293 in
492 4241 560 4294 tota
582 4231 738 4313 religione
759 4232 842 4295 seire
864 4243 976 4294 nost-ra
997 4230 1110 4303 refert,
1139 4227 1172 4291 id
1201 4239 1288 4292 certe
1310 4230 1411 4292 refert

434 4318 590 4392 maxime,
625 4338 741 4397 nempe
774 4316 956 4397 intelligere
989 4336 1026 4378 ac
1055 4315 1155 4397 probe
1182 4322 1310 4391 tenero,
1344 4336 1409 4397 qua

434 4404 567 4475 ratione,
592 4423 656 4484 qua
678 4403 759 4484 lego,
782 4423 846 4485 qua
868 4400 1062 4477 conditione,
1086 4420 1152 4480 qua
1173 4399 1329 4464 facilitate
1352 4409 1409 4464 aut

436 4485 624 4552 difficultate
657 4487 842 4552 obtineatur
875 4497 1081 4569 pcccatorum
1114 4485 1270 4549 remissio.
1315 4486 1408 4550 Haec

434 4574 551 4636 notit-ia
573 4574 636 4638 nisi
659 4576 829 4656 perspicua
851 4584 1002 4654 certaque
1025 4578 1166 4648 constat,
1191 4571 1316 4634 nullam
1339 4593 1408 4635 om·

433 4660 511 4720 nine
534 4661 687 4738 requiem,
711 4662 835 4724 nullam
852 4681 926 4723 ciiiu
945 4659 1017 4722 Deo
1033 4679 1154 4739 pacem,
1178 4658 1305 4720 nullam
1322 4656 1408 4720 fidu·
1876 4713 1882 4724 .
1981 4711 1986 4722 .
2385 4711 2391 4723 .

1460 4711 1541 4794 (qua
1562 4733 1734 4795 uunquam
1752 4711 1885 4795 defungi
1901 4719 2005 4792 possit
2013 4710 2195 4807 peccator),
2221 4730 2263 4772 an
2286 4730 2361 4772 oum
2382 4733 2434 4774 in·

434 4744 517 4806 ciam
541 4757 597 4804 aut
619 4747 823 4809 securitatem
848 4746 967 4809 habere
989 4754 1095 4826 potest
1117 4743 1327 4822 coiiseientia3
1350 4741 1408 4806 sed
1495 4797 1500 4808 .
1756 4798 1762 4810 .
1989 4796 1995 4807 .
2222 4794 2228 4805 .
2288 4795 2294 4806 .
2353 4796 2359 4807 .

435 4826 562 4891 assidue
582 4829 729 4908 trepidat,
753 4834 937 4908 fluctuatur,
961 4840 1096 4907 aestuat,
1120 4830 1293 4906 cruciatur,
1317 4828 1407 4892 dive·
1461 4806 1579 4895 ⁸l¹lu¹²⁸
1607 4796 1648 4861 ad
1676 4797 1885 4862 esunendam
1914 4805 1948 4858 et
1970 4792 2143 4858 ⁸¹t¹endam
2166 4794 2231 4856 Del
2251 4815 2433 4860 mmmm*

434 4921 542 4987 ratur,
568 4912 686 4984 horret,
709 4913 777 4978 odit
798 4937 835 4980 ac
857 4918 941 4998 fugit
963 4926 1171 4998 conspectum
1193 4916 1265 4979 Dei.
1311 4913 1408 4994 Quod
1460 4880 1562 4960 ‘ham’
1601 4904 1665 4964 ‘1¹¹⁰
1687 4904 1765 4982 fer,
1786 4882 1937 4947 mellae
1956 4898 2046 4976 .⁸l¹³⁰
2080 4878 2296 4976 flgllllfflem’
2337 4903 2435 4981 suum

1378 5001 1384 5013 ·
1460 4976 1596 5047 aestum,
1617 4968 1854 5043 lassitudinem,
1878 4971 2101 5047 captivitatem
2123 4963 2170 5026 illi
2192 4965 2354 5044 ostendas,
2377 4968 2434 5032 ubi

435 5000 462 5062 si
485 4998 525 5062 ab
549 4997 600 5060 his
622 4998 858 5064 conditionibus
879 5002 1005 5083 ,pendet
1031 5013 1238 5086 peccatorum
1259 5002 1408 5065 remissio
1460 5075 1617 5137 quaerero
1643 5054 1849 5136 refrigerium
1898 5048 2044 5129 requiem
2089 5048 2274 5115 libertatem
2303 5049 2433 5116 debeat·

1856 5102 1863 5128 r
2052 5098 2059 5123 t
2416 5096 2433 5132 ‘r

435 5085 551 5164 quibus
579 5104 651 5147 eam
680 5085 740 5166 ipsi
764 5085 915 5167 alligant,
943 5088 1026 5150 nihil
1053 5090 1146 5153 nobis
1169 5088 1320 5151 miserius
1348 5107 1408 5151 nec
1462 5141 1468 5153 .
1649 5140 1655 5153 .
1894 5136 1900 5147 ·
2124 5136 2154 5148 .-

436 5168 639 5251 dcpleratiiis.
672 5168 917 5247 Contritienem,
937 5173 1075 5253 primam
1086 5174 1281 5238 obtinendae
1291 5174 1408 5238 veniae
1459 5140 1553 5239 fflmll
1582 5139 1721 5222 demque
1749 5137 1863 5202 ‘1⁰⁰⁶OE
1891 5156 1928 5197 ¹¹¹
1955 5155 2014 5198 Μ
2039 5134 2226 5200 humffltaw
2255 5137 2333 5201 dam
2361 5138 2433 5202 De⁰

434 5266 560 5336 paitem
590 5256 727 5331 faciunt,
757 5276 893 5336 eamque
920 5253 1059 5319 debitam
1087 5259 1238 5340 exignint,
1267 5260 1329 5322 lioc
1357 5266 1409 5323 est
1459 5247 1482 5309 g
1494 5245 1606 5290 mam·

434 5340 554 5405 iustam
566 5354 598 5405 et
612 5342 756 5423 plenam;
774 5341 830 5405 sed
843 5342 973 5404 interim
988 5362 1053 5405 non
1065 5344 1408 5426 eonstitiiuntquando
1546 5348 1574 5406 4.
1619 5344 1672 5408 De
1699 5341 1901 5406 confessione
1915 5343 2058 5422 'semper
2084 5341 2202 5425 ingens
2229 5341 2291 5404 fuit
2318 5360 2433 5423 pugna

436 5447 567 5490 securus
601 5427 718 5508 aliquis
747 5449 817 5492 esse
846 5427 960 5509 possit,
995 5447 1030 5489 se
1057 5427 1119 5490 hae
1146 5431 1339 5492 contritione
1366 5428 1409 5494 ad
1459 5431 1548 5493 inter
1568 5428 1754 5493 canonistas
1781 5435 1816 5489 et
1837 5426 2004 5510 theologos
2025 5427 2248 5503 scholasticum
2276 5424 2327 5488 his
2354 5447 2431 5490 con·

435 5511 556 5575 iustum
579 5513 709 5576 modum
733 5512 921 5577 defunctum
947 5532 1026 5575 esse.
1070 5510 1227 5591 Equidem
1253 5514 1357 5578 sedulo
1382 5519 1410 5577 et
1460 5512 1669 5578 tendentibus
1689 5510 1838 5575 mandari
1859 5511 1969 5576 divino
1987 5521 2159 5595 praecepte
2182 5510 2432 5593 confessionem3

435 5600 548 5662 cmiter
573 5599 756 5664 instandum
782 5619 848 5664 esse
873 5597 989 5678 satem,
1017 5601 1050 5660 ut
1077 5597 1208 5676 quisque
1227 5617 1335 5662 amare
1359 5599 1410 5663 de
1459 5599 1525 5663 illis
1546 5595 1815 5678 reclamantibus,
1843 5598 2067 5665 ecelesiasticis
2089 5599 2253 5663 duntaxat
2272 5598 2431 5662 constitu·

430 5683 531 5760 flendo
548 5703 609 5748 sua
623 5690 749 5767 peccata
770 5706 803 5749 se
823 5684 866 5751 ad
883 5702 989 5748 eorum
1004 5680 1234 5767 captantium
1254 5687 1281 5745 et
1302 5681 1410 5748 odium
1460 5684 1603 5748 tionibus
1635 5682 1788 5766 praecipi.
1832 5684 1875 5749 In
1907 5705 1946 5752 co
1976 5705 2055 5751 vero
2085 5682 2264 5751 certamine
2292 5681 2431 5766 insignis

1552 2489 1580 2549 3.
1631 2484 1729 2565 Quod
1761 2489 1788 2551 si
1820 2509 1873 2552 me
1906 2490 2099 2554 calumniari
2133 2491 2240 2569 aiunt,
2281 2491 2443 2573 prodeant

1465 2591 1560 2646 sane,
1589 2578 1622 2634 et
1649 2593 1752 2635 unum
1782 2573 1924 2655 aliquem
1951 2573 2138 2654 ostendant,
2171 2577 2228 2658 qui
2256 2576 2443 2641 huiusmodi

1465 2657 1670 2720 contritionis
1699 2656 1848 2722 doctrina
1875 2660 1929 2723 vel
1956 2682 2021 2724 non
2049 2662 2092 2724 sit
2119 2661 2160 2725 nd
2182 2662 2455 2744 desperationem.

1466 2740 1616 2817 adactus,
1644 2742 1698 2805 vel
1725 2743 1965 2809 simulationem
1992 2745 2111 2811 doloris
2133 2748 2251 2812 iudicio
2274 2747 2354 2826 Dei,
2382 2769 2443 2830 pro

1464 2847 1542 2890 vero
1555 2826 1675 2904 dolore,
1693 2849 1759 2890 non
1773 2830 1968 2909 opposuerit.
1996 2831 2151 2896 Diximus
2173 2840 2207 2897 et
2220 2855 2279 2898 nos
2300 2834 2442 2915 quodam

1464 2912 1542 2989 loco,
1565 2933 1734 2994 nunquam
1756 2913 1826 2976 sinc
1844 2916 2044 2995 poenitentia
2061 2916 2214 2983 obvenire
2235 2932 2442 3000 peccatorum

1464 2999 1703 3075 remissionom,
1726 2998 1813 3080 quod
1834 3000 1917 3063 nulli
1939 3001 2002 3065 nisi
2026 3002 2153 3079 afflicti,
2181 3012 2215 3067 et
2235 3015 2442 3087 peccatorum

1464 3084 1660 3149 conscientia
1681 3083 1861 3161 vulnerati,
1890 3085 1955 3149 Dei
1981 3087 2237 3151 misericordiam
2264 3090 2441 3172 implorare

1464 3171 1588 3234 sineere
1617 3178 1767 3252 possunt;
1796 3169 1853 3234 sed
1875 3170 1973 3235 simul
1995 3171 2180 3249 adiecimus,
2203 3176 2441 3255 poenitentiam

1463 3277 1529 3319 non
1552 3277 1622 3320 esso
1639 3276 1773 3321 eausam
1790 3257 1989 3321 remissionis
2001 3267 2219 3339 peecatorum.
2253 3259 2317 3323 Illa
2329 3270 2439 3325 autem

1463 3341 1648 3404 animarum
1676 3349 1841 3405 tormenta
1868 3343 2073 3419 sustulimus,
2106 3343 2192 3424 qued
2215 3342 2324 3408 debita
2346 3367 2440 3428 prae·

1463 3427 1580 3490 standa
1593 3426 1643 3490 sit.
1672 3424 1884 3491 Peccatorem
1901 3426 2072 3493 docuimus
2093 3451 2159 3491 non
2178 3430 2212 3492 in
2235 3452 2328 3493 suam
2352 3452 2439 3495 eoni-

1461 3513 1688 3594 punctionem,
1720 3533 1826 3594 neque
1852 3513 1889 3575 in
1916 3535 1993 3577 suas
2022 3513 2186 3596 lacrymas
2212 3515 2347 3593 intueri,
2381 3517 2440 3581 sed

1462 3607 1641 3680 utrumque
1670 3598 1800 3663 oculum
1828 3596 1864 3661 in
1890 3599 1994 3662 solam
2022 3599 2155 3664 Domini
2182 3601 2439 3666 misericerdiam

1462 3682 1612 3766 defigere.
1664 3684 1807 3747 Tantum
1822 3682 2084 3763 admonuimus,
2118 3688 2227 3750 vocari
2257 3707 2276 3748 a
2305 3687 2438 3753 Christo

1461 3768 1647 3833 laborantes
1669 3777 1703 3833 et
1724 3776 1891 3844 oneratos,
1917 3769 2045 3850 quande
2067 3771 2186 3835 missus
2209 3772 2315 3836 sit-ad
2338 3795 2437 3837 evan-

1462 3853 1668 3937 gelizandum
1680 3854 1886 3937 pauperibus,
1906 3853 1948 3918 ad
1962 3855 2144 3919 sanandum
2163 3857 2318 3921 contritos
2331 3857 2437 3938 eorde,

1461 3940 1716 4023 praedicandum
1748 3941 1885 4022 captivis
1916 3941 2156 4019 remissionem,
2190 3963 2227 4007 ae
2255 3941 2440 4010 educendos

1462 4027 1596 4102 vinctos,
1621 4024 1833 4089 consolandos
1852 4025 2002 4108 lugentes
2019 4027 2153 4109 (Matth.
2177 4033 2224 4105 ll,
2245 4035 2273 4091 5.
2296 4032 2351 4108 283
2373 4022 2437 4095 Ies.

1463 4115 1513 4190 61,
1536 4116 1567 4189 1;
1586 4112 1666 4175 Luc.
1686 4117 1715 4187 4,
1733 4110 1795 4194 is).
1830 4109 1904 4190 Quo
1926 4111 2179 4176 excluderentur
2201 4121 2235 4177 et
2256 4115 2437 4196 Pharisaei,

1461 4198 1517 4278 qui
1539 4218 1598 4261 sua
1615 4197 1742 4260 iustitia
1759 4197 1862 4260 saturi
1879 4205 2106 4279 paupertatem
2125 4220 2218 4263 suam
2235 4221 2301 4262 nori
2320 4196 2438 4282 agnos·

1461 4291 1549 4359 cunt,
1573 4291 1607 4345 et
1628 4292 1878 4364 contemptores,
1901 4285 1957 4365 qui
1977 4285 2081 4348 securi
2100 4286 2168 4347 irae
2189 4285 2252 4347 Dei
2270 4284 2356 4347 male
2377 4306 2436 4348 suo

1461 4367 1640 4431 remedium
1663 4390 1729 4432 non
1751 4378 1921 4451 quaerunt.
1957 4369 2053 4433 Tales
2079 4372 2165 4433 enim
2188 4391 2255 4432 non
2277 4367 2434 4447 laborant,

1461 4474 1522 4517 nec
1543 4456 1669 4517 onerati
1692 4466 1778 4530 sunt,
1802 4475 1863 4519 nee
1880 4455 2013 4519 contriti
2032 4455 2136 4530 eorde,
2161 4475 2221 4518 nec
2240 4454 2350 4531 vincti,
2373 4475 2434 4520 noc

1461 4540 1590 4621 captivi.
1641 4540 1787 4604 Multum
1820 4560 1898 4604 vero
1932 4541 2071 4604 interest
2103 4540 2262 4603 doceasne
2295 4540 2435 4603 emereri

1460 4632 1668 4707 peccatorum
1696 4627 1920 4691 remissionem
1948 4626 2035 4689 iusta
2061 4632 2095 4686 et
2120 4624 2218 4706 plena
2238 4624 2434 4690 contritione
