5600 6809
405 777 466 839 341
717 769 806 833 nm.
829 768 874 832 u.
919 766 983 831 ou
1006 764 1295 832 coommorm
1317 767 1401 832 mu
1422 723 1768 834 nunumroms.
1813 766 1915 834 aar.
1933 768 1996 834 m.
2018 769 2101 836 xm
2357 778 2424 840 ese

402 961 514 1038 Unus,
537 959 647 1041 inquit
668 957 701 1041 (1
722 957 804 1021 Tim.
824 959 860 1032 2,
880 955 930 1038 5),
953 954 1116 1018 mediator
1137 953 1203 1017 Dei
1225 960 1259 1018 et
1278 952 1383 1017 homi-
1435 975 1573 1036 poenam
1607 976 1703 1036 quam
1734 956 1840 1020 meriti
1878 976 2005 1020 eramus
2036 961 2245 1040 persolveret.
2302 959 2417 1043 Quum

403 1040 921 1125 num,homo.IesusGh1istus.
966 1041 1103 1104 Poterat
1124 1039 1234 1103 Deum
1261 1037 1382 1104 dicere:
1436 1038 1575 1123 denique
1602 1050 1741 1105 mortem
1768 1062 1829 1106 nec
1851 1040 1939 1106 solus
1961 1040 2054 1107 Deus
2076 1047 2211 1124 sentire,
2239 1069 2301 1113 nee
2327 1050 2418 1115 solus

402 1137 534 1217 poterat
561 1129 677 1194 saltem
704 1135 738 1193 et
763 1147 883 1191 nomon
911 1125 1054 1191 hominis
1087 1126 1172 1190 sicut
1198 1125 1264 1189 Dei
1288 1126 1383 1188 omit-
1435 1124 1533 1189 bomo
1556 1148 1710 1209 superare
1728 1135 1853 1208 posset,
1881 1126 2061 1191 humanam
2088 1142 2241 1195 naturam
2268 1156 2343 1199 eum
2365 1135 2416 1199 di-

402 1225 490 1298 ters3
519 1214 576 1281 sed
605 1216 682 1296 qaia
704 1214 838 1294 spiritus
858 1232 920 1292 per
940 1232 975 1276 os
1001 1214 1069 1276 eius
1090 1211 1217 1291 loquens
1243 1210 1383 1274 infirmi·
1435 1210 1515 1276 vina
1537 1213 1686 1290 sociavit,
1716 1220 1755 1275 ut
1782 1212 1917 1276 alterius
1938 1212 2195 1280 imbecillitatem
2216 1221 2315 1283 morti
2337 1222 2414 1286 sub-

402 1311 510 1369 tstem
529 1308 674 1366 nostram
696 1304 849 1375 noverat,
868 1301 904 1360 ut
925 1298 1098 1379 lanpedius
1119 1301 1301 1374 accurreret,
1328 1317 1383 1376 ap-
1434 1296 1563 1376 iiceret,
1592 1299 1635 1363 ad
1662 1298 1828 1377 cupiunda,
1845 1303 1973 1377 peccata
1996 1298 2131 1364 alterius
2154 1303 2276 1368 virtuto
2299 1306 2415 1371 luctam

400 1391 527 1455 tissima
553 1386 689 1451 remedie
709 1404 788 1448 usus
814 1388 873 1461 est,
899 1383 1003 1463 filium
1024 1382 1089 1449 Dei
1111 1386 1262 1463 tanquam
1282 1402 1393 1458 anum,
1435 1402 1506 1445 cum
1543 1389 1639 1448 morte
1685 1383 1859 1463 suscipiens
1900 1383 1989 1447 nobes
2028 1387 2194 1451 siclinium
2233 1392 2412 1470 acquireret.

402 1495 443 1541 ea
459 1474 549 1539 nodis
564 1472 771 1554 familiariter
787 1470 822 1533 iu
838 1468 939 1533 audio
950 1473 1097 1532 statuens.
1125 1468 1176 1532 Ne
1189 1468 1260 1550 quis
1280 1468 1383 1551 igitur
1435 1465 1504 1547 Qui
1524 1490 1602 1552 ergo
1624 1468 1796 1533 Christum
1817 1490 1877 1533 sus
1899 1477 1957 1532 aut
1978 1469 2157 1550 divinitate,
2182 1482 2241 1537 aut
2263 1475 2416 1541 humani·

402 1582 438 1627 se
464 1564 615 1641 torqueat
640 1556 776 1620 ubinam
804 1554 859 1619 ille
887 1553 1091 1636 quaerendus
1119 1552 1294 1632 mediator,
1325 1561 1383 1617 aut
1434 1560 1502 1617 tate
1522 1555 1671 1637 spoliant,
1691 1554 1761 1618 eius
1779 1554 1911 1637 quidem
1928 1554 1982 1620 vel
1998 1557 2190 1622 imminuunt
2209 1560 2415 1626 maiestatem

405 1667 470 1730 qua
491 1645 546 1710 via
564 1642 730 1725 adipsum
747 1638 1013 1723 perveniendum,
1036 1639 1189 1704 bominem
1205 1639 1381 1718 nominans,
1433 1643 1462 1702 et
1480 1640 1625 1721 pieriam,
1646 1639 1698 1704 vel
1721 1640 1899 1704 bonitatem
1917 1640 2101 1706 obscurant
2135 1642 2202 1709 Sed
2221 1667 2288 1710 non
2304 1648 2414 1713 minus

402 1732 638 1816 propinquum,
676 1727 743 1791 imo
780 1727 969 1808 contiguum
1002 1725 1096 1789 nobis
1129 1745 1199 1789 esse
1231 1726 1380 1803 adureret,
1434 1723 1538 1789 altera
1569 1747 1611 1789 ex
1643 1732 1737 1807 parte
1769 1725 1958 1790 hominibus
1995 1735 2073 1791 sunt
2106 1730 2233 1809 iniurii,
2274 1740 2414 1814 quorum‘

404 1813 666 1902 quandoquidem
688 1833 763 1878 earo
781 1820 895 1876 nostra
912 1819 970 1875 est.
1005 1810 1099 1874 Idem
1116 1817 1203 1875 certe
1222 1810 1381 1894 designat,
1434 1808 1533 1874 fidem
1555 1810 1601 1874 ita
1622 1810 1819 1875 labefactant
1840 1819 1873 1875 et
1889 1819 2052 1892 evertunt,
2075 1836 2159 1896 quae
2177 1817 2241 1880 nisi
2259 1818 2321 1883 hoe
2337 1819 2415 1882 fun·

404 1902 490 1988 quod
510 1901 588 1965 alibi
607 1899 756 1982 pluribus
772 1898 874 1962 verbis
894 1897 1084 1978 explicatum,
1107 1918 1172 1960 non
1194 1918 1266 1961 esse
1287 1896 1381 1960 nobis
1434 1894 1587 1960 dumento
1609 1897 1689 1960 nixa
1709 1903 1795 1960 stare
1817 1917 1885 1960 non
1906 1905 2020 1980 potest
2065 1901 2159 1966 Adde
2181 1904 2263 1983 quod
2283 1923 2413 1985 ερννανν·

404 1988 606 2072 pontificem,
645 1985 700 2068 qui
732 2005 799 2048 non
830 1982 934 2064 possit
965 1983 1106 2064 compati
1137 1982 1381 2046 infirmitatibus
1433 1982 1493 2046 dtas
1524 1982 1587 2062 fuit
1615 1983 1787 2062 redemptor
1818 1982 1872 2047 ille
1904 1983 2053 2048 Abrabae
2085 1985 2285 2069 Dauidisque
2311 1989 2411 2069 filius,

403 2074 537 2151 nostris,
570 2070 699 2154 quando
727 2070 771 2133 sit
797 2090 887 2133 more
916 2076 1044 2145 nostro,
1076 2067 1145 2132 sola
1171 2069 1295 2151 peccati
1323 2089 1380 2131 ex·
1432 2088 1522 2147 quem
1553 2069 1589 2131 iu
1620 2068 1683 2149 lcpe
1716 2072 1743 2131 et
1769 2068 1933 2148 prophetis
1959 2068 2049 2133 Deus
2075 2074 2273 2152 manumet.
2324 2074 2412 2140 Unde

405 2161 560 2243 ceptione,
582 2178 641 2239 per
662 2156 771 2220 omnia
792 2161 937 2219 tentatus
960 2153 1077 2237 (Hebr.
1096 2159 1126 2231 4,
1148 2154 1211 2237 15).
1433 2154 1565 2217 alterum
1584 2152 1723 2233 fructum
1744 2153 1890 2236 collipunt
1905 2155 1982 2236 piae
2003 2162 2130 2236 mentes,
2152 2160 2234 2237 quod
2253 2160 2328 2241 ipsa
2349 2162 2411 2225 ori-

490 2249 519 2308 2.
564 2242 604 2307 Id
630 2243 730 2306 etiam
758 2240 876 2305 elarius
904 2240 975 2318 fiet,
1009 2240 1038 2304 si
1067 2247 1254 2322 reputemus
1282 2259 1381 2321 quam
1430 2239 1517 2321 pinis
1543 2240 1642 2319 specie
1663 2240 1707 2304 ad
1727 2237 1887 2303 Davidem
1907 2245 1935 2304 ct
1955 2240 2121 2306 Amabam
2140 2245 2320 2324 perductae,
2348 2266 2411 2310 cer-

405 2350 470 2396 non
482 2330 619 2412 vulgare
641 2327 740 2391 fuerit
760 2325 845 2407 quod
860 2325 1029 2389 mediatori
1048 2325 1282 2408 praestandum
1300 2331 1381 2402 orat,
1432 2325 1496 2388 lius
1521 2329 1688 2406 opnoscuut
1713 2324 1796 2388 dunc
1822 2345 1888 2389 esse
1912 2323 2086 2406 Christum,
2118 2329 2174 2408 qui
2205 2334 2246 2394 tot
2274 2332 2410 2397 maculis

405 2437 522 2499 nempe
544 2416 591 2480 sie
613 2415 649 2477 in
671 2414 736 2477 Dei
757 2412 896 2495 gratim
916 2431 978 2475 nos
998 2412 1179 2489 restituere,
1202 2418 1241 2474 ut
1261 2411 1382 2476 faceret
1434 2409 1602 2474 cekbcms
1619 2411 1690 2491 fuit.
1736 2409 1799 2474 Sed
1818 2411 1909 2489 illud,
1931 2413 2013 2492 quad
2033 2433 2135 2492 nuper
2152 2418 2296 2496 exposui,
2314 2438 2410 2497 prce-

406 2522 446 2567 sx
473 2501 551 2566 filiis
580 2498 750 2563 hominum
778 2497 866 2561 illius
895 2496 994 2575 fili0s3
1028 2517 1070 2561 ex
1102 2496 1297 2561 haeredibus
1323 2516 1381 2578 ge-
1433 2497 1522 2577 cipue
1547 2496 1710 2561 usandum
1736 2500 1794 2574 est,
1820 2498 2010 2560 'communem
2035 2503 2184 2564 amaram
2205 2503 2325 2584 piparas
2344 2523 2410 2569 esse

405 2586 544 2663 bennae,
569 2585 663 2669 regni
686 2583 833 2649 coelestis
856 2580 1020 2647 haeredes.
1056 2580 1139 2662 Quis
1161 2582 1224 2646 hoc
1244 2589 1379 2664 poterat,
1432 2586 1556 2645 nostrae
1576 2600 1646 2644 cum
1664 2580 1733 2660 filio
1752 2580 1817 2646 Dei
1837 2582 2006 2662 societatis·
2027 2602 2120 2648 carne
2140 2591 2248 2650 uestra
2269 2588 2410 2652 vestitum

404 2673 468 2739 uisi
500 2671 589 2736 filius
620 2671 685 2734 Dei
716 2671 811 2733 fieret
842 2667 925 2731 idem
959 2667 1045 2732 filius
1078 2667 1235 2747 hominis,
1269 2676 1303 2732 et
1336 2668 1382 2732 sic
1433 2666 1596 2730 debdlasse
1615 2671 1743 2731 mortem
1763 2686 1833 2730 cum
1848 2672 1981 2747 peccam,
2003 2673 2037 2732 ut
2058 2676 2164 2735 nostra
2186 2677 2263 2736 esset
2284 2674 2413 2738 ictoria

404 2766 555 2825 nostrum
586 2756 746 2837 acciperet
772 2762 810 2818 ut
836 2753 1028 2818 transferret
1055 2752 1097 2818 ad
1124 2775 1186 2818 nos
1208 2775 1319 2831 suum,
1354 2758 1383 2817 et
1433 2757 1461 2817 et
1487 2752 1664 2833 triumphus
1691 2756 1810 2832 nostem·
1841 2773 1966 2817 caraem
1997 2774 2094 2835 quam
2118 2778 2140 2820 a
2168 2758 2257 2821 realis
2288 2760 2412 2839 aceepit,

425 2843 491 2909 uod
523 2863 620 2907 suum
645 2847 732 2906 erat.
749 2846 884 2917 natura,
916 2847 1066 2903 nostrum
1096 2840 1218 2905 faceret
1250 2838 1380 2922 matis?
1434 2838 1579 2904 obtulisse
1607 2839 1642 2901 in
1670 2839 1872 2919 sacrificium,
1905 2844 1941 2902 ut
1970 2840 2055 2920 facta
2087 2843 2263 2922 expiatione
2289 2849 2413 2909 reatum

460 2949 479 2993 e
502 2948 581 3011 ergo
603 2926 704 2991 arrha
724 2925 800 2990 freti
821 2945 882 2988 nos
906 2946 976 2989 esse
997 2925 1081 2990 filios
1098 2926 1163 2989 Dei
1180 2926 1380 3003 confidimus,
1433 2929 1574 2988 nostrum
1596 2923 1714 3002 deleret,
1736 2929 1764 2988 et
1778 2924 1923 3005 placaret
1943 2924 2061 2989 iustam
2075 2928 2184 3007 patris·
2204 2929 2296 2992 iram.

405 3015 481 3097 quia
514 3011 675 3077 naturalis
706 3011 771 3076 Dei
809 3004 896 3075 filius
935 3009 997 3074 sibi
1027 3031 1144 3093 corpus
1175 3010 1217 3076 de
1248 3031 1381 3093 corpore
1520 3015 1550 3073 4.
1595 3009 1660 3073 His
1680 3014 1715 3072 ut
1735 3030 1803 3088 par
1829 3014 1874 3072 est
1898 3010 2134 3081 considerandis
2159 3015 2216 3094 qui
2236 3014 2343 3078 sedulo
2365 3020 2412 3081 at·

406 3107 531 3177 nostm,
567 3118 700 3163 carnem
732 3118 774 3160 ex
800 3116 898 3161 carne
926 3102 1054 3175 nostra,
1086 3115 1160 3160 ossa
1186 3117 1229 3160 ex
1256 3094 1382 3161 ossibui
1434 3099 1535 3158 tentus
1560 3096 1636 3173 crit,
1671 3115 1770 3177 sapas
1800 3095 2025 3177 speculationes
2056 3096 2152 3177 facile
2177 3099 2306 3182 neplipet
2332 3120 2412 3180 puae

406 3186 539 3268 mavit,
566 3189 605 3247 ut
630 3181 718 3246 idem
745 3180 914 3246 nobiseum
936 3188 1029 3246 esset
1075 3180 1172 3262 Quod
1193 3180 1286 3247 nobis
1307 3202 1382 3264 pro·
1435 3181 1516 3246 uses
1551 3181 1685 3262 spiritus
1723 3186 1752 3244 et
1782 3181 1931 3245 muitatis
1967 3182 2098 3264 cupidos
2134 3183 2178 3248 ad
2209 3204 2242 3248 se
2271 3187 2410 3265 rapiunt.

406 3272 515 3354 prium
543 3275 615 3333 erat
640 3269 793 3349 srssapere
819 3271 972 3349 pacatus
996 3287 1059 3332 non
1086 3272 1145 3346 est,
1175 3274 1212 3332 ut
1237 3267 1382 3333 vicissim
1437 3264 1537 3331 dutus
1555 3267 1678 3349 pencris
1698 3271 1751 3345 est,
1781 3264 1954 3346 Christum,
1980 3268 2105 3333 etiamsi
2133 3268 2176 3333 ad
2196 3269 2411 3335 redimerulum

408 3355 449 3421 sd
475 3377 536 3420 nos
563 3355 742 3437 pertineret
763 3351 848 3433 quod
869 3353 1037 3436 proprium
1058 3353 1128 3435 ipse
1151 3352 1304 3433 habebat;
1332 3359 1382 3418 at-
1434 3351 1608 3416 damonum
1631 3372 1729 3447 pergas
1756 3372 1818 3416 non
1843 3351 1957 3432 fuisset
1982 3372 2062 3435 opus
2090 3354 2239 3434 runedio,
2264 3356 2411 3436 futurum

406 3460 468 3525 qno
499 3442 547 3506 ita
577 3441 614 3504 in
644 3459 814 3504 commune
843 3438 915 3521 ipse
946 3438 1116 3503 nobiseum
1143 3446 1177 3503 et
1202 3438 1290 3504 filius
1317 3439 1381 3503 Dei
1433 3443 1536 3502 tamen
1565 3438 1666 3519 fuisse
1697 3437 1858 3502 homiaem.
1910 3437 2025 3504 Fateor
2056 3439 2209 3521 equidern,
2240 3441 2276 3504 iu
2301 3443 2410 3522 primo

407 3534 493 3593 esset
513 3533 548 3591 ot
568 3526 658 3590 filius
680 3525 829 3589 hominis.
875 3523 961 3588 Hinc
982 3529 1090 3589 sanda
1110 3523 1169 3589 illa
1187 3524 1381 3606 fraternitas,
1433 3524 1600 3588 arationis
1626 3523 1734 3588 ordi-rte
1760 3527 1788 3587 et
1815 3525 1932 3605 inteprc
1961 3529 2094 3590 naturae
2114 3530 2197 3589 statu
2213 3528 2410 3608 massadam

406 3632 501 3695 psam
521 3633 573 3677 ore
589 3631 646 3675 suo
658 3610 855 3689 commendat,
876 3608 1031 3675 ubidicit:
1051 3610 1181 3674 ascendo
1198 3610 1242 3675 ad
1256 3615 1382 3692 patrem
1434 3611 1553 3692 eupolis
1574 3615 1603 3673 et
1622 3609 1798 3673 hominibus
1815 3608 1917 3689 fuisse
1938 3615 2045 3690 captet,
2066 3630 2130 3690 qua
2151 3612 2271 3675 rationu
2292 3613 2410 3678 dieitur

406 3716 507 3764 mmm
524 3703 552 3762 et
564 3694 959 3779 patueramstrsun,Deum
970 3715 1073 3759 meum
1090 3695 1382 3761 etDeumuestrum
1434 3717 1456 3760 a
1484 3695 1588 3760 Paulo
1616 3693 1699 3779 (Ool.
1723 3698 1748 3774 1,
1771 3694 1826 3776 15)
1849 3695 2077 3777 prinecps-nitas
2110 3698 2211 3760 amuis
2236 3701 2406 3780 creaturae,
2495 3774 2501 3784 ,

408 3782 699 3868 (Iosnn.20,17).
743 3780 818 3846 Hac
844 3782 970 3845 ratione
997 3786 1080 3845 certa
1105 3782 1193 3846 uoce
1213 3787 1259 3846 est
1286 3782 1381 3865 regni
1433 3781 1488 3845 sed
1508 3801 1605 3861 quum
1625 3785 1687 3845 tota
1708 3781 1869 3860 scriptura
1890 3780 2000 3845 clamet
2019 3783 2163 3846 uestitum
2182 3783 2283 3863 fuisse
2303 3804 2407 3866 caras,

408 3868 556 3934 coelestis
578 3866 773 3944 haereditas,
795 3867 872 3949 quia
892 3868 1007 3931 unicus
1027 3867 1093 3930 Dei
1113 3867 1209 3947 filius,
1232 3868 1324 3933 euius
1345 3869 1382 3932 ia
1433 3871 1469 3930 ut
1493 3867 1581 3947 fieret
1607 3866 1791 3947 redemptor,
1826 3865 1927 3930 aliam
1953 3885 2084 3931 eausam
2111 3868 2158 3932 cel
2185 3869 2288 3933 alium
2314 3871 2410 3952 finem

404 3954 544 4020 solidum
559 3955 694 4034 propria
715 3958 789 4030 erat,
813 3973 872 4016 nos
890 3952 1272 4035 sibitratresadoptavit:
1295 3952 1381 4037 quod
1432 3953 1608 4034 inopinari
1628 3952 1746 4015 nimiae
1771 3951 1954 4016 temeritatis
1980 3957 2032 4017 est.
2081 3954 2236 4034 Quorsum
2258 3955 2297 4020 cd
2317 3958 2409 4022 initio

405 4039 579 4118 sifretres,
598 4060 676 4122 ergo
694 4037 952 4103 ethaereditatis
969 4046 1133 4103 consortes
1146 4039 1257 4122 (Rom.
1270 4043 1299 4117 8,
1316 4039 1379 4122 17).
1427 4038 1608 4121 manases
1626 4038 1724 4120 fuerit
1743 4035 1888 4100 atauus
1913 4038 1994 4101 satis
2022 4044 2127 4103 natum
2148 4045 2206 4104 est:
2232 4047 2267 4106 ut
2293 4044 2409 4108 scitust

404 4123 463 4189 Ad
482 4125 558 4190 base
574 4125 718 4206 appr-ime
734 4124 810 4188 utile
829 4123 893 4204 fuit
909 4122 967 4187 bac
982 4123 1076 4187 etiam
1093 4125 1130 4187 de
1146 4143 1243 4188 aalma
1265 4145 1380 4189 verum
1433 4125 1626 4188 instauraret
1654 4121 1824 4202 collapsum
1844 4122 2009 4201 mundum,
2031 4125 2209 4206 etperditis
2229 4126 2408 4194 bominibus

405 4230 477 4277 esse
498 4211 608 4275 Deum
630 4217 664 4274 et
685 4209 851 4273 hominem
878 4208 935 4290 qui
956 4206 1142 4290 redemptor
1161 4217 1275 4273 noster
1294 4210 1381 4274 futu·
1432 4214 1631 4275 armar-reret.
1659 4207 1771 4288 Itaque
1787 4206 1845 4270 sub
1863 4207 1927 4290 lepe
1941 4211 2108 4290 proposita
2127 4211 2192 4292 fuit
2212 4213 2282 4276 eius
2302 4213 2406 4294 imapo

404 4316 463 4361 rus
490 4301 584 4360 esset
628 4295 711 4359 Eius
737 4301 809 4358 erat
834 4300 975 4356 mortem
1002 4294 1186 4358 absorbere:
1215 4295 1289 4376 quis
1317 4295 1380 4360 hoe
1433 4297 1468 4359 in
1494 4293 1676 4374 sacrificiis,
1704 4297 1739 4356 ut
1763 4298 1924 4374 sperarent
1948 4293 2057 4375 tideus
2082 4295 2188 4361 Deum
2213 4297 2275 4377 sibi
2291 4299 2403 4377 propi-

404 4388 535 4465 poterat
565 4381 629 4445 nisi
661 4379 752 4444 vita?
808 4380 891 4444 Eius
926 4384 998 4442 erat
1034 4387 1203 4461 peecatum
1235 4379 1379 4445 vincere:
1432 4383 1511 4445 tium
1531 4380 1597 4460 fere
1612 4385 1781 4460 postquam
1800 4379 1940 4460 capiatis
1960 4382 2097 4461 pascuis
2122 4381 2338 4447 reconciliatus
2356 4380 2404 4462 fo·

404 4465 562 4551 quiahoc
581 4472 710 4548 poterat
730 4465 796 4529 nisi
813 4465 884 4547 ipsa
900 4464 1046 4529 iustitia?
1079 4465 1162 4529 Eius
1179 4472 1250 4529 erat
1265 4465 1381 4530 mundi
1432 4472 1485 4532 ret.
1531 4464 1615 4530 Certe
1631 4485 1729 4548 quum
1746 4465 1882 4530 saeculis
1902 4467 2053 4547 munitus,
2073 4468 2168 4531 etiam
2184 4466 2247 4546 lepe
2265 4464 2403 4528 nandum

404 4558 439 4617 et
458 4553 545 4617 aeris
565 4556 742 4634 potestates
764 4551 953 4634 profligare:
983 4550 1056 4633 quis
1084 4550 1146 4614 hoe
1167 4558 1294 4632 poterat
1315 4553 1378 4617 nisi
1426 4553 1637 4636 prornulpata
1657 4570 1819 4631 nunquam
1840 4551 1908 4615 siue
1935 4553 2087 4634 sanquine
2108 4551 2286 4632 mammam
2304 4549 2403 4631 fuerit

402 4637 509 4704 virtus
542 4644 576 4701 et
606 4637 729 4701 mundo
762 4643 795 4700 et
827 4658 902 4701 aere
935 4635 1102 4718 superior?
1144 4637 1248 4700 Porro
1280 4658 1379 4719 penes
1431 4639 1591 4716 mediator,
1619 4638 1807 4720 callipimus,
1835 4641 1957 4701 neurus
1984 4637 2049 4701 Dei
2073 4635 2200 4698 seruilio
2220 4635 2403 4716 perpendis

359 4774 363 4781 .
402 4743 501 4807 quem
527 4724 597 4789 vita
624 4730 687 4799 est,
716 4731 773 4786 aut
800 4722 940 4799 iustitia,
969 4729 1026 4785 aut
1052 4721 1133 4786 coeli
1157 4723 1325 4804 imperium
1351 4729 1381 4788 et
1431 4724 1590 4788 bominum
1620 4723 1766 4788 sordibus
1802 4722 1904 4804 fuisse
1941 4723 2141 4796 destinatam,
2175 4720 2252 4798 quia
2274 4721 2403 4801 piaculi
2449 4726 2452 4733 '

401 4816 556 4895 potestas,
573 4808 637 4873 nisi
655 4828 754 4890 penes
771 4808 877 4873 solum
888 4807 1019 4871 Deum?
1049 4805 1129 4872 Sese
1140 4829 1176 4873 er
1199 4808 1378 4873 colemen-
1430 4810 1556 4892 ννανανα
1590 4814 1635 4874 est
1665 4809 1850 4891 sanquinem
1874 4808 1978 4889 fundi.
2023 4804 2076 4868 Sic
2107 4805 2144 4867 de
2171 4823 2204 4867 ea
2230 4806 2403 4871 emeienati

401 4893 550 4961 tissimus
581 4893 674 4958 Deus
708 4895 744 4958 in
775 4914 913 4975 personia
949 4894 1102 4977 uuipeniti
1139 4829 1378 4978 redemptorem
1430 4900 1503 4959 sunt
1523 4895 1706 4977 propbetas,
1741 4898 1777 4957 ut
1801 4892 2060 4957 reconciliatorum
2087 4888 2153 4952 Dei
2184 4893 2212 4953 et
2241 4889 2402 4957 bominum

399 4988 553 5047 metrum
573 4979 658 5059 fecit,
682 4977 760 5043 dum
781 5001 840 5044 nos
861 4977 1045 5061 redemptos
1067 4980 1179 5046 voluit.
1428 4982 1496 5063 fore
1510 4981 1730 5063 promitterent.
1777 4977 1917 5059 Sufficiet
1939 4995 2001 5057 pro
2027 4973 2169 5038 umam
2194 4995 2292 5040 unum
2318 4977 2402 5043 illud

489 5069 518 5130 3.
562 5065 715 5130 Alterum
743 5063 804 5129 hoo
825 5073 955 5129 nostrae
975 5084 1045 5129 cum
1066 5066 1135 5130 Deo
1156 5068 1378 5134 reeuuiliatio·
1430 5069 1465 5132 in
1481 5069 1601 5150 primis
1622 5067 1734 5132 cclelm
1755 5064 1881 5128 Issaice
1901 5059 2109 5125 testimenium
2135 5059 2203 5143 (53,
2221 5066 2250 5125 4.
2272 5061 2322 5147 5),
2346 5065 2402 5129 ubi

398 5151 455 5217 sris
482 5157 582 5235 eaput
606 5157 693 5228 erat,
722 5157 761 5212 ut
788 5149 900 5226 homo,
928 5150 986 5231 qui
1012 5172 1072 5215 sua
1098 5173 1133 5216 se
1160 5152 1378 5220 inobedientia
1422 5154 1580 5236 praedud
1594 5150 1831 5233 percutiendum
1852 5166 1916 5210 esse
1937 5144 2002 5208 Dei
2022 5165 2120 5209 mauu
2135 5151 2263 5229 propter
2282 5149 2401 5215 secura

397 5234 599 5389 ffididerst,
620 5236 750 5301 remedii
768 5235 830 5299 loeo
847 5235 1049 5299 obedientiam
1066 5243 1234 5318 emanaret,
1256 5240 1377 5306 iudicio
1425 5240 1546 5321 populi,
1574 5245 1608 5303 ut
1629 5236 1790 5318 ccstipatic
1807 5232 1902 5313 pacis
1927 5235 2005 5295 esset
2023 5251 2120 5312 super
2141 5253 2227 5312 eum,-
2252 5239 2281 5298 et
2299 5253 2401 5299 sacen

456 5323 465 5337 '
489 5321 699 5400 satisfaceret,
720 5341 841 5403 poenas
863 5321 986 5401 peceati
1007 5323 1214 5402 persolveret
1248 5324 1377 5390 Prodiit
1428 5325 1527 5390 dotem
1541 5324 1616 5405 fare,
1640 5324 1694 5405 qui
1711 5340 1744 5385 se
1760 5319 1796 5382 in
1812 5317 1970 5381 victimam
1991 5317 2126 5398 offeret·
2146 5338 2185 5383 eu
2200 5318 2312 5401 plapis
2331 5320 2401 5383 enas

502 5428 602 5490 perus
622 5407 735 5487 homo,
757 5405 920 5469 Dominus
941 5412 1066 5483 noster,
1088 5404 1182 5470 Adae
1202 5429 1378 5489 personam
1426 5410 1494 5491 fore
1516 5411 1594 5475 aliis
1614 5409 1797 5483 saudctem5
1815 5407 1845 5467 et
1866 5402 1943 5484 auia
1964 5422 2068 5468 annes
2083 5409 2233 5469 mamm
2250 5408 2279 5467 et
2296 5404 2401 5469 instar·

394 5428 524 5572 diliis,
546 5512 666 5558 nomen
687 5491 879 5573 assumpsit,
906 5494 942 5554 ut
961 5491 1030 5554 cias
1049 5490 1132 5554 oues
1152 5491 1269 5556 subiret
1284 5495 1378 5574 patri
1428 5495 1533 5560 omum
1552 5494 1683 5575 fuerant
1702 5488 1847 5569 dispersi
1864 5487 2027 5570 maumas
2047 5487 2116 5554 Deo
2136 5489 2230 5553 illum
2250 5488 2399 5572 affligere,

396 5578 580 5658 odsdimdo,
609 5585 647 5642 ut
672 5597 804 5644 carnem
830 5581 976 5642 nostram
1004 5575 1040 5639 in
1061 5574 1291 5642 satisfactionis
1305 5598 1378 5659 pre-
1428 5585 1465 5644 ut
1491 5579 1630 5644 omnium
1655 5574 1836 5654 iniustitates
1860 5573 1963 5655 ferret.
2014 5573 2074 5641 Ubi
2099 5574 2143 5639 ad
2164 5592 2251 5654 opem
2276 5574 2416 5639 miseris
2479 5611 2481 5614 ·

393 5664 482 5731 rius
501 5665 587 5729 iusto
608 5662 672 5728 Dei
692 5663 813 5730 iudisio
835 5663 980 5742 sisteret;
1008 5680 1046 5727 se
1072 5661 1109 5725 in
1136 5656 1251 5725 eadem
1277 5681 1377 5729 carne
1423 5662 1637 5746 pescatoribus
1655 5657 1817 5744 ferutdam
1840 5657 2002 5724 Odristum
2027 5660 2179 5726 diuinitus
2195 5660 2326 5742 proprie
2345 5661 2405 5727 ad·

2139 5756 2196 5812 220
