5600 6809
400 757 462 819 sca
747 751 837 816 uns.
860 751 907 818 n
950 751 1015 816 ou
1038 749 1326 818 oocmuouu
1348 752 1434 818 out
1454 752 1801 820 pneumon-15.
1847 753 1947 820 oue.
1969 734 2065 821 x1t.
2344 762 2409 825 sss

396 948 474 1010 esset
502 940 743 1007 inaestimabilis
766 939 832 1006 Dei
850 941 974 1023 pratiae
1001 939 1088 1004 noua
1118 937 1276 1020 Christus,
1309 941 1376 1005 nisi
1423 942 1526 1022 potuit
1557 943 1676 1006 cursui
1707 941 1763 1006 hoe
1793 941 1924 1006 nomine.
1970 941 2187 1024 Respmrdeam
2217 964 2300 1010 utun
2326 944 2409 1011 mihi

397 1031 434 1094 in
454 1049 525 1094 eum
546 1028 658 1094 collato
689 1031 766 1091 essct
793 1026 867 1090 hacc
894 1026 1033 1108 duodus
1060 1030 1096 1088 ut
1124 1026 1166 1088 sit
1193 1047 1230 1090 ao
1255 1032 1376 1091 oocdrrr
1428 1047 1471 1090 an
1491 1029 1658 1092 secuudum
1679 1033 1845 1108 utramque
1868 1032 2015 1091 naturam
2037 1036 2064 1093 et
2086 1031 2249 1111 utriusque
2268 1036 2408 1114 respectu

395 1115 578 1197 unipeuitus
598 1112 662 1177 Dei
688 1111 784 1183 tilius.
829 1110 917 1175 Fica
938 1117 1041 1176 tamen
1061 1112 1187 1175 interim
1207 1117 1311 1176 manet
1331 1132 1375 1177 ee
1427 1113 1470 1176 sit
1488 1112 1587 1193 lilius.
1624 1111 1678 1178 Sic
1699 1114 1824 1193 quidem
1844 1114 2009 1195 parriunt:
2029 1116 2085 1179 scd
2106 1117 2192 1197 lonpe
2212 1117 2304 1182 aliter
2324 1119 2408 1183 dooet

396 1201 510 1266 etesiae
530 1199 686 1280 definitio,
714 1199 830 1263 censui
851 1198 916 1262 Dei
935 1197 1055 1277 filium,
1085 1198 1162 1277 quia
1183 1217 1283 1262 sermo
1303 1203 1376 1262 aute
1430 1196 1563 1262 Paulus.
1597 1198 1751 1263 Faternur
1771 1199 1896 1280 quidem
1919 1196 2080 1263 Christum
2100 1203 2136 1265 iu
2155 1221 2246 1266 carne
2267 1203 2408 1268 humana

396 1287 524 1352 snecta
550 1306 589 1350 ec
605 1289 699 1367 patre
718 1285 855 1367 percitus,
883 1283 996 1347 unione
1015 1282 1208 1365 hypostatica
1227 1289 1375 1347 aduram
1424 1283 1529 1364 filium
1546 1284 1618 1363 dici,
1639 1305 1701 1348 non
1717 1290 1753 1348 ut
1767 1283 1883 1365 fideles,
1906 1285 2069 1365 adoptione
2080 1288 2233 1351 dumocat
2247 1294 2276 1352 et
2290 1290 2406 1371 pratia,

396 1372 568 1437 humanam
586 1371 760 1450 susceperit.
795 1370 895 1433 Porro
917 1371 992 1433 unio
1012 1368 1204 1450 hypostatica
1225 1370 1375 1434 cnaeus
1427 1371 1482 1434 sed
1502 1391 1609 1434 oerum
1630 1375 1659 1434 et
1679 1371 1869 1448 naturalem,
1892 1371 2019 1451 ideoque
2039 1373 2177 1450 unicum,
2200 1377 2234 1436 ut
2255 1373 2313 1438 hac
2333 1379 2407 1439 uota

395 1459 480 1524 dicta
506 1462 566 1536 est,
594 1477 674 1537 quae
693 1475 863 1537 personam
888 1476 987 1519 unum
1008 1456 1168 1520 mustituit
1190 1473 1230 1518 ea
1250 1457 1376 1520 natiuis
1426 1456 1624 1520 desternatur
1640 1456 1835 1520 ahomnihus
1856 1455 1941 1520 aliis.
1976 1457 2044 1521 Nos
2057 1459 2147 1535 enim,
2170 1460 2226 1539 qui
2243 1461 2279 1522 iu
2295 1480 2406 1523 nouam

396 1543 528 1609 matus
575 1542 661 1623 Quae
690 1542 828 1621 loquutio
855 1541 897 1605 ad
922 1541 1124 1622 refellendum
1152 1540 1293 1605 Nestorii
1325 1543 1375 1606 de
1426 1542 1522 1604 uitam
1543 1562 1654 1606 summ
1672 1542 1810 1624 repcuiti,
1833 1540 1923 1606 Deus
1942 1540 2083 1621 hliorum
2099 1545 2222 1608 nomine
2239 1545 2406 1626 elucratur:

362 1675 368 1689 ,
395 1629 508 1695 lirium
531 1630 656 1692 inuenta
675 1628 755 1709 fuit3
775 1627 852 1712 puio
871 1626 978 1707 {ilium
988 1626 1052 1690 Dei
1071 1626 1205 1709 hupehat
1225 1628 1271 1692 ita
1288 1627 1375 1691 hahi-
1426 1647 1536 1691 noncm
1563 1628 1629 1692 ucri
1650 1632 1678 1691 et
1699 1627 1855 1710 unipeniti
1878 1628 1936 1691 uni
1960 1626 2082 1692 Christo
2103 1630 2209 1710 defert.
2253 1631 2408 1710 Qummdo

395 1720 480 1780 tasse
505 1716 539 1778 iu
568 1734 676 1792 carm,
703 1718 739 1776 ut
759 1733 820 1776 riou
840 1713 923 1777 idem
943 1713 999 1778 ille
1021 1717 1098 1777 esset
1118 1711 1213 1776 honio.
1257 1712 1374 1793 Dupli
1426 1718 1529 1777 autem
1549 1714 1665 1777 unicus
1685 1714 1721 1776 in
1742 1718 1825 1777 tanto
1844 1714 1983 1794 fratrum
2003 1734 2138 1793 numero,
2160 1716 2226 1780 uisi
2247 1717 2330 1796 quod
2351 1736 2408 1781 na·

394 1819 460 1866 cern
479 1820 537 1864 uos
556 1799 733 1880 facereDei
751 1799 857 1879 hlium
877 1799 1089 1863 calumniatur
1104 1796 1256 1877 Seruatus,
1277 1819 1375 1880 quum
1427 1803 1502 1863 turo
1516 1800 1658 1879 possidet
1683 1799 1765 1878 cuod
1786 1819 1843 1862 uos
1863 1801 1942 1864 dono
1963 1800 2160 1880 commmus?
2201 1800 2304 1881 Atque
2325 1801 2408 1865 huuc

396 1886 532 1951 dicimus
554 1891 713 1949 amenum
734 1905 918 1962 serenorum,
945 1889 1113 1965 amepuam
1133 1905 1227 1949 carue
1247 1887 1375 1949 vestitus
1426 1883 1571 1949 honorum
1592 1886 1785 1949 euhrcdimus
1806 1886 1849 1949 ad
1865 1891 1959 1948 totam
1976 1886 2156 1950 nuntiatoris
2171 1906 2350 1966 persarum,
2372 1893 2408 1951 ut

395 1977 487 2050 esset,
515 1974 583 2035 iam
606 1971 708 2053 fuisse
728 1970 793 2035 Dei
817 1969 940 2050 hlium·
972 1991 1009 2034 ac
1035 1972 1065 2034 si
1094 1969 1184 2034 aliud
1205 1971 1375 2035 diceremus
1426 1990 1495 2034 uere
1515 1975 1544 2034 et
1559 1971 1691 2052 proprie
1710 1972 1752 2034 sit
1771 1969 1862 2050 fictus
1881 1971 1958 2049 Dei,
1981 1971 2037 2051 qui
2058 1977 2086 2034 ct
2106 1976 2199 2036 nattis
2221 1976 2264 2036 est
2285 1992 2323 2036 en
2344 1973 2408 2036 oir-

396 2078 493 2139 puam
519 2056 755 2137 manifestatum
781 2055 882 2137 fuisse
907 2057 943 2120 iu
964 2077 1065 2121 carue.
1110 2055 1217 2137 Neque
1241 2058 1374 2120 enimsi
1425 2057 1505 2139 pino,
1529 2061 1609 2120 etse
1626 2057 1786 2120 mdirnam
1801 2057 1893 2137 patri
1912 2057 1947 2118 in
1965 2076 2051 2120 auce
2068 2057 2190 2137 obtulit·
2211 2058 2265 2121 sed
2282 2058 2408 2123 deitatis

396 2142 486 2208 Deus
505 2143 570 2224 fuit
590 2148 758 2224 autequam
779 2142 867 2206 houm
887 2142 980 2222 heret
1003 2141 1072 2206 ideo
1093 2161 1192 2205 nonus
1209 2143 1375 2207 osseDeus
1427 2148 1530 2206 tamen
1546 2148 1691 2222 respectu,
1709 2143 1802 2206 nauti
1816 2141 1942 2206 Paulus
1959 2142 2041 2206 docet
2057 2142 2166 2225 (Rom.
2183 2148 2209 2222 l,
2225 2147 2240 2206 1
2255 2144 2367 2227 seqq.),
2381 2144 2406 2228 ¹)

394 2229 518 2311 incepit.
553 2228 664 2294 Nihilo
685 2227 856 2292 absurdius
876 2233 921 2293 est
941 2230 977 2292 in
998 2247 1090 2292 eante
1107 2229 1294 2307 apparuisse
1310 2227 1375 2292 Dei
1426 2229 1502 2293 dum
1523 2248 1556 2290 se
1577 2229 1624 2291 ait
1644 2234 1838 2310 seprepatum
1858 2228 1894 2291 iu
1915 2229 2107 2310 eratspatium
2127 2228 2206 2307 Dei,
2232 2230 2312 2309 quod
2335 2234 2407 2294 ante

393 2314 512 2396 tilium,
545 2316 600 2395 qui
631 2318 732 2377 muron
765 2313 804 2376 ab
836 2319 962 2378 aeterna
991 2313 1137 2396 parcitura
1168 2333 1289 2392 semper
1321 2314 1375 2377 hoc
1421 2314 1614 2394 promiserat
1634 2314 1672 2378 de
1692 2315 1759 2392 filio
1780 2334 1845 2392 suo,
1868 2314 1923 2395 qui
1942 2315 2065 2396 penitus
2085 2319 2129 2378 est
2150 2335 2188 2378 ac
2204 2315 2320 2378 semiue
2337 2314 2407 2378 Da

395 2399 504 2464 hahuit
532 2405 567 2463 ut
589 2400 677 2480 hlius
697 2404 781 2464 esset.
828 2400 916 2480 Quod
937 2399 1136 2464 adiudicaret
1155 2397 1261 2482 anpeli
1282 2399 1374 2463 oerha
1426 2399 1481 2462 oid
1501 2400 1669 2463 securulum
1691 2420 1823 2477 corinun,
1846 2400 2022 2464 Muretus
2041 2400 2129 2481 filius
2146 2400 2211 2464 Dei
2232 2401 2268 2463 in
2284 2401 2406 2464 uirtute.

394 2487 439 2551 ad
461 2486 622 2551 Mariam:
649 2486 730 2565 quod
750 2490 902 2556 ‚nascetur
924 2505 963 2548 ea
984 2491 1012 2549 te
1032 2490 1188 2562 sanctum,
1216 2484 1375 2550 oocabhur
1429 2482 1494 2547 (hur
1516 2485 1684 2548 secuudum
1711 2505 1837 2549 carnem
1861 2487 2003 2550 distincte
2024 2487 2190 2550 rnmirrans
2210 2485 2315 2565 tilium
2336 2485 2406 2550 Da

393 2570 484 2652 pitu
512 2571 590 2648 Dei,
624 2590 660 2634 ac
686 2572 716 2634 si
737 2571 849 2636 diceret
870 2570 940 2650 filii
957 2591 1081 2648 mosen,
1108 2571 1189 2650 quod
1213 2569 1375 2635 obscurius
1426 2569 1519 2648 aidis,
1540 2590 1680 2633 seorsum
1701 2570 1813 2634 diceret
1829 2571 2021 2637 declaratum
2041 2592 2106 2636 esse
2124 2571 2187 2635 Dei
2204 2571 2316 2651 tilium,
2339 2572 2406 2635 uisi

392 2657 501 2738 suerat
527 2657 585 2720 suh
612 2656 687 2738 lepe,
721 2657 832 2720 atoue
856 2656 923 2736 fore
951 2661 979 2719 et
998 2657 1125 2737 passim
1155 2661 1268 2720 uotum.
1314 2655 1375 2721 Cui
1426 2655 1513 2718 uellet
1533 2657 1663 2720 innuere
1682 2656 1811 2720 aliunde
1832 2656 1886 2721 hoo
1902 2657 2039 2736 pendere
2056 2677 2151 2738 picam
2169 2657 2403 2737 acorraeipsa?

392 2743 557 2821 respondet
582 2741 664 2805 illud
691 2741 790 2807 Pauli
818 2741 1079 2826 (Rom.o,1s).·
1111 2743 1188 2823 quia
1212 2762 1293 2807 nuru
1314 2762 1375 2823 per
1429 2740 1516 2804 Nam
1547 2761 1606 2820 quo
1634 2760 1727 2804 sensu
1759 2741 1836 2806 attot
1867 2743 1944 2806 dicit
1966 2743 2000 2826 (2
2021 2741 2094 2807 Cor.
2118 2747 2166 2820 13,
2190 2742 2241 2826 4),
2269 2763 2405 2822 passum

396 2826 559 2892 Christum
580 2847 691 2892 murus
709 2827 773 2908 hcet
794 2828 873 2905 Dei,
904 2828 997 2893 libere
1023 2834 1145 2893 etcum
1170 2828 1290 2908 fiducia
1314 2828 1375 2892 cla
1425 2826 1527 2907 fuisse
1559 2847 1598 2891 eu
1625 2826 1809 2898 infirmitate
1835 2829 1954 2906 carnis,
1986 2829 2196 2893 resurrexisse
2227 2848 2266 2892 eu
2292 2828 2406 2892 vidite

394 2933 483 2977 mare
505 2913 599 2991 alba,
622 2917 722 2993 pater.
766 2913 881 2977 Annon
907 2913 981 2977 olim
1008 2934 1126 2994 quoque
1147 2915 1248 2978 sanati
1263 2920 1375 2996 patres
1426 2913 1569 2992 spir-itus,
1592 2913 1640 2976 ita
1661 2932 1742 2976 nuuc
1762 2912 1932 2977 discrimen
1951 2914 2061 2977 statuit
2081 2915 2242 2993 utriusque
2263 2919 2405 2977 rrotmae

394 2998 495 3062 hahiti
522 3000 653 3081 ficerunt
684 3000 766 3062 inter
787 2998 852 3063 Dei
876 2999 985 3079 tilios?
1030 2998 1098 3061 Imo
1125 2998 1179 3062 hoc
1207 3000 1276 3064 iure
1299 3000 1375 3082 freti
1429 2997 1516 3063 Certe
1547 2998 1711 3063 cumulant
1741 3018 1861 3063 nuesse
1894 3004 1951 3077 est,
1991 2999 2085 3061 sicuti
2115 3021 2136 3062 a
2165 3004 2264 3062 matre
2291 3000 2407 3080 aceepit

395 3082 502 3149 Deum
524 3086 708 3149 invocarunt
723 3091 857 3166 patrem
903 3082 966 3149 Sed
991 3085 1068 3165 quia
1088 3104 1207 3165 ecquo
1228 3085 1264 3148 iu
1284 3106 1375 3149 muu-
1426 3084 1517 3149 cuius
1538 3105 1635 3148 causa
1653 3083 1744 3164 tilius
1761 3084 1902 3148 Doridis
1920 3088 2056 3160 uocatur,
2078 3085 2126 3147 ita
2148 3089 2279 3162 epatre
2296 3084 2406 3148 hahere

393 3172 472 3236 dum
487 3171 661 3250 productus
681 3175 726 3234 est
746 3171 927 3254 unipenitus
943 3169 1008 3234 Dei
1027 3170 1125 3251 lilius,
1147 3171 1267 3235 clarius
1287 3173 1376 3235 iuna
1427 3171 1517 3234 ouius
1545 3190 1642 3234 caesa
1668 3171 1711 3234 sit
1729 3152 1819 3250 filius
1840 3168 1918 3247 Dei,
1947 3171 2039 3250 idque
2068 3168 2107 3233 ah
2128 3168 2268 3231 humana
2289 3175 2406 3232 nat-ura
2436 3192 2438 3201 ·

395 3257 457 3321 tuit
477 3258 613 3321 coelestis
628 3257 814 3338 paternitas,
836 3257 891 3320 hoe
911 3256 1218 3338 ouosiprieilepium
1235 3257 1376 3339 assipnat
1427 3255 1520 3320 aliud
1541 3276 1606 3320 esse
1625 3274 1663 3320 ao
1683 3256 1851 3321 diversum.
1889 3254 2023 3337 Duplici
2043 3255 2166 3318 nmniue
2187 3274 2257 3316 euru
2278 3255 2410 3333 iusipuit

350 3388 354 3397 ·
397 3340 523 3406 Puuhcs
537 3340 660 3407 Cleristi
679 3363 779 3425 repuo.
813 3342 882 3406 Hoc
901 3348 1003 3406 tanuen
1022 3346 1193 3406 constanter
1213 3344 1377 3407 tenendum
1428 3342 1603 3421 scriptura,
1631 3342 1759 3421 passim
1790 3362 1904 3406 ooeous
1936 3361 2017 3405 ituree
2049 3338 2127 3418 Dei,
2159 3359 2241 3402 neone
2273 3339 2410 3403 laminis

394 3432 455 3504 est,
483 3448 647 3508 nunquam
674 3428 721 3492 oel
742 3429 861 3511 aupelis
883 3428 930 3493 uel
951 3427 1127 3492 hominihus
1148 3428 1254 3492 Deum
1273 3428 1376 3509 fuisse
1426 3426 1540 3506 tilium.
1583 3428 1634 3493 De
1665 3430 1797 3494 seeundo
1830 3429 1873 3494 lis
1904 3427 2021 3490 moueri
2046 3446 2107 3490 uon
2134 3430 2234 3507 potest
2266 3426 2344 3505 quin
2370 3444 2410 3487 ec

389 3519 516 3596 patrem
541 3514 606 3577 uisi
627 3515 781 3596 unipeniti
805 3514 869 3595 tilii
890 3519 1029 3593 respectu
1035 3538 1046 3594 ,·
1066 3515 1254 3595 praesertim
1280 3514 1377 3578 homi
1428 3514 1582 3578 communi
1602 3513 1727 3596 liupuae
1748 3514 1909 3578 hebraicae
1929 3533 1991 3577 usu
2011 3511 2149 3575 mininis
2169 3512 2295 3575 duntur
2310 3510 2409 3590 tilius,

395 3619 459 3678 nes,
482 3620 560 3679 quos
575 3601 711 3682 propria
733 3601 887 3681 iniprcitas
899 3600 967 3664 Deo
984 3619 1091 3665 exosos
1107 3600 1217 3679 reddit,
1236 3601 1377 3683 pratuita
1428 3600 1505 3679 quia
1526 3603 1571 3664 est
1589 3619 1628 3662 ec
1646 3601 1796 3681 proponis
1813 3600 1914 3664 Adae.
1947 3597 2001 3661 En
2023 3598 2161 3678 opposito
2183 3597 2325 3661 contendo
2347 3595 2411 3659 dei·

394 3686 558 3766 adoptiom
580 3706 645 3750 esse
663 3686 755 3765 lilios,
778 3688 855 3767 quio
876 3686 930 3750 ille
951 3690 1133 3751 estuatura.
1163 3686 1377 3766 Necestpuod
1427 3686 1503 3749 tatis
1523 3690 1722 3766 murmureque
1748 3687 1899 3750 essentiae
1926 3685 2049 3748 ratione
2074 3684 2180 3747 uocari
2201 3681 2266 3748 Dei
2290 3682 2410 3763 hlium·

394 3770 547 3850 obstrepat
567 3771 719 3848 Serestus,
738 3773 872 3852 peredere
894 3771 948 3836 hoc
970 3793 991 3837 a
1006 3772 1157 3853 filiatione
1174 3792 1269 3853 quam
1286 3772 1377 3836 Deus
1426 3771 1506 3852 auia
1523 3791 1585 3834 uon
1602 3772 1709 3835 miuus
1724 3776 1961 3835 consentaneum
1980 3775 2024 3833 est
2041 3769 2084 3834 ad
2100 3768 2245 3833 diuinam
2261 3772 2411 3831 ndurom

394 3857 483 3937 apmd
510 3878 543 3919 sc
570 3856 757 3921 decreouat:
790 3859 866 3938 quia
899 3857 950 3921 hic
977 3878 1038 3921 nou
1064 3859 1170 3939 aprlur
1196 3858 1234 3923 de
1253 3858 1375 3941 fipuris‚
1428 3857 1544 3938 referri
1569 3857 1651 3937 quod
1673 3861 1800 3921 amatim
1820 3856 1886 3920 Dei
1904 3856 2009 3936 filius,
2037 3874 2133 3935 quam
2160 3855 2203 3919 ad
2229 3854 2409 3932 humanam,

394 3942 534 4023 qualiter
561 3944 698 4021 ecpiatco
726 3944 761 4006 in
788 3944 940 4024 saupuiue
961 3943 1119 4024 pecudum
1150 3948 1271 4009 ostensa
1296 3943 1376 4024 fuit,·
1428 3943 1509 4023 qrcod
1530 3947 1655 4006 uocatur
1672 3943 1763 4022 filius
1783 3941 1927 4006 mininis.
1968 3941 2294 4021 nonuunquam
2315 3939 2411 4003 citam

396 4028 452 4093 sed
475 4047 572 4106 quum
592 4048 626 4090 re
647 4029 720 4107 ipsa
739 4028 802 4108 filii
823 4029 887 4092 Dei
911 4049 976 4093 esse
997 4049 1059 4093 nou
1074 4031 1233 4110 potuerint
1253 4031 1320 4094 uisi
1341 4030 1376 4093 in
1428 4028 1507 4106 loeo,
1533 4049 1595 4091 nou
1617 4028 1710 4092 aliter
1731 4028 1879 4111 iuteltipit
1902 4027 2027 4092 Paulus
2047 4045 2131 4101 eum,
2160 4027 2216 4107 qui
2241 4025 2411 4091 secundum

395 4114 497 4192 capite
527 4113 663 4193 faitdata
689 4119 765 4178 osset
790 4134 897 4178 eorum
925 4115 1061 4196 adoptio,
1095 4115 1253 4180 detrahere
1280 4116 1377 4195 cupiti
1428 4133 1555 4178 caruem
1584 4115 1707 4195 pendas
1738 4119 1783 4178 cst
1815 4134 1854 4178 ec
1881 4114 1999 4178 semine
2026 4111 2183 4191 Dauid-is,
2216 4112 2410 4176 declaration

396 4198 479 4281 quod
510 4199 657 4262 memhris
687 4219 844 4263 commune
874 4200 953 4282 suit,
986 4202 1106 4264 ratione
1136 4206 1226 4266 caret.
1284 4199 1376 4266 Ultra
1428 4220 1494 4264 esse
1520 4200 1555 4262 in
1580 4200 1694 4262 virtute
1718 4200 1823 4280 tilium
1849 4198 1929 4276 Dei,
1958 4216 2052 4278 quam
2080 4197 2159 4262 alibi
2187 4196 2298 4281 (Rom.
2318 4200 2353 4273 9,
2374 4196 2410 4279 5)

391 4285 592 4366 proprcdior:
614 4304 709 4365 quum
730 4285 855 4368 aupelos
876 4290 957 4349 uocet
977 4287 1136 4365 coeptura
1159 4286 1261 4370 (Psal.
1276 4290 1327 4364 82,
1341 4286 1375 4369 6)
1428 4287 1525 4362 docet,
1561 4282 1721 4349 Christum
1754 4286 1809 4364 qui
1836 4305 1878 4349 eu
1898 4283 2031 4350 Iudaeis
2058 4283 2215 4348 ᾶεεεεηᾱίτ
2241 4282 2410 4347 secundum

396 4369 462 4436 Dei
482 4370 573 4449 tilios,
596 4392 730 4452 quorum
750 4376 836 4435 tanta
856 4372 996 4455 dipnitas
1015 4392 1036 4434 a
1051 4371 1163 4452 futura
1173 4373 1377 4453 redemptione
1428 4391 1567 4447 carnem,
1596 4391 1661 4435 esse
1682 4370 1788 4434 Deum
1812 4371 2001 4435 mncdidum
2027 4370 2063 4433 iu
2090 4369 2223 4434 saecula.
2271 4365 2409 4446 Quodsi

397 4476 458 4518 nac
473 4457 638 4536 permutat,
670 4455 831 4522 Christum
856 4462 958 4522 tarum
984 4458 1093 4522 ordine
1107 4460 1238 4538 praeire
1257 4478 1376 4523 necesse
1428 4463 1556 4536 iitroque
1583 4455 1646 4520 loco
1671 4459 1813 4538 peminae
1840 4461 1974 4520 naturae
2001 4455 2158 4519 distinctio
2183 4457 2321 4528 notatur,
2349 4471 2409 4532 quo

396 4547 455 4619 cst,
483 4544 539 4622 qui
560 4549 686 4622 patrem
712 4544 780 4608 illis
808 4545 953 4609 conciliet.
996 4542 1141 4608 Breviter
1160 4544 1275 4609 iterum
1293 4564 1376 4625 repc-
1428 4544 1498 4606 iure
1530 4541 1683 4624 npahunt
1712 4542 1818 4623 filium
1843 4540 1909 4607 Dei
1940 4561 2006 4605 esse
2036 4545 2169 4602 ruturae
2202 4536 2330 4600 diuinae
2361 4555 2409 4600 re

396 4632 477 4705 tarn,
509 4633 537 4689 et
568 4629 652 4693 mern
684 4630 801 4694 addam
833 4630 1001 4713 deperiere
1032 4630 1176 4694 humano.
1224 4631 1327 4711 Quum
1354 4651 1376 4694 a
1426 4633 1540 4710 spectu
1563 4630 1618 4708 qui
1634 4629 1805 4693 seeundum
1822 4648 1948 4693 carnem
1962 4626 2051 4706 titirus
2067 4625 2161 4688 etiam
2180 4627 2226 4685 est
2244 4621 2408 4686 hominis?

392 4714 508 4794 priona
543 4715 661 4796 oriptne
693 4717 808 4780 conditi
838 4715 898 4780 hac
931 4717 994 4799 lepe
1024 4716 1145 4798 suerint
1176 4721 1241 4780 mni
1273 4715 1377 4798 aupeli
1515 4718 1543 4777 7.
1584 4713 1613 4796 ²)
1626 4714 1840 4779 Tumultuoso
1862 4712 1994 4795 quidem
2015 4709 2063 4772 illi
2085 4708 2204 4772 erroris
2226 4707 2276 4771 sui
2298 4714 2408 4789 putro-

397 4817 499 4880 quam
517 4796 664 4878 tournines,
680 4801 820 4868 utDeus
829 4804 1001 4867 aonemunis
1021 4803 1162 4884 utrisque
1183 4806 1260 4866 esset
1270 4807 1374 4882 pater,
1428 4799 1550 4864 ciuium
1571 4808 1705 4883 urgent,
1734 4801 1824 4882 quod
1844 4799 1964 4863 dicitur
1984 4795 2076 4858 Deus
2098 4794 2228 4875 proprio
2250 4792 2317 4856 filio
2340 4814 2406 4858 non

396 4883 429 4948 si
457 4902 565 4944 comm
591 4889 634 4947 est
661 4886 740 4950 illud
763 4886 862 4952 Pauli
884 4887 969 4971 (Col.
992 4893 1025 4967 l,
1048 4889 1116 4974 15),
1143 4908 1264 4970 semper
1287 4886 1376 4952 Chri-
1428 4886 1625 4968 pepercisse,
1652 4886 1739 4968 quod
1760 4886 1854 4949 illum
1875 4885 1998 4964 ipsum,
2026 4880 2081 4962 qui
2103 4900 2121 4943 e
2143 4880 2271 4963 virgine
2293 4900 2407 4944 nasce·

397 4972 482 5034 stum
508 4967 608 5048 scrisse
634 4976 727 5049 caput
753 4978 781 5034 et
802 4975 1045 5056 primopenitum
1073 4976 1175 5040 onmis
1204 4978 1374 5052 creaturae,
1428 4982 1527 5051 retur,
1550 4972 1657 5035 filium
1678 4971 1829 5037 altissimi
1850 4966 1960 5034 vocari
1978 4964 2115 5048 angelus
2133 4965 2297 5048 praecepit
2310 4964 2406 5049 (Luc.

397 5059 434 5118 ut
454 5055 632 5134 primatum
656 5056 693 5118 in
718 5058 859 5122 omnihus
884 5064 1011 5125 teneret:
1043 5063 1101 5126 rite
1128 5060 1209 5125 mihi
1235 5060 1376 5144 collipere
1432 5062 1458 5136 1,
1479 5057 1545 5141 32).
1581 5058 1708 5122 Verum
1730 5057 1787 5139 (ne
1809 5063 1876 5118 tom
1896 5050 1982 5116 futili
2002 5050 2182 5116 obiectione
2200 5050 2406 5136 superbiant)

398 5140 517 5217 uidcor,
548 5141 655 5220 tilium
684 5161 801 5222 quoque
827 5143 891 5208 Dei
922 5145 1024 5225 fuisse
1055 5153 1125 5211 aute
1150 5147 1262 5212 mundi
1290 5167 1374 5211 orea-
1427 5144 1616 5226 expendant
1647 5143 1813 5227 paulisper
1843 5138 2012 5202 nobiscum
2043 5159 2142 5219 quam
2168 5136 2277 5204 valide
2304 5138 2406 5201 ratio·

397 5226 518 5290 tiorum
1427 5229 1589 5295 sinentur.
1634 5227 1672 5294 Si
1700 5229 1787 5292 enim
1815 5225 1877 5288 rito
1899 5222 2117 5304 concluditur,
2146 5245 2166 5289 a
2193 5222 2405 5305 conceptione

488 5315 516 5374 6.
565 5312 653 5392 Quod
679 5311 709 5375 si
730 5311 927 5394 principium
952 5313 1062 5378 lcahuit
1087 5317 1157 5381 eius
1182 5316 1297 5396 filiatio
1326 5318 1376 5402 (ut

399 5397 447 5461 ita
469 5397 597 5481 loquar)
622 5418 661 5462 eu
682 5418 741 5478 quo
767 5399 804 5462 iu
830 5417 923 5461 carue
944 5399 1122 5479 pdefactus
1148 5407 1205 5480 est,
1233 5409 1376 5483 sequetur

397 5481 501 5562 filium
526 5483 683 5549 humanae
709 5503 827 5584 W
847 5486 981 5548 mae
994 5488 1139 5582 smmi
1158 5485 1267 5565 lum
1308 5487 1376 5586 ‚Vf'’
1417 5568 1419 5571 ·
1497 5535 1828 5600 1)1demorpumentum
1850 5545 1992 5586 excussum
2018 5531 2140 5586 habuisti
2159 5527 2224 5594 Cap.
2250 5526 2403 5594 V11.§.6.

398 5567 468 5632 Μ
494 5568 693 5670 &muffet
718 5571 837 5668 &maii
856 5567 1045 5668 ledlm,
1058 5567 1233 5647 cmm
1259 5591 1314 5651 qul
1340 5592 1376 5635 m
1423 5621 1516 5672 praec.
1542 5602 1605 5656 edit.
1674 5599 1704 5667 2)
1733 5600 1797 5654 Huc
1822 5617 1927 5671 piraque
1954 5601 2088 5655 nonnulla
2116 5599 2253 5650 mamiato
2278 5602 2343 5650 nint
2368 5612 2404 5650 ec

398 5673 491 5721 earm
512 5663 673 5738 apparuit,
695 5678 760 5724 esse
772 5656 837 5722 Der
855 5655 968 5738 himm,
988 5675 1045 5737 pm
1065 5659 1155 5720 entra
1174 5674 1298 5720 carnem
1314 5676 1376 5721 non
1430 5672 1495 5740 Gap.
1520 5671 1587 5724 1⁷11.
1607 5671 1629 5736 ς.
1648 5669 1673 5723 6.
1892 5734 1895 5742 ,

2070 5772 2072 5779 .
2144 5746 2198 5802 23ΰ

735 5984 738 5991 ’
814 5979 833 6023 0
