5600 6809
424 715 465 777 u
650 678 663 688 ’
828 782 831 789 ,
946 779 953 791 ,
1072 708 1339 789 mensurio
1361 709 1467 777 unu.
1491 705 1672 774 eumer.
1699 711 1790 772 reso.
2397 709 2439 770 ss

428 908 581 985 putemus
615 907 772 983 quantam
799 900 964 965 Dominus
997 899 1213 965 conservandi
1240 899 1332 964 verbi
1358 899 1411 965 sui
1463 916 1568 960 eorum
1592 896 1765 961 doctrinam
1789 916 1890 979 supra
1910 896 2061 960 mundum
2082 896 2163 960 sotis
2182 915 2334 975 superque
2353 895 2441 959 adol·

429 1008 542 1054 curam
573 985 898 1068 habuerit,·quand0
925 986 1033 1068 ipsum
1056 1007 1098 1050 ex
1120 985 1318 1049 truculentia
1339 1007 1411 1050 sae-
1464 982 1513 1061 lit,
1543 983 1625 1063 quod
1646 981 1827 1046 Matthaeus
1853 983 1896 1046 ad
1924 1002 2047 1047 mensae
2069 1002 2145 1046 suae
2166 987 2329 1061 quaestum
2349 985 2441 1045 antea

428 1073 555 1139 vissimi
577 1073 722 1156 tyranni,
745 1073 836 1153 quasi
855 1093 896 1135 ex
914 1071 1080 1153 praesenti
1097 1070 1257 1148 incendic,
1281 1079 1411 1153 praeter
1463 1068 1598 1149 affixus,
1629 1066 1743 1132 Petrus
1771 1066 1957 1132 etIoannes
1984 1069 2019 1132 in
2044 1066 2198 1131 naeuus
2224 1068 2295 1130 suis
2316 1067 2440 1145 casati
2504 1098 2510 1109 ·

429 1180 521 1242 spem
543 1158 690 1222 omnium
709 1159 844 1240 eripuit,
867 1155 951 1239 quod
973 1157 1044 1240 pios
1066 1155 1250 1221 sacerdotes
1268 1156 1411 1240 aliosque
1464 1174 1567 1225 omues
1584 1155 1685 1218 crossi
1707 1153 1830 1231 idiotae,
1843 1154 1924 1218 nibil
1936 1154 2109 1219 didicerant
2119 1153 2154 1217 in
2166 1151 2326 1216 bmninum
2337 1151 2442 1216 sclicla

429 1251 524 1308 tanta
546 1243 731 1309 constant-iu
752 1244 922 1319 instruxit,
946 1251 1071 1305 utnon
1093 1240 1316 1307 dubitaverint
1338 1242 1411 1307 the·
1464 1241 1545 1321 quod
1567 1239 1643 1304 aliis
1665 1240 1826 1304 traderent.
1856 1239 1981 1304 Paulus
2000 1259 2071 1303 cero
2092 1259 2152 1302 nori
2170 1241 2290 1302 tardum
2311 1259 2350 1303 ea
2366 1257 2442 1319 pro-

430 1351 563 1395 saurum
598 1329 688 1393 hunc
716 1329 804 1392 vitae
831 1349 909 1392 suae
932 1326 1118 1410 dispendio,
1153 1329 1179 1391 si
1207 1349 1289 1410 opus
1316 1329 1410 1405 foret,
1464 1325 1664 1406 fessoloste,
1686 1325 1855 1390 sedetiam
1877 1346 1966 1390 saeuo
1988 1325 2255 1406 etsanpuinario,
2279 1343 2443 1388 conouars

429 1414 636 1497 redemptum
665 1413 706 1478 ad
735 1421 881 1497 posteros
914 1414 1150 1492 transmittere;
1176 1411 1263 1495 quod
1291 1414 1411 1478 acerri-
1464 1412 1500 1474 in
1532 1432 1646 1475 nouum
1678 1410 1844 1490 hominem,
1884 1412 1988 1476 subita
2024 1416 2051 1475 et
2082 1412 2242 1492 insperata
2274 1410 2443 1474 munuae

430 1522 519 1566 mam
557 1509 606 1563 tot
638 1499 826 1583 praesidum
860 1520 898 1563 ac
930 1498 1107 1563 satellitum
1140 1501 1411 1581 conquisitionem
1464 1497 1594 1561 osteirdit
1614 1496 1732 1563 codcsti
1752 1498 1884 1578 imperio
1900 1519 1933 1563 se
1949 1497 2142 1578 compulsum
2158 1496 2330 1559 doctrinam
2346 1515 2443 1576 quam

430 1587 608 1651 frustratus
630 1592 687 1650 est.
733 1583 816 1664 Quis
830 1585 965 1667 ‘insigne
987 1606 1024 1650 aa
1046 1585 1221 1649 mirificum
1242 1585 1307 1650 Dei
1329 1605 1411 1668 opus
1464 1587 1692 1666 opnmpuauerot
1722 1603 1867 1647 assume
1926 1583 2044 1665 Neqent
2080 1602 2170 1646 canu
2207 1582 2263 1645 isti
2292 1583 2443 1662 spiritum

432 1693 500 1736 non
522 1678 686 1754 agnoscat,
705 1670 790 1752 quod
808 1692 901 1736 sacra
917 1670 974 1734 illa
985 1679 1205 1747 monumenta,
1224 1692 1307 1753 quae
1318 1692 1412 1755 pror·
1463 1675 1603 1733 sendum
1623 1689 1717 1749 super
1738 1669 1890 1750 apostolos
1909 1669 2072 1750 delapsum
2092 1688 2171 1747 esse,
2199 1666 2246 1732 cel
2265 1668 2374 1731 saltem
2393 1666 2443 1731 ln'-

331 1781 336 1790 ·
431 1779 488 1822 sus
500 1757 662 1821 interiisse
680 1755 739 1820 sibi
757 1756 849 1838 impii
866 1765 1106 1837 persuaserant,
1124 1777 1202 1820 mox
1214 1757 1307 1838 quasi
1323 1765 1411 1840 post-
1463 1757 1578 1819 storioe
1603 1754 1697 1825 dum
1722 1754 1880 1837 obreperet:
1911 1775 1963 1819 res
1989 1759 2089 1818 tornen
2111 1754 2226 1835 palum
2253 1753 2394 1818 clamitat
2420 1773 2443 1817 a

330 1924 334 1931 ι
430 1842 556 1907 liminio
575 1841 750 1919 redierunt,
775 1850 808 1905 et
828 1840 958 1924 quidem
971 1842 1093 1906 maiore
1112 1862 1185 1905 cum
1200 1840 1409 1925 dignatione?
1462 1841 1578 1921 spiritu
1610 1841 1711 1920 fuisse
1738 1842 1867 1918 edoctos,
1901 1841 1957 1921 qui
1989 1845 2059 1904 anm
2090 1832 2126 1904 in
2159 1840 2232 1921 ipsa
2259 1839 2348 1921 plebe
2374 1859 2443 1905 cone

433 1925 581 2010 Sequuta
603 1936 652 1991 est
674 1928 761 1991 enirn
784 1948 901 2010 graeca
922 1927 1149 2009 interpretatio
1176 1948 1259 2009 quae
1280 1949 1339 2010 per
1361 1935 1411 1991 to-
1463 1927 1652 2007 temptihiles,
1675 1932 1793 2006 repente
1812 1927 1850 1990 de
1867 1925 2042 1991 mmsis
2062 1926 2219 2007 mysteriis
2240 1928 2305 1997 tom
2321 1925 2444 2008 mopni·
2526 1988 2528 1991 ,
2579 1901 2583 1909 ’

432 2018 504 2077 tum
531 2013 642 2078 orbem
671 2033 709 2076 ea
737 2013 895 2095 vulgaret.
940 2012 1055 2094 Neque
1083 2013 1119 2076 in
1142 2034 1179 2076 eo
1203 2021 1331 2077 tantum
1354 2035 1411 2095 ap·
1462 2012 1518 2091 tice
1539 2013 1690 2076 disserere
1711 2016 1879 2093 coeperunt.

430 2099 541 2182 paruit
561 2098 767 2175 miraculum,
791 2097 877 2179 quod
896 2097 1034 2163 foederis
1057 2099 1108 2163 sui
1128 2098 1255 2163 tabulas
1277 2099 1412 2164 Deusa
1552 2101 1598 2160 12.
1643 2096 1737 2163 Adde
1759 2095 1847 2179 quod
1868 2097 1950 2162 aliae
1973 2116 2099 2180 quoque
2124 2102 2203 2162 sunt
2224 2095 2365 2178 optimae
2387 2114 2442 2159 ra·

432 2184 651 2266 sanguinariis
680 2183 837 2248 Antiochi
864 2182 977 2249 edictis
1004 2183 1199 2260 vindicavit,
1235 2184 1292 2249 sed
1326 2183 1411 2267 quod
1463 2184 1569 2249 tiones
1591 2203 1650 2247 cur
1671 2181 1813 2266 pondere
1834 2204 1894 2247 suo
1915 2205 1983 2247 non
2005 2190 2114 2248 careat
2133 2181 2286 2246 ecclesiae
2303 2201 2442 2246 eonsen-

430 2271 606 2335 intertum
628 2269 825 2351 multiplices
848 2269 955 2352 gentis
978 2269 1123 2334 iudaicae
1146 2268 1269 2347 clades,
1293 2270 1412 2352 quibus
1464 2291 1530 2334 sus.
1575 2269 1691 2351 Neque
1719 2271 1807 2332 enirn
1834 2291 1893 2353 pro
1920 2269 2057 2333 minimo
2085 2266 2271 2332 ducendum
2299 2275 2364 2345 est,
2399 2288 2443 2331 ex
2495 2266 2497 2271 ’

431 2354 568 2422 subinde
592 2356 706 2419 attrita
728 2361 761 2418 et
781 2362 919 2432 vastata,
941 2375 1020 2420 mox
1039 2376 1140 2438 prope
1159 2354 1199 2419 ad
1217 2356 1411 2419 internecio·
1465 2376 1529 2438 quo
1551 2356 1716 2437 scriptura
1737 2353 1904 2438 publicata
1923 2356 2002 2433 fuit,
2025 2363 2076 2418 tot
2096 2353 2302 2419 saeculorum
2322 2353 2442 2417 volun·

431 2461 508 2504 nem
530 2439 662 2505 redacta
684 2441 754 2517 fuit,
778 2440 887 2505 salvae
911 2449 1022 2505 tamen
1043 2441 1296 2523 superstitesque
1317 2462 1411 2506 man·
1464 2449 1549 2505 tates
1582 2449 1771 2506 constanter
1803 2441 1839 2504 in
1871 2440 1943 2506 eius
1973 2439 2194 2506 obedientiam
2222 2439 2442 2518 consensisse;

431 2535 553 2591 serunt.
604 2527 737 2607 Lingua
769 2525 910 2591 hebraea
937 2535 1006 2590 non'
1030 2526 1183 2609 ignobilis
1210 2526 1320 2605 modo,
1354 2526 1412 2591 sed
1464 2533 1498 2592 et
1525 2527 1811 2610 utcunquemiris
1843 2525 1949 2590 modis
1976 2547 2049 2591 eam
2074 2525 2127 2590 vel
2154 2525 2354 2609 opprimere,
2387 2524 2443 2590 vel

431 2632 533 2695 prope
555 2612 722 2694 incognita
743 2612 882 2694 iacebam
905 2618 938 2675 et
959 2619 1061 2689 certe,
1085 2613 1150 2676 nisi
1167 2612 1317 2696 religioni
1335 2634 1412 2678 con·
1465 2621 1626 2691 evertere,
1655 2612 1708 2677 vel
1729 2611 1883 2677 inducere
1903 2633 2039 2695 prorsus
2060 2623 2094 2676 et
2116 2633 2158 2676 ex
2178 2610 2350 2675 hominum
2372 2632 2443 2675 me·

416 2697 556 2762 ‘sultum
583 2697 740 2762 voluisset
765 2696 872 2775 Deus,
899 2697 936 2761 in
963 2705 1070 2762 totum
1098 2699 1256 2781 periisset.
1306 2700 1412 2779 Quen·
1463 2699 1568 2763 moria
1589 2699 1764 2764 obliterare
1786 2706 1879 2763 satan
1902 2719 1977 2763 cum
1997 2705 2066 2762 toto
2088 2695 2211 2761 mundo
2233 2704 2370 2761 conatus
2387 2696 2442 2776 sit,

431 2788 499 2847 tum
527 2783 618 2859 enim,
640 2804 679 2847 en
701 2803 761 2864 quo
782 2783 900 2847 reuersi
922 2788 997 2846 surii
1023 2783 1062 2848 ah
1084 2784 1197 2848 exsilio
1227 2784 1358 2863 Iudaei,
1391 2807 1413 2850 a
1464 2805 1593 2866 semper
1622 2793 1731 2848 tamen
1757 2784 1863 2848 instar
1894 2784 2021 2867 palmae
2054 2783 2257 2865 superiorem
2289 2781 2443 2860 evasisse,

431 2867 559 2951 linquae
570 2869 701 2949 patriae
716 2870 851 2950 pennino
865 2888 926 2932 usu
943 2868 1135 2947 desciverint,
1153 2889 1192 2933 ea
1210 2870 1277 2934 eius
1294 2871 1412 2935 saeculi
1464 2878 1498 2934 et
1519 2870 1811 2953 inexpugnabilem
1832 2869 2022 2953 perstitisse.
2063 2866 2233 2950 Siquidem
2255 2889 2352 2932 nemo
2373 2869 2445 2934 fere

425 2951 589 3036 prophetis
611 2959 759 3036 apparea
781 2954 862 3034 quod
884 2955 952 3018 ideo
973 2959 1081 3018 notatu
1104 2955 1181 3019 utile
1202 2960 1253 3032 est,
1276 2957 1353 3037 quia
1374 2977 1412 3020 ea
1465 2956 1694 3020 excellentiore
1716 2956 1860 3038 ingenio,
1890 2956 1943 3020 vel
1965 2955 2126 3037 sophista,
2154 2954 2206 3018 vel
2228 2953 2340 3018 rhetor
2361 2954 2444 3019 olim

431 3038 489 3103 tac
510 3040 740 3120 conparatione
761 3039 880 3102 clarius
901 3040 1025 3103 elicitur
1045 3039 1123 3123 lepis
1144 3040 1412 3123 ctproplidorum
1463 3042 1536 3120 fuit,
1558 3042 1615 3125 qui
1636 3042 1705 3106 vim
1727 3061 1822 3104 suam
1844 3039 2001 3107 adversus
2023 3040 2128 3124 ipsam
2149 3061 2218 3105 non
2238 3038 2442 3119 intenderet3

430 3125 611 3205 antiquitas.
655 3124 701 3188 Et
727 3145 787 3206 per
814 3145 894 3206 quos
924 3125 1040 3190 salutis
1068 3125 1249 3190 doctrinam
1277 3127 1311 3191 in
1337 3127 1411 3210 lege
1463 3127 1548 3192 nihil
1577 3137 1688 3210 tamen
1714 3128 1923 3211 profecenmt
1945 3147 2067 3192 omnes.
2110 3126 2152 3189 In
2179 3127 2250 3190 eius
2276 3123 2446 3190 excidium

430 3217 465 3274 et
485 3209 653 3290 prophetis
674 3210 944 3292 comprehensam
966 3209 1059 3275 nobis
1080 3211 1173 3277 Deus
1194 3214 1351 3292 servavit,
1373 3220 1412 3277 ut
1463 3214 1638 3279 universae
1665 3221 1773 3281 terrae
1807 3214 1955 3296 potentia
1988 3234 2023 3278 se
2050 3211 2205 3276 armavit:
2245 3211 2281 3275 in
2312 3211 2446 3276 fumum
2547 3251 2553 3260 -

430 3293 584 3361 Christus
607 3316 666 3359 suo
689 3303 835 3378 tempore
856 3296 1047 3379 patefieret?
1090 3297 1157 3362 Per
1184 3298 1411 3364 infestissimos
1463 3299 1614 3365 abierunt
1635 3320 1748 3364 omnes
1769 3299 1840 3363 eius
1861 3305 2005 3364 conatus.
2051 3295 2223 3377 Quomodo
2243 3303 2312 3360 tarn
2334 3296 2446 3363 valide

430 3377 555 3445 Christi
575 3381 677 3462 ipsius
701 3381 811 3446 hostes
831 3380 984 3460 Iudue0s;
1017 3403 1098 3464 quos
1119 3385 1236 3448 merito
1258 3385 1412 3450 ecclesiae
1463 3384 1681 3469 undequaque
1708 3385 1857 3466 impetita
1889 3384 2078 3462 restitisset,
2112 3403 2181 3447 non
2208 3381 2274 3447 nisi
2295 3382 2445 3448 humano

429 3465 626 3534 christianae
648 3467 799 3537 librarios
820 3468 1027 3551 Augustinus
1055 3467 1128 3532 ideo
1151 3469 1306 3552 appellat,
1335 3471 1413 3553 quia
1462 3472 1547 3536 freta
1571 3468 1755 3555 praesidio?
1799 3468 1889 3550 Quin
1916 3471 2022 3552 magis
2050 3469 2111 3534 hoc
2138 3469 2208 3552 ipso
2235 3468 2347 3533 aDeo
2369 3489 2444 3533 esse

428 3551 523 3616 nobis
541 3552 833 3617 subministrarunt
849 3553 1024 3618 lectionem
1045 3555 1137 3619 ouius
1154 3555 1219 3638 ipsi
1234 3577 1330 3621 usum
1343 3577 1412 3621 non
1463 3557 1683 3635 convincitur,
1716 3554 1802 3638 quod
1834 3556 2070 3621 reluctantibus
2102 3554 2257 3619 humanis
2288 3554 2445 3619 omnibus

428 3636 559 3701 habent.
1463 3641 1595 3721 studiis,
1624 3664 1685 3710 sua
1706 3651 1819 3706 tamen
1846 3643 1970 3708 virtute
1990 3662 2094 3723 usque
2115 3639 2293 3705 emerserit
2345 3639 2446 3705 Adde

518 3727 564 3785 ll.
619 3721 719 3787 Porro
756 3725 786 3787 si
818 3725 860 3790 od
892 3744 1005 3790 norum
1036 3730 1248 3792 testamentum
1279 3728 1410 3806 venitm,
1464 3729 1564 3793 etiam
1585 3729 1666 3807 hue,
1689 3725 1776 3811 quod
1796 3748 1862 3795 non
1883 3748 1952 3792 una
1973 3728 2104 3804 civitas,
2128 3746 2195 3790 non
2216 3746 2298 3809 gens
2318 3746 2386 3790 una
2407 3725 2446 3790 in

493 3827 525 3869 m
545 3808 657 3873 solidis
676 3809 809 3888 fulturis
830 3811 943 3876 nititur
964 3812 1032 3876 nus
1053 3813 1194 3877 vadas?
1234 3813 1413 3878 Historiam
1463 3835 1536 3879 eum
1562 3814 1784 3897 recipiendam
1806 3822 1840 3878 et
1861 3811 2113 3897 amplexandam
2134 3811 2349 3894 conspiravit3
2384 3811 2446 3876 sed

450 3893 545 3957 umili
577 3892 748 3974 abiectoque
779 3916 914 3962 sermone
945 3902 1007 3962 tres
1037 3899 1242 3982 eoanpelistae
1273 3900 1411 3963 recitant.
1463 3921 1560 3983 quam
1581 3900 1679 3982 longe
1700 3899 1828 3981 lateque
1850 3905 1941 3983 patet
1960 3909 2126 3963 terrarum
2147 3898 2251 3976 orbis,
2273 3897 2447 3962 variarum

431 3976 578 4075 Fastidio
606 3984 649 4042 est
678 3980 785 4045 multis
812 3983 955 4062 supuhis
981 3985 1045 4048 ista
1072 3986 1276 4066 simplicitos;
1303 4005 1411 4067 nempe
1463 3986 1627 4069 gentium,
1660 3985 1779 4068 quibus
1812 3985 1933 4068 alioqui
1964 3984 2048 4049 nihil
2080 3985 2169 4048 inter
2201 4005 2236 4048 se
2270 4003 2448 4048 commune

429 4082 578 4144 quostiam
599 4065 642 4128 ad
657 4067 834 4148 praocqma
854 4068 1010 4133 docuinae
1031 4071 1136 4151 capilo
1162 4092 1223 4137 non
1244 4073 1411 4149 attendunt,
1463 4081 1549 4151 erat,
1579 4086 1693 4137 sancta
1714 4070 1953 4153 conspiratione
1976 4092 2071 4135 suam
2093 4070 2304 4133 autoritatem
2326 4066 2448 4151 adepta

429 4169 468 4213 ee
494 4148 609 4229 quitus
636 4151 775 4233 collipere
801 4153 895 4233 facile
924 4160 1009 4234 essd,
1036 4176 1087 4226 eos
1118 4177 1219 4238 supro
1239 4156 1413 4222 lunanum
1463 4164 1521 4223 est
1566 4159 1670 4224 Porro
1692 4178 1795 4240 quum
1816 4156 1998 4239 plurimum
2019 4176 2080 4220 nos
2102 4175 2234 4220 movere
2257 4153 2373 4219 debeat
2394 4161 2447 4218 ta·

429 4240 554 4316 captum
581 4236 619 4301 de
644 4236 819 4302 socundus
844 4241 1002 4321 mysteriis
1026 4240 1184 4306 dissum.
1230 4243 1316 4308 Certe
1343 4245 1411 4324 qui-
1462 4243 1504 4308 hs
1521 4245 1750 4310 convenientia
1767 4250 1836 4306 tam
1854 4243 2061 4308 diversorum
2079 4241 2275 4319 animorum,
2299 4239 2447 4320 etrebus

430 4339 549 4401 nonque
570 4323 698 4405 inpenui
712 4324 848 4404 pudoris
866 4330 954 4407 putta
964 4326 1111 4419 praedii
1132 4333 1232 4407 aunt,
1255 4329 1326 4393 lecto
1340 4331 1411 4410 pri·
1462 4330 1615 4395 omnibus
1638 4329 1760 4412 alioqui
1783 4329 1870 4393 inter
1892 4351 1927 4394 so
1949 4327 2192 4405 dissidentium,
2217 4325 2347 4408 quando
2369 4345 2446 4390 eam

429 4425 480 4471 mo
512 4408 611 4489 iopite
644 4408 749 4472 Lucae
774 4410 939 4491 pudefiat.
989 4410 1063 4476 Iam
1097 4409 1214 4478 Christi
1247 4415 1409 4494 ammonas,
1462 4437 1529 4480 non
1551 4416 1615 4480 nisi
1646 4416 1777 4481 coelesti
1803 4415 1937 4479 numine
1964 4413 2172 4479 conciliatam
2193 4417 2342 4495 apparet:
2376 4432 2446 4475 non

404 4491 566 4574 ‘quarum
590 4513 718 4559 summo
745 4516 766 4559 a
792 4496 893 4562 tribus
919 4496 986 4562 illis
1012 4500 1208 4582 evangelistis
1223 4501 1411 4584 perstrinpi-
1461 4522 1580 4583 parum
1601 4510 1710 4566 tamen
1733 4502 1905 4584 gravitatis
1927 4500 1976 4563 illi
1993 4500 2156 4576 accrescit,
2179 4497 2257 4561 dum
2277 4497 2445 4561 intuemur

430 4582 496 4654 tur,
532 4582 616 4643 omni
649 4584 817 4662 cmdemptu
855 4602 959 4647 eorum
990 4585 1109 4667 scripta
1136 4585 1229 4666 facile
1260 4588 1409 4650 eximunt.
1460 4587 1498 4650 in
1517 4608 1632 4652 eorum
1653 4588 1808 4671 pietatem
1829 4588 1885 4668 qui
1908 4587 1955 4650 sic
1972 4584 2172 4650 conveniunt
2179 4607 2187 4662 ;
2210 4604 2276 4647 non
2293 4582 2444 4647 omniurn

430 4661 567 4761 Ioannes
594 4671 696 4730 ouum
724 4688 740 4732 e
767 4667 894 4732 sublimi
922 4674 1047 4749 tonans,
1082 4691 1159 4751 quos
1185 4693 1246 4735 non
1272 4674 1349 4755 cupit
1374 4675 1409 4737 in
1461 4673 1602 4754 quidem,
1621 4672 1679 4738 sed
1696 4673 1823 4754 quibus,
1847 4694 1907 4738 ceu
1920 4671 2107 4748 luminibus,
2126 4670 2255 4754 hilgere
2271 4667 2443 4734 eeclesiam

429 4746 607 4845 obsequium
632 4752 723 4831 fidei,
756 4774 860 4818 eorum
880 4756 1093 4837 puuicaciom
1119 4757 1250 4837 quolibet
1275 4759 1409 4838 fulmine
1462 4780 1556 4823 suam
1577 4759 1739 4824 Dominus
1761 4758 1874 4823 voluit.

405 4833 569 4931 ¹ualidum
591 4839 768 4915 prosternit.
813 4839 971 4906 Prodeant
1000 4843 1035 4905 in
1061 4843 1200 4907 audium
1228 4863 1333 4908 omnes
1353 4846 1409 4907 isti
1552 4848 1598 4908 13.
1643 4845 1717 4910 Iam
1750 4853 1875 4926 quanta
1910 4842 2084 4907 securitate
2116 4861 2177 4905 nos
2209 4841 2239 4904 ei
2272 4838 2442 4904 documao

429 4924 537 4982 nasute
549 4939 693 4999 caumes,
706 4925 818 5003 quiue
834 4946 959 4990 sumum
970 4927 1111 5008 caepas
1122 4934 1166 4992 est
1179 4930 1351 5010 sumpturae
1362 4950 1409 4995 re-
1460 4950 1581 4995 nomen
1609 4930 1687 4995 dure
1715 4951 1776 5013 par
1797 4938 1862 5007 est,
1892 4949 1989 5012 quam
2012 4934 2061 4991 tot
2082 4934 2273 4992 sanctorum
2292 4926 2441 4991 virorum

429 5005 599 5102 uersutiam
619 5027 656 5068 ea
670 5010 740 5072 suis
756 5012 932 5076 etaliorum
950 5013 1094 5077 cordibus
1110 5020 1255 5079 eacutue.
1289 5016 1410 5098 Lepont
1461 5017 1620 5098 sanguine
1653 5016 1811 5081 sancitam
1851 5035 1888 5079 ac
1921 5015 2127 5078 testificatam
2161 5010 2330 5078 videmus?
2384 5009 2441 5074 Illi

429 5089 563 5187 Ioannis
584 5093 790 5173 ecanpelium:
812 5098 905 5163 uelint
924 5098 1039 5175 nolint,
1062 5099 1127 5162 illic
1148 5101 1301 5181 reperient
1321 5102 1409 5167 mille
1459 5123 1519 5185 pro
1541 5102 1642 5167 semol
1664 5110 1815 5184 suscepta
1835 5122 1904 5164 non
1926 5099 2117 5165 dubitarunt
2137 5105 2277 5162 mortem
2294 5097 2440 5160 animose

428 5180 595 5274 seutatias
616 5196 694 5256 quae
715 5180 823 5245 saltem
841 5202 945 5248 eorum
957 5185 1130 5257 socordiam
1143 5187 1408 5269 eaperpefaciant5
1460 5197 1493 5252 et
1513 5187 1693 5271 intrepide,
1715 5195 1812 5269 atque
1835 5187 1915 5252 adeo
1937 5207 2059 5269 magna
2080 5184 2247 5250 alacritate
2269 5190 2437 5265 oppetere:

426 5281 489 5325 imo
508 5281 589 5360 quae
609 5282 714 5360 eorum
725 5268 918 5332 conscientiis
939 5271 982 5335 od
1002 5269 1182 5336 ocimoides
1202 5292 1306 5336 eorum
1320 5275 1408 5338 risus
1459 5294 1518 5338 nos
1546 5293 1621 5338 cum
1649 5274 1707 5337 tali
1735 5272 1920 5337 arrhabone
1947 5271 1988 5335 ad
2015 5293 2075 5336 nos
2107 5270 2349 5346 transmissam,
2382 5267 2438 5350 qui

425 5345 572 5445 torrilde
601 5355 732 5445 inurant
760 5354 938 5418 cauterium.
980 5355 1103 5420 Eadem
1133 5356 1231 5422 Pauli
1264 5364 1292 5423 et
1319 5358 1407 5424 Petri
1458 5381 1525 5425 non
1547 5371 1636 5424 certa
1664 5367 1697 5423 et
1718 5361 1912 5424 inconeussa
1937 5358 2145 5442 persuasione
2173 5351 2437 5437 susciperemus?

426 5438 507 5530 ratio
529 5439 582 5532 est,
604 5455 639 5497 in
660 5454 792 5516 quorum
812 5439 938 5519 scriptis
958 5444 1103 5520 quamuis
1120 5444 1223 5509 maior
1237 5465 1320 5525 pars
1341 5465 1406 5509 cae·
1457 5445 1533 5510 Non
1561 5466 1638 5529 ergo
1665 5453 1715 5511 ost
1741 5443 1915 5510 mediocris
1941 5445 2122 5526 scripturae
2152 5440 2356 5524 approbatio,
2388 5443 2440 5503 tat

427 5522 536 5596 cutiat,
570 5540 643 5600 ipso
672 5526 776 5620 tomen
809 5523 945 5621 coelestis
977 5528 1127 5592 mciiestas
1159 5529 1314 5594 devinctos
1345 5531 1407 5594 sibi
1457 5533 1590 5597 testium
1636 5532 1798 5615 sanguine
1842 5532 1942 5596 fuisse
1985 5530 2204 5613 obsignatam
2242 5524 2437 5608 praesertim

425 5622 530 5667 orares
558 5610 586 5668 et
616 5626 708 5686 quasi
741 5614 919 5674 constrictos
947 5615 1039 5692 ¹terret.
1102 5614 1206 5680 Unum
1243 5635 1314 5680 uero
1352 5615 1407 5682 loc
1458 5616 1536 5682 dum
1567 5625 1771 5701 reputamus,
1806 5639 1860 5683 eos
1890 5625 2029 5682 mortem
2060 5611 2102 5678 ad
2128 5611 2331 5677 reddendum
2358 5609 2438 5676 fidei
