5600 6809
423 771 489 834 oca
985 749 994 764 '
1033 804 1036 809 ,
1067 759 1334 828 mantnano
1355 760 1460 828 anu.
1483 761 1664 830 enarer.
1690 768 1780 828 1559.
1993 779 1996 785 ¹
2087 760 2088 763 ‘
2368 767 2440 828 aas

424 979 516 1023 mare
543 955 693 1032 rubrum,
723 961 757 1018 et
784 952 993 1018 Pharaonem
1021 954 1130 1035 ipsum
1159 962 1193 1017 et
1221 953 1400 1037 Aegyptios
1452 952 1618 1035 putatione
1641 949 1815 1028 duntaxat;
1844 952 1920 1035 quia
1947 973 2005 1034 pro
2027 952 2123 1017 iustis
2145 960 2179 1016 et
2199 952 2436 1017 innocentibus

425 1045 544 1118 hostes,
568 1042 622 1122 qui
645 1062 665 1104 a
687 1047 778 1123 tergo
800 1039 866 1104 illis
893 1040 1062 1105 instabant
1083 1046 1117 1103 et
1138 1037 1316 1104 cervicibus
1339 1038 1400 1101 im·
1453 1058 1509 1102 eos
1531 1058 1591 1102 sua
1612 1036 1835 1102 misericordia
1855 1035 2019 1102 Dominus
2041 1038 2148 1102 habet.

425 1130 609 1204 minabant,
638 1125 820 1190 submersit,
866 1125 952 1190 Nam
977 1132 1010 1190 et
1037 1124 1078 1188 ad
1101 1124 1188 1191 hamc
1210 1122 1343 1188 modam
1364 1123 1401 1186 in
1542 1129 1589 1186 11.
1635 1123 1786 1188 Alterum
1808 1130 1873 1199 est,
1903 1122 1988 1204 qnod
2016 1123 2095 1188 haec
2122 1125 2318 1205 perversitas
2341 1145 2436 1187 nun·

425 1212 586 1296 baptismo
608 1208 780 1293 pollicetur
797 1212 889 1276 nobis
908 1219 941 1275 ct
959 1211 1035 1275 dato
1054 1211 1148 1293 signo
1170 1207 1319 1285 ostendit,
1340 1229 1400 1274 nos
1453 1229 1552 1292 quam
1581 1209 1615 1271 in
1643 1209 1736 1273 nobis
1766 1216 1886 1286 cessat,
1922 1207 1979 1272 sed
2007 1229 2109 1274 novos
2138 1209 2267 1273 assidue
2299 1211 2434 1274 fructus

425 1322 467 1364 ex
489 1299 632 1382 Aegypti
661 1297 865 1378 captivitato,
894 1297 955 1362 hoo
975 1304 1026 1361 est
1048 1317 1065 1360 e
1087 1296 1212 1377 peccati
1234 1295 1399 1372 servitute,
1452 1294 1547 1377 parit,
1571 1316 1611 1359 ea
1632 1294 1755 1359 scilicet
1776 1315 1859 1375 quae
1882 1302 1958 1357 ante
1983 1292 2213 1376 descripsimus
2234 1316 2332 1378 opera
2353 1317 2433 1360 car-

425 1406 485 1450 sua
509 1385 629 1449 virtute
652 1382 784 1447 eductos
806 1397 840 1447 et
861 1382 1056 1460 vindicatos;
1084 1383 1289 1446 submersum
1310 1380 1400 1444 Pha·
1453 1381 1519 1459 nis;
1550 1401 1615 1444 non
1649 1400 1741 1445 secus
1770 1391 1867 1461 atque
1892 1381 2028 1444 incensa
2055 1380 2173 1443 fornax
2200 1382 2366 1446 flammam
2396 1392 2435 1446 et

427 1491 560 1535 raonem
590 1476 754 1547 nostrum,
782 1468 816 1531 id
845 1477 894 1532 est
923 1468 1100 1532 diabolum:
1132 1488 1318 1549 quanquam
1341 1489 1400 1532 nec
1454 1466 1611 1530 scintillas
1638 1473 1795 1548 perpetuo
1818 1466 1921 1543 efflat,
1951 1471 2010 1528 aut
2031 1467 2193 1549 scaturigo
2216 1487 2334 1551 aquam
2356 1469 2436 1532 sine

428 1558 473 1621 sic
496 1555 596 1619 etiam
618 1573 769 1618 exercere
791 1576 850 1619 nos
877 1558 911 1617 ct
931 1553 1069 1637 fatigare
1091 1553 1227 1618 desinat.
1272 1553 1401 1616 Verum
1453 1554 1520 1617 fine
1550 1552 1661 1635 egerit.
1711 1552 1798 1615 Nam
1836 1552 2096 1633 concupiscentia
2122 1573 2292 1635 nunquam
2326 1553 2435 1635 plane

427 1651 467 1706 ut
489 1640 674 1724 Aegyptius
696 1639 751 1703 ille
772 1661 837 1703 non
859 1640 895 1702 in
916 1639 1114 1722 profundum
1134 1640 1234 1703 maris
1257 1638 1401 1704 deiectus
1453 1639 1488 1702 in
1511 1636 1696 1701 hominibus
1713 1637 1828 1700 intonit
1848 1646 1881 1700 et
1898 1637 2127 1720 exstinguitur,
2147 1635 2248 1702 donec
2264 1660 2323 1721 per
2340 1660 2435 1703 mor-

427 1730 543 1805 fuerat,
566 1725 675 1790 sedin
702 1724 808 1790 litore.
824 1716 1006 1808 prostratus
1028 1724 1166 1788 terribili
1188 1732 1321 1808 aspectu
1344 1724 1401 1788 ad·
1454 1732 1521 1787 tem
1552 1745 1570 1786 e
1597 1743 1730 1804 co1pore
1763 1722 1880 1806 mortis
1914 1722 2041 1787 liberati
2068 1724 2259 1805 semetipsos
2291 1745 2435 1807 prorsus

428 1815 493 1878 huc
514 1810 679 1875 Israehtas
700 1811 857 1889 terrebat,
887 1832 1004 1875 nocere
1031 1820 1143 1873 tamen
1170 1831 1237 1873 non
1258 1817 1399 1892 poterat:
1454 1808 1614 1873 exuerint.
1665 1808 1856 1890 Baptismus
1884 1808 2013 1890 quidem
2045 1810 2206 1892 promittit
2232 1810 2325 1874 nobis
2352 1811 2434 1875 sub-

428 1901 474 1962 ita
496 1897 549 1961 hic
570 1903 681 1960 noster
710 1894 817 1961 adhuc
838 1895 967 1978 quidem
989 1896 1149 1973 minatur,
1180 1916 1271 1959 arma
1293 1905 1403 1960 osten·
1454 1915 1599 1959 mersum
1627 1915 1697 1958 esse
1727 1901 1874 1958 nostrum
1900 1894 2108 1958 Pharaonem
2136 1902 2169 1959 et
2195 1895 2318 1977 peceati
2342 1917 2436 1960 mor·

329 2042 334 2056 ,
428 1982 484 2061 dit,
507 1983 655 2059 sentitur,
678 1981 735 2045 sed
756 1984 886 2046 vincere
908 2003 974 2045 non
997 1989 1110 2064 potest.
1151 1981 1192 2045 In
1214 1982 1301 2045 nube
1323 2003 1401 2063 pur·
1454 1981 1679 2057 tificationem;
1703 2001 1767 2043 non
1790 1986 1901 2043 tamen
1922 1979 1969 2043 ita
1987 1989 2025 2042 ut
2047 1979 2187 2062 amplius
2209 2001 2273 2045 non
2297 1983 2348 2060 sit,
2372 1991 2437 2046 aut

428 2068 570 2152 gationis
597 2066 781 2150 symbolum
812 2068 884 2130 fuit.
929 2067 1014 2131 Nam
1038 2074 1075 2130 nt
1098 2073 1170 2129 tum
1193 2066 1265 2130 illos
1287 2066 1402 2130 Domi·
1455 2067 1548 2131 nobis
1566 2066 1732 2148 negotium
1751 2086 1817 2129 non
1838 2065 1983 2139 facessat,
2008 2062 2064 2130 sed
2082 2068 2210 2130 tantum
2229 2089 2269 2131 ne
2287 2078 2433 2149 superet.

429 2176 493 2218 nus
516 2153 664 2235 opposita
691 2153 777 2216 nube
799 2154 927 2234 operuit
948 2161 982 2216 et
1003 2152 1209 2235 refrigerium
1231 2154 1401 2234 praestitit,
1455 2152 1543 2215 Nam
1562 2150 1718 2233 quamdiu
1738 2151 1773 2214 iu
1797 2150 1857 2214 hoc
1884 2171 2012 2215 carcere
2039 2153 2181 2233 eorporis
2203 2154 2304 2216 nostri
2326 2153 2435 2218 clausi

429 2261 471 2304 ne
492 2238 740 2303 inclementiore
768 2238 846 2302 solis
872 2236 986 2302 ardore
1009 2237 1185 2303 deficerent
1205 2248 1238 2300 et
1259 2239 1402 2302 tabesce-
1456 2236 1621 2320 degemus,
1645 2236 1840 2311 habitabunt
1859 2236 1896 2298 in
1917 2236 2011 2301 nobis
2032 2236 2188 2318 reliquiae
2210 2239 2350 2319 peccati;
2373 2239 2435 2304 sed

427 2312 511 2404 rent]
533 2324 581 2388 ita
601 2324 635 2387 in
659 2324 820 2407 baptismo
848 2344 907 2387 nos
937 2323 1061 2387 Christi
1089 2323 1248 2405 sanguine
1276 2332 1404 2406 opertos
1456 2325 1483 2387 si
1511 2324 1758 2404 promissionem
1795 2321 1831 2384 in
1860 2322 2022 2403 baptismo
2049 2322 2143 2386 nobis
2172 2345 2191 2386 a
2218 2321 2290 2387 Deo
2318 2324 2434 2393 datam

428 2433 499 2476 esse
522 2419 554 2474 ct
571 2416 732 2490 protectos
750 2411 966 2491 agnoscimus,
989 2430 1031 2472 no
1049 2409 1113 2472 Dei
1132 2410 1297 2487 severitas,
1320 2430 1403 2490 quae
1455 2407 1519 2472 fide
1553 2417 1717 2484 tenemus,
1754 2429 1821 2472 non
1856 2407 2111 2472 dominabuntur
2139 2430 2198 2473 nec
2232 2410 2432 2492 regnabunt.

429 2517 506 2561 vere
529 2501 578 2559 cst
598 2495 732 2558 flamma
752 2494 975 2572 intolerabilis,
998 2493 1090 2558 nobis
1109 2494 1284 2558 incumbat.
1330 2494 1404 2559 Etsi
1455 2495 1560 2558 Nemo
1583 2500 1691 2557 autem
1714 2514 1749 2557 se
1771 2492 1872 2570 fallat,
1894 2514 1990 2556 nemo
2012 2493 2073 2558 sibi
2095 2495 2131 2557 in
2148 2516 2206 2559 suo
2228 2495 2314 2559 malo
2336 2496 2433 2560 blan-

427 2602 499 2646 cero
516 2586 586 2645 tuuc
604 2580 765 2643 obscurum
782 2586 809 2644 ct
820 2582 938 2660 paucis
955 2582 1106 2663 coquitum
1128 2581 1192 2661 luit
1207 2582 1404 2662 mysterium:
1457 2579 1581 2657 diatur,
1611 2600 1710 2660 quum
1741 2579 1832 2642 audit
1860 2588 2029 2660 peceatum
2051 2601 2178 2661 semper
2196 2581 2231 2644 in
2253 2581 2348 2646 nobis
2371 2581 2433 2646 ha-

428 2668 505 2748 quia
538 2671 640 2729 tamea
672 2687 733 2729 arou
761 2666 828 2729 atio
861 2671 905 2730 est
932 2667 1047 2730 salutis
1075 2653 1293 2747 adipiscmidac
1321 2668 1403 2730 ratio
1455 2666 1568 2730 bitere.
1614 2665 1686 2729 Non
1710 2666 1744 2728 in
1765 2665 1826 2729 hoc
1856 2664 2011 2729 dicuntur
2032 2666 2109 2742 ista,
2138 2677 2176 2729 ut
2197 2667 2338 2748 peccatis
2361 2668 2434 2732 suis

428 2771 525 2833 quom
546 2751 582 2813 iu
610 2751 676 2815 attis
703 2752 824 2816 duabus
843 2753 972 2834 pretiis,
1000 2752 1101 2815 uoluit
1127 2751 1217 2815 Deus
1238 2754 1403 2833 utriusque
1457 2763 1569 2816 secure
1601 2750 1804 2814 indormiant
1829 2752 1885 2831 qui
1912 2751 2031 2831 alioqui
2060 2751 2138 2831 ptus
2172 2754 2254 2817 satis
2279 2755 2435 2833 propani

429 2843 544 2901 uacua
581 2841 713 2900 adustos
744 2842 873 2918 patres,
907 2858 983 2918 quos
1015 2835 1161 2902 mereare
1194 2837 1401 2918 adoptaverat,
1454 2841 1528 2900 suut
1544 2837 1811 2915 aduersandum·
1834 2835 1891 2900 sed
1908 2843 2037 2899 tantum
2055 2858 2097 2900 ne
2115 2837 2282 2903 labescant
2303 2846 2336 2901 et
2357 2840 2431 2901 ani-

422 2924 563 3004 prioarc.
742 2993 746 3002 ,
1455 2943 1546 2985 mum
1578 2921 1813 3004 despondeant,
1848 2923 1904 3004 qni
1933 2945 1953 2986 a
1980 2942 2077 2987 carne
2104 2943 2164 2986 sua
2190 2923 2365 2986 titillantur
2393 2932 2432 2987 et

516 3011 563 3069 10.
608 3005 681 3070 Iam
702 3009 910 3089 perspicuum
929 3017 979 3071 est
995 3029 1093 3089 quam
1116 3007 1234 3071 falsum
1257 3009 1300 3072 sit
1316 3008 1404 3089 quod
1454 3013 1656 3090 punguntur.
1707 3008 1816 3091 Magis
1846 3009 1989 3092 cogitent
2015 3030 2050 3072 se
2078 3008 2113 3071 in
2142 3011 2196 3073 via
2218 3008 2322 3073 adhoc
2345 3030 2431 3089 csse,

428 3090 607 3156 docuerunt
628 3093 754 3172 mittem
788 3093 953 3170 nonnulli,
987 3095 1022 3156 iu
1050 3114 1110 3175 quo
1138 3094 1198 3157 alii
1219 3095 1402 3174 permittunt,
1455 3101 1488 3157 et
1513 3093 1654 3156 multum
1683 3115 1718 3157 so
1740 3093 1913 3174 proiecisse
1935 3093 2085 3172 credant,
2107 3116 2207 3175 quum
2230 3115 2248 3158 c
2269 3114 2328 3158 sua
2350 3116 2433 3159 con-

428 3199 486 3259 per
507 3177 706 3259 baptismum
729 3178 812 3243 solvi
832 3200 892 3243 nos
914 3187 947 3243 ot
968 3180 1068 3243 eximi
1090 3179 1130 3242 ab
1158 3179 1308 3264 originali
1328 3200 1403 3263 pec-
1455 3179 1652 3261 cupiscentia
1684 3178 1920 3262 aliquantulum
1947 3179 2051 3243 minui
2084 3181 2120 3243 in
2153 3179 2222 3243 dies
2256 3180 2431 3259 senserint,

428 3269 509 3340 cato,
532 3271 565 3325 et
584 3284 603 3327 a
625 3264 831 3346 corruptione
854 3285 935 3346 quae
958 3264 998 3328 ab
1019 3263 1128 3328 Adam
1156 3266 1191 3328 in
1213 3267 1403 3330 universam
1455 3265 1557 3330 donec
1586 3286 1623 3329 eo
1650 3265 1843 3347 pertigerint
1869 3285 1933 3347 quo
1961 3264 2115 3328 tendunt:
2143 3286 2260 3348 nempe
2289 3265 2330 3330 ad
2351 3266 2432 3329 ulti-

427 3349 650 3431 posteritatem
679 3358 858 3432 propagata
881 3358 945 3428 est,
973 3357 1068 3433 atque
1090 3352 1125 3414 in
1149 3349 1285 3415 eandem
1308 3352 1403 3416 iusti·
1454 3372 1547 3414 mum
1565 3351 1735 3414 interitum
1754 3351 1861 3416 carnis
1884 3373 1970 3427 suae,
1994 3352 2048 3432 qui
2066 3352 2100 3415 in
2118 3351 2216 3415 huius
2235 3352 2323 3416 vitae
2340 3372 2431 3415 mor-

427 3434 510 3498 tiam
526 3442 730 3516 naturaeque
747 3435 926 3518 puritatem
944 3436 1074 3500 restitui
1092 3458 1190 3518 quam
1208 3437 1404 3502 obtinuisset
1455 3435 1532 3501 talis
1555 3437 1690 3500 interitu
1717 3436 1911 3518 perficietur.
1958 3436 2081 3500 Interea
2104 3442 2131 3501 ct
2157 3442 2278 3502 strenue
2304 3443 2432 3516 mure,

426 3519 545 3597 Adam,
565 3521 594 3584 si
612 3521 646 3583 in
664 3542 711 3599 ea,
735 3543 799 3602 qua
820 3521 963 3603 primum
981 3530 1110 3587 creatus
1128 3523 1242 3600 fuerat,
1266 3523 1403 3606 integri·
1455 3527 1483 3587 ct
1504 3524 1547 3588 act
1558 3542 1761 3605 progressum
1781 3543 1814 3586 ee
1835 3525 1986 3601 amiciora,
2008 3528 2037 3587 et
2057 3525 2100 3589 act
2115 3523 2244 3602 pluam
2265 3524 2432 3587 victoriam

427 3611 495 3669 tate
516 3607 667 3671 stetisset.
705 3607 784 3670 Tale
806 3608 896 3671 enim
918 3605 1085 3671 doctorum
1108 3629 1211 3691 genus
1233 3629 1404 3690 nunquam
1455 3608 1617 3672 simulare
1645 3628 1707 3672 uou
1734 3608 1884 3673 desiccat.
1934 3608 2019 3672 Nam
2051 3614 2080 3673 et
2111 3609 2165 3671 hoc
2190 3610 2293 3691 magis
2320 3629 2433 3674 acuere

427 3690 684 3773 quidpeccatum
701 3692 868 3775 originale,
887 3693 965 3775 quid
982 3693 1108 3758 iustitia
1125 3693 1301 3776 originalis,
1320 3715 1403 3776 quae
1456 3694 1540 3758 debet
1566 3714 1671 3758 corum
1697 3699 1842 3773 mustus,
1870 3695 1951 3775 quod
1972 3695 2048 3772 cibi,
2071 3699 2238 3776 postquam
2264 3695 2322 3759 diu
2344 3696 2432 3758 euim

429 3776 536 3858 gratia
562 3775 715 3857 baptismi
744 3786 843 3857 esset,
878 3787 1089 3863 assequutum
1116 3787 1173 3844 est.
1224 3779 1297 3843 lam
1325 3801 1403 3845 vero
1454 3779 1664 3859 fuerintque
1683 3800 1804 3861 parum
1827 3780 1927 3847 adbuc
1944 3781 2057 3864 nequii
2077 3786 2194 3846 restare
2214 3781 2326 3845 videat.
2373 3778 2431 3845 Sic

429 3867 505 3924 ante
527 3860 728 3942 disputatum
751 3873 815 3942 cst,
843 3872 1012 3948 peccatum
1034 3864 1191 3949 originale
1214 3887 1284 3930 esse
1305 3874 1402 3930 natu·
1455 3865 1642 3931 habendum
1664 3873 1729 3929 est:
1759 3867 1963 3948 baptizamur
1989 3867 2025 3930 in
2053 3866 2334 3931 mortificationem
2357 3887 2431 3930 car-

428 3967 485 4010 rae
507 3954 637 4011 nostrae
665 3950 859 4030 pravitatem
882 3971 920 4015 ac
942 3951 1200 4032 corruptionem,
1231 3972 1313 4033 quae
1335 3952 1402 4033 pri·
1455 3953 1507 4016 nis
1534 3958 1679 4029 nostrae,
1712 3972 1794 4032 quae
1823 3974 1842 4016 a
1869 3951 2029 4034 baptismo
2056 3953 2090 4016 in
2118 3952 2212 4016 nobis
2245 3950 2428 4029 inchoatur,

428 4052 519 4095 mum
547 4053 619 4096 reos
640 4034 718 4098 facit
739 4056 796 4101 nos
822 4036 891 4100 irae
912 4036 990 4113 Dei,
1018 4043 1090 4100 tum
1119 4037 1218 4101 ctiam
1247 4057 1345 4119 opera
1366 4037 1402 4100 in
1455 4058 1552 4120 quam
1574 4036 1716 4119 quotidie
1734 4040 1973 4120 prosequimur;
2014 4039 2178 4102 erficictur
2195 4042 2303 4100 autem
2326 4059 2429 4119 quum

428 4116 521 4181 nobis
539 4118 662 4199 profert
679 4140 760 4201 quae
778 4121 941 4203 scriptura
959 4129 1053 4187 vocat
1070 4142 1169 4204 opera
1185 4124 1293 4188 carnis
1311 4122 1400 4208 (Gal.
1455 4145 1497 4187 ex
1519 4124 1581 4188 hac
1603 4124 1671 4187 vita
1692 4123 1907 4207 migrabimus
1930 4124 1970 4188 ad
2027 4124 2181 4188 ominum.

429 4207 468 4281 5,
506 4202 570 4286 le).
625 4205 718 4270 Haeo
750 4211 861 4289 itaque
894 4207 959 4271 duo
998 4207 1149 4273 distincte
1182 4208 1400 4274 observanda:
1545 4213 1591 4272 12.
1636 4209 1701 4273 Hic
1730 4209 1813 4273 nihil
1841 4211 1930 4274 aliud
1959 4210 2094 4274 dicimus
2122 4230 2220 4292 quam
2243 4208 2328 4290 quod
2350 4230 2430 4290 apo-

427 4309 545 4371 nempe
573 4288 658 4371 quod
685 4291 731 4356 sie
759 4293 909 4358 omnibus
938 4299 1075 4357 naturae
1103 4300 1233 4358 nostrae
1254 4293 1403 4377 partibus
1455 4294 1557 4359 stolus
1579 4295 1713 4372 Paulus,
1747 4297 1883 4378 septimo
1912 4295 1953 4360 ad
1975 4296 2142 4360 Romanos
2169 4295 2283 4376 capite,
2313 4293 2426 4357 claris-

428 4375 535 4438 vitiati
556 4377 780 4458 perversique,
808 4379 875 4442 iam
902 4379 942 4443 ob
964 4377 1065 4443 talem
1086 4376 1247 4443 duntaxat
1267 4400 1402 4462 corrup·
1455 4381 1536 4445 sime
1564 4382 1707 4463 exponit.
1756 4381 1935 4465 Postquam
1964 4382 2051 4446 enim
2074 4381 2114 4446 de
2136 4381 2280 4464 gratuita
2297 4379 2427 4443 iustitia

427 4461 550 4524 tionem
579 4460 725 4526 damnati
752 4465 868 4527 merito
896 4464 1100 4547 convictique
1128 4485 1236 4529 coram
1258 4464 1331 4530 Deo
1354 4473 1402 4530 te-
1455 4465 1696 4547 disputaverat,
1724 4467 1801 4549 quia
1827 4467 1977 4532 nonnulli
2009 4467 2101 4550 impii
2133 4466 2208 4530 inde
2241 4465 2427 4530 inferebant

427 4567 553 4624 nemur,
576 4548 629 4611 cui
650 4548 732 4611 nihil
754 4558 804 4613 est
824 4556 991 4631 acceptum
1009 4551 1073 4615 nisi
1090 4551 1222 4630 iustitia,
1245 4551 1401 4617 innocen·
1453 4551 1632 4618 vivendum
1655 4574 1725 4618 esse
1747 4574 1805 4635 pro
1826 4553 1969 4631 libidine,
1993 4554 2069 4635 quia
2090 4574 2158 4616 non
2179 4572 2324 4616 essemus
2348 4572 2426 4633 ope-

427 4632 482 4709 tia,
505 4632 640 4713 puritas.
684 4635 793 4716 Atque
816 4634 895 4699 adeo
915 4636 1056 4699 infantes
1078 4658 1203 4719 quoque
1224 4638 1287 4720 ipsi
1309 4659 1401 4702 suam
1453 4659 1527 4701 rum
1567 4639 1693 4703 meritis
1726 4639 1848 4721 accepti
1877 4640 1963 4716 Deo,
2007 4638 2187 4720 subiungit,
2223 4658 2277 4702 eos
2312 4657 2427 4702 omnes

425 4738 537 4781 secum
556 4717 813 4784 ‘damnationem
848 4743 867 4784 a
893 4721 1008 4785 matris
1036 4730 1130 4787 utero
1158 4723 1317 4802 afferunt3
1346 4725 1403 4808 qui
1453 4725 1508 4806 qni
1531 4725 1655 4788 iustitia
1675 4723 1800 4788 Christi
1821 4723 2004 4788 induuntur
2031 4723 2128 4788 simul
2150 4723 2267 4805 spiritu
2290 4744 2426 4806 regene-

426 4804 558 4866 tametsi
579 4824 656 4868 suae
678 4805 858 4887 iniquitatis
880 4807 1005 4871 fructus
1025 4809 1172 4872 nondum
1193 4808 1399 4890 protulerint,
1452 4810 1533 4887 rari,
1561 4821 1594 4873 et
1615 4808 1713 4873 huius
1733 4810 1989 4892 regenerationis
2011 4831 2070 4873 nos
2093 4810 2224 4873 arrham
2248 4809 2369 4873 habere
2391 4810 2427 4872 in

426 4885 549 4951 habent
580 4896 692 4953 tamen
724 4892 760 4953 in
793 4914 827 4956 so
859 4893 1020 4957 inclusum
1053 4915 1173 4958 semen.
1229 4894 1301 4957 Ima
1334 4902 1402 4959 tota
1452 4895 1620 4976 baptismo.
1656 4895 1747 4958 Hinc
1768 4893 1919 4957 hortatur
1939 4893 2060 4972 fideles,
2084 4917 2126 4960 ne
2148 4894 2328 4959 dominium
2349 4915 2427 4976 pec·

426 4991 541 5035 eorum
572 4981 691 5038 natura
728 4976 888 5058 quoddam
922 4985 971 5042 est
1002 4981 1126 5060 peccati
1163 4999 1275 5043 semen
1282 5003 1289 5058 ;
1328 4980 1400 5043 ideo
1452 4987 1524 5045 coto
1550 4979 1743 5061 permittant
1771 4981 1806 5042 in
1834 4981 1900 5044 suis
1929 4979 2092 5045 membris.
2136 4981 2209 5044 Iam
2227 4980 2305 5061 quia
2325 5001 2428 5045 nove·

426 5077 493 5118 non
525 5057 635 5121 odiosa
669 5067 702 5123 et
733 5063 958 5129 abominabilis
986 5065 1057 5129 Deo
1090 5085 1161 5129 esse
1188 5084 1254 5127 non
1284 5073 1398 5147 potest.
1452 5073 1504 5129 rat
1525 5085 1653 5146 semper
1675 5063 1797 5148 aliquid
1819 5085 1889 5130 esse
1911 5067 2112 5131 infirmitatis
2139 5068 2174 5130 in
2196 5065 2360 5144 fidelibus3
2383 5088 2426 5130 ne

426 5140 523 5206 Hanc
546 5142 788 5212 damnationem
810 5149 971 5214 sublatam
989 5157 1022 5214 et
1039 5173 1059 5214 a
1081 5172 1115 5215 se
1138 5150 1306 5232 depulsam
1329 5171 1399 5216 esse
1450 5157 1623 5233 propterea
1649 5150 1878 5229 deiicerentur,
1910 5151 2019 5217 adiicit
2045 5153 2312 5230 consolationem,
2340 5151 2427 5233 quod
2487 5189 2490 5193 ·

426 5229 506 5292 certi
525 5250 584 5311 per
602 5228 800 5314 baptismum
817 5235 929 5300 fideles
946 5236 1039 5315 fiunt,
1059 5236 1188 5318 quando
1207 5234 1258 5321 (ut
1276 5236 1399 5300 dictum
1452 5258 1517 5301 non
1541 5237 1608 5301 sint
1630 5237 1691 5301 sub
1713 5238 1793 5322 lege.
1840 5236 1927 5319 Quia
1948 5239 2068 5303 iterum
2086 5238 2192 5303 videri
2213 5244 2350 5320 poterat,
2373 5237 2425 5299 in-

424 5312 501 5397 fuit)
530 5316 697 5381 Dominus
722 5319 782 5382 hoe
814 5321 907 5403 signo
933 5321 1027 5385 nobis
1053 5322 1239 5404 pollicetur,
1268 5322 1400 5404 plenam
1452 5322 1611 5389 solescere
1639 5345 1732 5407 posse
1755 5324 1979 5403 Christianos,
2008 5345 2045 5389 eo
2072 5324 2157 5408 quod
2182 5345 2249 5387 non
2276 5324 2343 5387 sint
2363 5321 2424 5388 sirb

425 5398 626 5496 solidamque
643 5405 868 5468 remissionem
886 5405 1006 5470 factam
1023 5427 1102 5486 esse,
1126 5414 1159 5472 et
1179 5407 1295 5492 culpae
1316 5429 1400 5493 qnae
1452 5411 1527 5494 iugo
1549 5409 1640 5494 legis,
1663 5416 1784 5476 tractat
1804 5411 1910 5493 qualis
1932 5412 1975 5476 sit
1994 5410 2053 5475 illa
2075 5409 2249 5493 abrogatio,
2273 5415 2307 5473 et
2326 5407 2426 5474 simul

425 5487 617 5584 rmputanda
644 5489 737 5554 nobis
764 5496 849 5567 erat,
885 5498 918 5555 et
942 5512 1067 5574 poenae
1091 5513 1173 5575 quae
1201 5494 1242 5559 ob
1270 5493 1400 5578 culpam
1473 5496 1525 5560 uis
1547 5495 1590 5561 sit
1610 5494 1691 5580 legis
1713 5517 1802 5574 usus,
1824 5516 1923 5580 quam
1950 5496 2172 5579 quaestionem
2194 5496 2261 5559 iam
2283 5492 2426 5560 secundo

425 5566 558 5635 luenda:
581 5573 739 5637 iustitiam
762 5595 886 5657 qnoque
909 5577 1166 5659 apprehendunt,
1190 5578 1247 5642 sed
1269 5581 1400 5663 qualem
1452 5517 1630 5647 distulerat.
1676 5580 1815 5647 Summa
1836 5590 1899 5660 est,
1928 5603 1989 5646 nos
2011 5604 2081 5647 csse
2102 5582 2255 5647 hberatos
2278 5601 2297 5645 a
2317 5581 2427 5664 rigore

297 5658 306 5673 “
424 5651 461 5714 in
480 5653 542 5720 bae
564 5658 633 5740 vite
655 5658 801 5724 obtinere
819 5660 961 5742 populus
978 5660 1043 5726 Dei
1063 5671 1178 5748 potest,
1202 5686 1321 5748 nempe
1338 5669 1400 5732 im·
1451 5667 1533 5751 legis
1554 5680 1592 5733 nt
1613 5667 1746 5733 Christo
1768 5668 2008 5733 cohaereamus.
2052 5668 2155 5752 Legis
2182 5688 2259 5732 vero
2281 5665 2427 5732 officium
