5600 6809
409 748 473 810 us
665 745 755 810 uns.
777 744 841 810 ΠΙ.
885 745 950 809 nn
972 743 1108 811 nono
1127 709 1478 811 eunomianum
1500 743 1692 811 annisus
1713 747 1931 813 amman.
1975 749 2076 815 eae.
2098 750 2162 816 111.
2355 755 2418 816 uo

410 943 505 1000 retur
527 934 561 1018 (2
581 934 656 999 Gor.
678 937 726 1012 12,
747 934 796 1018 7);
824 940 857 997 et
878 935 933 1016 qni
955 933 1046 996 illam
1066 935 1174 1006 carnis
1196 942 1230 997 et
1252 933 1386 1016 spiritus
1441 942 1550 1018 potest
1577 937 1658 1017 quin
1688 937 1799 1000 anima
1826 935 1928 1001 divini
1954 937 2067 1002 iudicii
2095 940 2231 1005 horrore
2257 941 2419 1022 perculsa,

409 1021 602 1085 divisionem
636 1021 672 1083 in
705 1041 765 1083 sua
797 1040 896 1084 carne
924 1040 992 1082 non
1017 1022 1092 1085 ficte
1121 1019 1388 1102 repraesentabat
1440 1030 1551 1103 partes
1583 1021 1717 1086 ultionis
1750 1023 1784 1086 in
1818 1022 1978 1105 erigenda
2006 1023 2046 1086 de
2073 1046 2108 1088 se
2135 1046 2243 1108 poena
2274 1033 2418 1110 occupet

410 1106 521 1188 (Rom.
543 1111 571 1183 t,
592 1111 609 1168 7
629 1106 741 1188 seqq).
1441 1105 1599 1172 Sentiunt
1627 1128 1705 1172 sane
1731 1108 1778 1189 pii
1806 1107 1918 1190 qualos
1944 1128 2068 1190 poenae
2097 1111 2165 1174 sint
2192 1112 2311 1193 pudor,
2341 1134 2418 1177 con-

499 1197 546 1255 15.
562 1192 586 1276 ¹)
632 1190 730 1270 Quod
763 1199 872 1255 autem
907 1191 1075 1273 apostolus
1107 1192 1141 1255 in
1170 1191 1386 1272 descriptione
1439 1194 1538 1270 fusio,
1568 1195 1723 1276 gemitus,
1759 1193 1961 1276 displicentia
1988 1196 2054 1272 sui,
2083 1205 2116 1260 et
2133 1197 2248 1278 reliqui
2271 1199 2417 1275 affectus,
2485 1237 2487 1241 ·
2566 1228 2570 1241 ·

407 1278 627 1361 poenitentiae
647 1283 762 1358 septem
783 1278 855 1340 eius
876 1276 930 1341 vel
947 1299 1071 1353 causas,
1094 1277 1147 1341 vel
1165 1278 1310 1354 effectus,
1333 1276 1385 1340 vel
1440 1281 1494 1361 qui
1535 1302 1577 1343 ex
1617 1280 1701 1342 seria
1740 1278 1933 1344 delictorum
1973 1282 2196 1364 recognitione
2228 1293 2417 1348 nascuntur.

409 1372 519 1447 partes
537 1372 715 1438 enumerat,
740 1361 773 1425 id
795 1363 919 1445 optima
940 1384 1039 1427 causa
1055 1363 1141 1428 l'acit.
1171 1361 1259 1427 Sunt
1276 1372 1386 1427 autem
1440 1365 1679 1429 Meminerimus
1710 1369 1811 1428 tarsun
1839 1366 1965 1430 niodum
1991 1387 2057 1432 esse
2082 1368 2260 1447 termidum,
2298 1391 2335 1433 ne
2363 1369 2419 1433 tri·
2454 1414 2456 1420 ·

408 1448 554 1517 studium
577 1457 634 1514 aut·
652 1448 842 1526 sollicitudo,
865 1450 1041 1525 excusatio,
1064 1448 1255 1532 indignatio,
1279 1449 1385 1526 timor,
1438 1453 1525 1514 stitia
1547 1471 1603 1515 rios
1624 1450 1797 1514 absorbeat:
1819 1452 1895 1530 quia
1916 1451 1997 1515 nillil
2018 1451 2276 1535 maqis'procliee
2294 1461 2339 1518 est
2358 1461 2418 1519 tre·

408 1533 622 1612 desiderium,
652 1535 755 1611 aolus,
785 1531 930 1598 vindicta
952 1533 986 1616 (2
1006 1536 1081 1599 tior.
1103 1539 1132 1613 7,
1154 1535 1216 1616 11).
1272 1535 1386 1616 Neque
1432 1538 1524 1617 piatis
1551 1537 1743 1600 corescierrtiis
1768 1557 1865 1617 quam
1894 1537 1927 1600 in
1954 1539 2199 1618 desperatiorem
2225 1542 2329 1604 ruina
2373 1541 2418 1604 Et

408 1620 585 1685 absurdum
614 1619 719 1687 videri
753 1619 863 1696 debet,
896 1620 981 1701 qnod
1009 1628 1154 1684 statuere
1186 1642 1252 1685 non
1283 1620 1386 1685 audeo
1437 1622 1491 1687 liae
1512 1643 1633 1704 quoque
1652 1622 1787 1701 artificio
1814 1627 1906 1685 satan
1928 1644 2121 1705 quaecamque
2147 1626 2229 1690 uidet
2250 1631 2331 1690 metu
2353 1626 2432 1705 Dei

406 1727 565 1772 causaene
606 1729 649 1770 an
682 1706 817 1770 effectus
859 1707 983 1769 censeri
1017 1705 1171 1784 debeant;
1209 1714 1385 1788 utrumque
1432 1714 1616 1789 prostratos,
1639 1709 1673 1770 iu
1689 1707 1883 1789 prestandum
1902 1709 1993 1773 iilum
2016 1713 2164 1774 maeroris
2178 1713 2334 1794 qrirqitem
2351 1733 2417 1776 ma-

406 1793 494 1856 eninl
517 1792 677 1874 disputari
703 1801 817 1874 potest.
862 1791 1005 1856 Possunt
1033 1794 1121 1856 enim
1150 1793 1260 1856 vocari
1287 1793 1384 1856 affec·
1434 1796 1486 1876 qis
1514 1816 1550 1858 aa
1575 1795 1679 1875 maqis
1701 1794 1861 1875 decerpit,
1890 1816 1927 1858 ne
1953 1815 2092 1875 unquam
2121 1803 2297 1879 asmrqant.
2343 1798 2417 1862 Non

405 1878 511 1942 bonos
533 1900 605 1942 enm
629 1878 832 1960 poenitentia
853 1878 1052 1942 coniunctae.
1087 1876 1155 1942 Sed
1173 1880 1263 1960 quia,
1286 1879 1384 1942 omis·
1430 1885 1529 1961 petest
1557 1881 1681 1961 quidem
1708 1881 1828 1943 nimius
1855 1900 1920 1944 esse
1945 1882 2039 1943 timor
2065 1883 2120 1962 qui
2148 1883 2183 1945 iu
2209 1883 2416 1946 liurnilitatem

405 1964 450 2028 sis
478 1964 543 2028 illis
571 1961 830 2046 quaestionibus,
864 1961 1048 2046 intelligere
1080 1964 1157 2028 licet
1190 1964 1267 2046 quid
1294 1966 1383 2028 Pau·
1435 1966 1558 2042 desinit,
1578 1986 1674 2046 neque
1694 1965 1826 2029 discedit
1843 1987 1863 2027 a
1880 1987 1934 2047 ape
1952 1969 2069 2031 umiae.
2106 1966 2233 2047 Semper
2253 1973 2355 2032 tanna
2376 1989 2415 2032 es

404 2049 456 2115 lus
468 2049 556 2128 velit,
580 2050 720 2131 simplici
742 2049 943 2130 expositione
964 2050 1110 2114 contenti
1129 2050 1259 2115 erimus.
1294 2050 1385 2113 Dicit
1435 2053 1566 2133 apostoli
1582 2056 1746 2132 praecepto
1769 2050 1885 2132 (Habr.
1910 2056 1957 2129 12,
1982 2055 2016 2135 3)
2036 2054 2221 2131 cauendum,
2255 2076 2293 2119 rte
2308 2074 2415 2136 pecca-

405 2155 491 2218 ergo‚
515 2157 557 2200 ex
579 2137 713 2200 tristitia
735 2156 817 2216 quae
840 2132 1019 2199 secundum
1034 2136 1145 2200 Deum
1165 2146 1223 2213 est,
1246 2136 1383 2200 excitari
1434 2143 1494 2214 tar,
1523 2138 1598 2202 dum
1625 2158 1659 2200 se
1679 2137 1722 2201 ad
1743 2137 1972 2217 displicentiam
1992 2138 2150 2216 sollicitat,
2180 2142 2279 2204 nimia
2304 2141 2414 2222 furni·

406 2220 667 2286 sollicitudinem.
712 2220 800 2284 Nam
830 2220 887 2302 qni
913 2221 999 2283 serio
1032 2220 1254 2303 displicentiae
1284 2242 1382 2286 sonsa
1435 2224 1508 2288 dine
1528 2244 1696 2303 oppressus
1713 2223 1848 2302 deficiat,
1869 2225 1946 2303 quia
1967 2223 2021 2287 tec
2037 2225 2126 2288 modo
2141 2226 2298 2308 refuqitur
2315 2225 2413 2304 Deris,

405 2308 552 2390 tangitur
569 2307 654 2389 quod
676 2306 711 2369 in
734 2304 843 2369 Deum
866 2328 960 2370 suum
983 2309 1137 2389 peccarit,
1161 2308 1258 2372 simul
1281 2309 1382 2379 exsti·
1435 2311 1490 2390 qui
1516 2330 1578 2391 per
1603 2309 1823 2389 poenitentiam
1854 2329 1911 2372 tros
1942 2311 1986 2374 ad
2014 2330 2047 2372 se
2075 2316 2169 2375 uocat.
2217 2312 2286 2392 Quia
2318 2313 2355 2376 de
2380 2332 2415 2377 re

404 2393 549 2458 molatur
571 2393 612 2457 ad
635 2391 839 2474 diligentiam
863 2400 896 2455 ct
915 2394 1138 2471 attentionem,
1162 2402 1200 2457 ut
1221 2413 1239 2456 a
1262 2393 1381 2458 diaboli
1434 2395 1526 2459 utilis
1557 2396 1650 2458 amm
1683 2399 1727 2465 est
1758 2394 1925 2459 adrrmnitio
1953 2394 2123 2459 Bernardi.
2137 2396 2161 2480 Ι)
2208 2397 2414 2461 Necessariae

404 2477 528 2560 laqueis
550 2479 681 2560 penitus
704 2499 738 2541 se
760 2477 916 2559 explicet,
945 2489 983 2542 ut
1010 2479 1050 2543 ab
1072 2481 1142 2544 eius
1163 2479 1290 2543 insidiis
1312 2501 1381 2543 me-
1435 2481 1522 2545 dour
1542 2501 1605 2560 pro
1625 2481 1775 2560 peccatis,
1803 2481 1833 2544 si
1862 2501 1922 2543 star
1944 2482 1985 2545 sit
2006 2483 2176 2546 coritinuus.
2223 2483 2344 2547 Suadeo
2365 2506 2413 2548 re-

403 2562 468 2627 lius
497 2562 558 2627 sibi
588 2572 713 2639 caveat,
743 2584 783 2626 ne
812 2584 831 2626 a
858 2565 992 2644 spiritns
1019 2565 1124 2630 sancti
1143 2564 1381 2649 gubernatione
1430 2567 1548 2644 flectere
1570 2566 1679 2646 pedem
1707 2566 1862 2629 interdum
1889 2588 1910 2630 a
1938 2568 2065 2633 molesta
2092 2574 2119 2632 et
2147 2569 2246 2633 asnia
2272 2571 2414 2634 recorda·

401 2650 540 2733 posthac
563 2648 699 2724 excidat,
722 2671 764 2712 nc
787 2651 959 2713 securitate
977 2651 1188 2732 opprimatur.
1222 2651 1381 2716 Proxima
1433 2653 1514 2716 tione
1541 2652 1666 2714 ameum
1692 2656 1879 2730 vestrarum,
1907 2658 1935 2716 et
1960 2655 2088 2719 eundem
2115 2656 2158 2719 ad
2180 2654 2348 2734 planitiem
2369 2676 2415 2720 se-

401 2744 452 2799 est
469 2735 646 2809 excusatio,
670 2754 752 2815 quae
775 2733 835 2798 boc
857 2734 928 2799 loco
950 2756 1016 2799 non
1034 2735 1256 2801 defensionem
1278 2738 1379 2820 signi·
1432 2758 1525 2801 renas
1544 2737 1711 2800 memoriae
1732 2735 1944 2816 demisionem
1966 2739 2038 2804 Dei.
2083 2740 2276 2805 Misceamus
2301 2740 2413 2823 absyn

379 2823 491 2898 ‘ficat,
522 2842 587 2903 qua
613 2830 780 2902 peccator,
809 2819 851 2883 ad
878 2821 1100 2903 effugiendum
1122 2823 1185 2886 Dei
1212 2822 1377 2899 iudicium,
1432 2823 1495 2887 thio
1516 2823 1590 2898 mei,
1618 2827 1653 2884 ut
1678 2821 1817 2885 salubris
1844 2825 2023 2889 antarituda
2050 2826 2182 2890 salttum
2208 2826 2283 2890 dari
2305 2833 2413 2907 queat,·

402 2907 453 2971 vel
482 2929 516 2970 se
544 2906 719 2987 deliquisse
747 2913 861 2988 neget,
890 2906 943 2970 vel
971 2908 1100 2989 culpam
1123 2915 1293 2986 extenuet;
1320 2907 1378 2972 sed
1431 2929 1500 2972 mur
1521 2909 1658 2972 immiste
1679 2906 1803 2971 dulcore
1824 2913 1992 2987 temperata
2014 2911 2141 2988 bibetur,
2170 2913 2248 2976 etsi
2269 2913 2307 2977 de
2328 2914 2414 2977 uobis

399 2994 642 3076 purgationem,
672 3013 756 3073 quae
778 2992 814 3054 in
836 2991 1062 3074 deprecatione
1083 2994 1188 3076 magis
1208 2995 1314 3076 posita
1335 2995 1380 3057 sit
1431 2997 1465 3058 in
1486 2995 1660 3059 bumilitate
1681 2994 1815 3070 sentitis,
1838 2995 1946 3057 sentite
1967 2999 1994 3058 et
2014 2996 2051 3059 de
2068 2996 2205 3060 Domino
2222 2999 2254 3060 iu
2272 2997 2411 3063 borritata

401 3099 501 3159 quam
521 3099 639 3143 causae
656 3075 784 3142 fiducia.
819 3076 972 3157 Qualiter
988 3078 1048 3142 filii
1065 3098 1132 3141 non
1151 3080 1280 3160 reprobi
1299 3079 1378 3143 dnm
1520 3086 1567 3144 lt.
1612 3079 1685 3144 Iam
1717 3086 1751 3142 et
1787 3078 2005 3161 poenitentiae
2037 3081 2162 3146 fruetus
2195 3083 2308 3164 quales
2336 3086 2410 3164 sint,

401 3174 509 3229 errata
531 3185 592 3228 sua
613 3172 796 3247 agnoscunt
820 3171 853 3228 et
876 3165 1087 3241 confitentur,
1118 3163 1379 3247 deprecationem
1431 3167 1570 3250 intelligi
1603 3173 1727 3248 potest:
1759 3186 1877 3246 nempe
1904 3166 2010 3230 officia
2038 3168 2167 3248 pietatis
2189 3189 2268 3250 erga
2289 3169 2409 3247 Deum,

402 3258 511 3315 tanim
534 3248 705 3327 adhibent,
733 3257 830 3332 atque
852 3258 889 3313 ut
910 3271 949 3314 ea
970 3250 1077 3314 locum
1098 3249 1231 3328 habeat,
1262 3252 1379 3333 quibus
1431 3254 1577 3319 caritatis
1600 3272 1678 3334 erga
1700 3251 1863 3326 homines,
1887 3250 1928 3315 ad
1951 3252 2031 3318 baec
2054 3253 2088 3316 in
2110 3261 2180 3316 tota
2200 3254 2268 3317 vita
2289 3255 2410 3319 sancti-

400 3345 537 3419 possunt
564 3335 668 3399 modis
695 3343 873 3414 testantur,
900 3357 935 3400 se
961 3336 1096 3400 minime
1124 3336 1280 3402 abiecisse
1306 3358 1379 3402 eam
1431 3340 1541 3403 monia
1562 3359 1600 3403 ae
1616 3338 1750 3421 puritas.
1780 3336 1924 3418 Denique
1945 3358 2004 3418 quo
2025 3340 2144 3403 maiore
2161 3341 2292 3420 quisque
2308 3341 2411 3405 auae

400 3443 499 3504 quam
532 3420 722 3505 parentibus
750 3421 869 3485 debent
897 3423 1129 3501 reverentiam;
1163 3423 1303 3506 denique
1332 3424 1379 3488 sio
1431 3427 1528 3490 ritum
1548 3445 1641 3488 atam
1663 3424 1758 3505 eaiqit
1784 3423 1827 3487 ad
1848 3443 1991 3487 temtum
2011 3424 2089 3507 lepis
2109 3423 2188 3501 Dei,
2216 3445 2250 3488 eo
2277 3426 2410 3490 certiora

401 3517 574 3585 excusant,
602 3529 670 3571 non
698 3513 734 3571 ut
758 3527 794 3570 se
816 3507 919 3572 iustos
941 3529 1012 3573 esse
1034 3529 1071 3574 ao
1093 3510 1281 3575 innocentes
1302 3529 1378 3591 pro·
1424 3511 1633 3593 ponitentiae
1664 3529 1741 3573 suae
1767 3510 1859 3591 siqrm
1892 3509 1961 3573 edit.
2006 3509 2118 3591 Itaque
2143 3512 2278 3593 spiritus
2306 3531 2406 3593 saepe,

400 3594 491 3671 bent,
527 3592 584 3658 sed
612 3599 744 3657 tantum
772 3601 810 3655 ut
836 3594 967 3660 veniam
996 3595 1173 3659 obtineant.
1219 3594 1378 3677 Sequitur
1429 3599 1506 3663 dum
1533 3616 1589 3661 nos
1615 3597 1659 3660 ad
1681 3596 1903 3677 poenitentiam
1929 3595 2083 3674 licitatur,
2111 3617 2193 3661 rrunc
2218 3597 2260 3660 ad
2280 3597 2407 3680 stupida

399 3678 595 3763 indignatio,
619 3700 683 3760 qua
704 3688 854 3762 peccator
876 3700 985 3745 secum
1007 3681 1096 3746 intus
1118 3682 1244 3760 fremit,
1267 3702 1378 3745 secum
1431 3684 1508 3766 lepis
1523 3686 1703 3764 praecepta,
1732 3701 1813 3744 nune
1840 3680 1884 3744 ad
1910 3681 2015 3762 officia
2036 3683 2188 3747 secundae
2208 3682 2330 3746 utute
2350 3702 2407 3746 nos

399 3765 601 3848 expostulat,
629 3764 691 3828 sibi
712 3765 879 3844 irascitur,
908 3765 987 3830 dum
1015 3786 1108 3831 suam
1129 3768 1377 3849 perversitatem
1428 3774 1565 3845 reuocat‚·
1586 3787 1767 3849 quanquam
1789 3765 1865 3830 aliis
1886 3766 1970 3844 ioan,
1986 3773 2154 3849 postquam
2176 3768 2406 3832 immunditiem

399 3871 557 3931 suamque
586 3851 620 3913 in
640 3851 750 3914 Deum
772 3851 1045 3934 ingratitudinem
1066 3855 1275 3936 recognoscit.
1321 3854 1377 3917 tt-
1428 3854 1589 3920 damuavit
1610 3855 1645 3917 in
1666 3855 1736 3934 ipso
1755 3851 1839 3933 tonte
1863 3853 1980 3930 cuae,
2007 3854 2117 3918 dende
2137 3853 2180 3917 ad
2201 3859 2326 3918 externa
2348 3859 2406 3918 tes-

397 3937 499 3999 moris
531 3935 663 3998 nomine
695 3936 850 4019 intelligit
877 3937 969 4001 illam
997 3937 1261 4020 trepidationem,
1293 3960 1376 4021 quae
1428 3941 1559 4005 timente
1580 3939 1747 4016 descendit,
1774 3958 1853 4018 quae
1873 3938 2027 4001 misceam
2053 3939 2301 4019 resipiscentiam
2328 3959 2406 4004 corn

396 4021 563 4085 mentibus
581 4020 702 4085 nostris
719 4022 887 4100 incutitur,
906 4024 1032 4105 quoties
1050 4025 1229 4107 cogitamus
1248 4024 1381 4107 etquid
1428 4028 1585 4090 mendant.
1643 4022 1744 4088 Citius
1774 4025 1822 4087 rei
1853 4022 1993 4087 tabulam
2024 4026 2059 4089 in
2091 4025 2293 4108 desrnptibrre
2323 4027 2406 4090 uitae

397 4131 456 4171 nos
477 4108 579 4170 simus
600 4107 719 4183 meriti,
742 4117 776 4170 et
792 4129 890 4189 quam
911 4108 1077 4173 horribilis
1097 4112 1140 4174 sit
1155 4112 1225 4175 irae
1247 4110 1377 4175 divinae
1428 4112 1618 4176 drusianae
1644 4130 1716 4171 moa
1737 4108 1903 4172 subiiciam
1931 4109 2075 4174 lectorum
2095 4112 2202 4176 aculis
2248 4111 2321 4175 Non
2348 4111 2405 4176 eal·

397 4195 554 4258 severitas
576 4194 612 4256 in
634 4200 828 4276 peccatores.
872 4195 1017 4259 Mirabili
1040 4196 1129 4258 enim
1151 4195 1376 4279 inquietudine
1428 4198 1525 4280 iiqam
1552 4217 1591 4260 ea
1611 4193 1773 4277 prophetis
1801 4195 1976 4259 testimonia
2002 4196 2116 4277 quibus
2132 4198 2255 4277 partim
2276 4197 2405 4261 adsarc-

396 4286 474 4343 tunc
496 4300 557 4343 nos
576 4279 690 4360 vexari
711 4300 843 4344 necesse
864 4288 922 4357 est,
945 4300 1028 4362 quae
1050 4289 1121 4344 tum
1143 4280 1185 4344 ad
1207 4281 1376 4345 humilita-
1428 4288 1505 4347 nam
1526 4302 1631 4346 aarum
1652 4281 1797 4362 ineptias,
1818 4281 1874 4360 qui
1895 4283 2290 4347 camenmriisemttendunt
2299 4280 2404 4344 Deum

397 4373 462 4430 tem
491 4388 550 4429 nos
579 4365 703 4444 crudit,
734 4372 805 4429 tum
828 4365 988 4430 cautiores
1010 4365 1045 4428 in
1067 4375 1236 4448 posterum
1258 4364 1373 4431 reddit
1422 4368 1568 4452 placare,
1596 4368 1823 4446 osterrduntque
1836 4386 1923 4431 maa
1944 4388 2009 4433 esse
2030 4369 2171 4444 luditum
2191 4367 2404 4448 pertimuere

397 4449 494 4531 Quod
521 4452 549 4515 si
576 4453 681 4516 oritur
703 4473 744 4517 ex
767 4451 884 4515 timore
905 4449 1101 4530 sollicitudo,
1131 4452 1171 4516 de
1198 4473 1262 4535 qua
1283 4453 1375 4535 prius
1428 4461 1587 4519 emmaum
1608 4453 1690 4517 uitae
1710 4453 1916 4535 inteqritatem
1936 4453 2042 4519 auae
2061 4474 2123 4518 iren
2139 4471 2204 4515 esse
2224 4455 2317 4530 caput
2331 4471 2404 4531 poe·

396 4536 532 4612 dixerat,
556 4537 705 4602 videmus
727 4559 790 4620 quo
812 4558 901 4601 nexu
924 4538 1004 4602 haec
1021 4537 1109 4602 inter
1122 4560 1157 4603 se
1168 4540 1373 4603 cohaereant
1427 4542 1588 4618 nuntiae,
1616 4539 1693 4620 quia
1720 4538 1810 4603 Deus
1840 4559 1892 4603 cor
1922 4539 2065 4603 irituetur.
2113 4537 2264 4617 Quisquis
2290 4536 2404 4601 uredic-

395 4622 604 4687 Desiderium
628 4623 759 4688 videtur
786 4624 867 4687 mihi
895 4625 1041 4707 posuisse
1063 4646 1122 4706 pro
1145 4625 1319 4689 sedulitate
1339 4626 1374 4688 in
1426 4627 1520 4691 eriter
1540 4627 1575 4689 in
1595 4625 1753 4704 scriptura
1775 4629 1916 4688 casatus
1933 4624 2044 4705 fueri,
2061 4643 2121 4702 per
2142 4642 2174 4684 se
2195 4621 2309 4701 absque
2330 4621 2403 4686 alte-

396 4709 500 4771 officio
530 4718 563 4770 et
589 4709 787 4791 obsequendi
815 4710 997 4788 alacritate,
1031 4709 1073 4774 ad
1099 4731 1197 4793 quam
1229 4712 1374 4775 maxime
1426 4713 1497 4776 m'us
1518 4713 1636 4776 mondu
1657 4709 1809 4792 intelliqet
1830 4709 1884 4773 ubi
1906 4730 1975 4774 cum
1992 4707 2059 4772 Deo
2079 4706 2232 4788 negotium
2248 4707 2404 4785 estnihil

395 4813 572 4876 provocare
598 4815 658 4858 nos
686 4795 781 4859 debet
809 4795 999 4862 delictorum
1027 4805 1214 4861 nostrorum
1241 4797 1372 4881 agnitio.
1426 4801 1479 4881 aqi
1510 4799 1576 4862 nisi
1608 4796 1647 4861 ab
1679 4797 1823 4860 interiore
1860 4795 1962 4858 cardis
1992 4794 2101 4872 affectu
2133 4793 2311 4872 incipimus.
2360 4793 2405 4858 H

394 4879 471 4943 Huc
493 4898 620 4958 quoque
633 4881 776 4960 pertinet
797 4883 886 4946 aelus
908 4904 1005 4964 quem
1018 4884 1173 4962 continno
1187 4882 1357 4967 subiungit
1364 4906 1372 4960 ;
1427 4884 1521 4948 Ioelis
1542 4885 1627 4949 locus
1644 4881 1688 4965 (2,
1705 4881 1758 4965 13)
1780 4882 1857 4944 aliis
1878 4877 2086 4960 intelliqendis
2106 4898 2167 4940 rimi
2185 4899 2303 4959 parum
2323 4879 2405 4944 vale·

396 4965 545 5030 ardorem
567 4965 654 5026 eninr
677 4966 849 5047 significat,
872 4990 937 5050 quo
959 4969 1169 5034 accendimur
1189 4970 1246 5034 ubi
1270 4969 1373 5034 aculei
1425 4970 1484 5034 bit:
1515 4970 1647 5036 scindite
1679 4968 1774 5033 cerda
1805 4970 1907 5030 trustra
1940 4968 1968 5026 et
1998 4983 2060 5026 neri
2086 4963 2265 5029 sennenn
2291 4970 2402 5030 vestra

394 5052 441 5115 illi
465 5049 560 5114 nobis
583 5048 811 5115 admoventur:
841 5054 918 5135 quid
940 5055 1021 5118 leci?
1050 5077 1115 5139 quo
1138 5078 1191 5120 mc
1213 5055 1372 5138 praecipi·
1433 5056 1602 5138 Utrunrque
1623 5056 1717 5118 etiam
1733 5052 1861 5116 breriur
1877 5068 2057 5129 expressim
2079 5054 2122 5113 est
2142 5048 2194 5114 iiis
2212 5049 2317 5115 Iacabi
2339 5073 2404 5116 ver·

395 5144 557 5211 taveram,
598 5135 664 5199 nisi
697 5135 779 5198 mihi
811 5137 876 5201 Dei
907 5140 1130 5205 misericordia
1161 5139 1371 5206 subveniret?
1425 5143 1473 5207 tis
1501 5144 1552 5227 (4,
1572 5141 1625 5225 8)·
1657 5139 1804 5203 murrdate
1835 5134 1975 5199 salmati
1997 5155 2123 5215 manus,
2151 5141 2287 5219 purgate
2307 5136 2402 5202 corda

395 5222 569 5288 Postrema
591 5229 641 5286 cst
662 5220 814 5286 vindicta
848 5220 923 5302 Quo
946 5225 1033 5288 enim
1055 5228 1233 5292 severiores
1254 5228 1289 5291 in
1313 5247 1373 5290 nos
1424 5229 1569 5310 duplices.
1610 5225 1671 5291 Ubi
1687 5223 1794 5305 priori
1815 5221 1940 5301 quidem
1960 5221 2091 5286 mentire
2112 5224 2245 5287 mcessio
2262 5224 2400 5305 partitur,

396 5320 516 5386 snmus,
544 5321 578 5371 et
599 5308 724 5372 nonore
746 5326 884 5371 censura
905 5311 1128 5388 quaestionem
1149 5312 1309 5377 habemus
1332 5312 1372 5376 de
1424 5314 1495 5396 fons
1524 5321 1625 5378 umen
1643 5315 1681 5374 ,et
1702 5307 1902 5388 principium
1927 5307 2037 5371 danda
2062 5313 2265 5384 monstratur,
2294 5325 2402 5388 canpe

395 5396 535 5475 peccatis
562 5395 700 5467 nostris,
728 5413 766 5458 eo
796 5391 950 5457 debemus
976 5414 1109 5476 sperare
1135 5397 1242 5479 magis
1263 5399 1372 5479 propi·
1425 5398 1642 5482 absterqendus
1674 5415 1738 5458 esse
1769 5392 1903 5457 metitus
1930 5393 2050 5471 sudas,
2082 5398 2119 5457 ut
2146 5392 2245 5457 altare
2270 5392 2305 5454 in
2334 5393 2401 5474 ipso

395 5481 477 5542 num
511 5502 548 5546 ao
581 5477 826 5545 misericordem
854 5479 972 5544 Deum.
1017 5479 1065 5543 Et
1090 5489 1177 5544 corte
1204 5482 1276 5544 fieri
1305 5502 1373 5545 non
1425 5486 1512 5549 corde
1533 5485 1673 5563 eripmm
1694 5478 1770 5543 Deo.
1815 5477 1905 5543 Sunt
1930 5488 2099 5562 praeterea
2126 5484 2161 5541 et
2183 5485 2319 5542 externa
2341 5477 2400 5543 ali-

462 5668 492 5736 1)
511 5668 572 5724 lam
586 5670 716 5738 releqittu
729 5668 837 5738 Capitis
845 5666 910 5731 IX,
929 5665 1003 5736 quoti
1017 5665 1118 5732 suerat,
1137 5670 1226 5718 tatus
1244 5667 1266 5732 ξ.
1278 5664 1373 5720 9-13.
1494 5668 1524 5733 1)
1541 5667 1626 5718 Serm.
1646 5664 1687 5718 11.
1705 5667 1734 5720 in
1752 5665 1899 5719 Canticum.
