<?xml version="1.0" encoding="UTF-8"?>
<!DOCTYPE html PUBLIC "-//W3C//DTD XHTML 1.0 Transitional//EN"
    "http://www.w3.org/TR/xhtml1/DTD/xhtml1-transitional.dtd">
<html xmlns="http://www.w3.org/1999/xhtml" xml:lang="en" lang="en">
 <head>
  <title>
</title>
<meta http-equiv="Content-Type" content="text/html;charset=utf-8" />
  <meta name='ocr-system' content='tesseract 3.04.00' />
  <meta name='ocr-capabilities' content='ocr_page ocr_carea ocr_par ocr_line ocrx_word'/>
</head>
<body>
  <div class='ocr_page' id='page_1' title='image "./ioanniscalvinio10calvgoog/ioanniscalvinio10calvgoog_0267.png"; bbox 0 0 5600 6809; ppageno 0'>
   <div class='ocr_carea' id='block_1_1' title="bbox 375 743 2383 819">
    <p class='ocr_par' dir='ltr' id='par_1_1' title="bbox 375 743 2383 819">
     <span class='ocr_line' id='line_1_1' title="bbox 375 743 2383 819; baseline 0.001 -2"><span class='ocrx_word' id='word_1_1' title='bbox 375 756 436 817; x_wconf 79' lang='lat'>565</span> <span class='ocrx_word' id='word_1_2' title='bbox 549 750 640 816; x_wconf 86' lang='lat' dir='ltr'><strong>LIB.</strong></span> <span class='ocrx_word' id='word_1_3' title='bbox 662 747 723 814; x_wconf 83' lang='lat' dir='ltr'>HL</span> <span class='ocrx_word' id='word_1_4' title='bbox 767 747 831 812; x_wconf 79' lang='lat' dir='ltr'>Du</span> <span class='ocrx_word' id='word_1_5' title='bbox 854 744 990 812; x_wconf 89' lang='lat' dir='ltr'>MODO</span> <span class='ocrx_word' id='word_1_6' title='bbox 1011 744 1362 811; x_wconf 80' lang='lat' dir='ltr'>PEROIPIENDAE</span> <span class='ocrx_word' id='word_1_7' title='bbox 1386 743 1578 811; x_wconf 70' lang='lat' dir='ltr'>CHRISTI</span> <span class='ocrx_word' id='word_1_8' title='bbox 1599 744 1818 811; x_wconf 75' lang='lat' dir='ltr'>salumn.</span> <span class='ocrx_word' id='word_1_9' title='bbox 1863 745 1963 813; x_wconf 81' lang='lat' dir='ltr'><strong>OAP.</strong></span> <span class='ocrx_word' id='word_1_10' title='bbox 1985 747 2085 814; x_wconf 79' lang='lat' dir='ltr'>xm</span> <span class='ocrx_word' id='word_1_11' title='bbox 2108 749 2205 818; x_wconf 85' lang='lat' dir='ltr'>XIV.</span> <span class='ocrx_word' id='word_1_12' title='bbox 2321 756 2383 819; x_wconf 78' lang='grc'>566</span> 
     </span>
    </p>
   </div>
   <div class='ocr_carea' id='block_1_2' title="bbox 257 932 2519 5557">
    <p class='ocr_par' dir='ltr' id='par_1_2' title="bbox 257 932 2519 5557">
     <span class='ocr_line' id='line_1_2' title="bbox 373 932 2385 1024; baseline 0.002 -20"><span class='ocrx_word' id='word_1_13' title='bbox 373 960 451 1005; x_wconf 82' lang='grc'><strong>1111</strong></span> <span class='ocrx_word' id='word_1_14' title='bbox 473 940 520 1004; x_wconf 85' lang='grc'>111</span> <span class='ocrx_word' id='word_1_15' title='bbox 542 960 562 1003; x_wconf 87' lang='grc'>1</span> <span class='ocrx_word' id='word_1_16' title='bbox 584 959 683 1003; x_wconf 89' lang='lat' dir='ltr'>sensu</span> <span class='ocrx_word' id='word_1_17' title='bbox 704 935 873 1002; x_wconf 88' lang='lat' dir='ltr'>communi</span> <span class='ocrx_word' id='word_1_18' title='bbox 896 932 1052 1012; x_wconf 79' lang='lat' dir='ltr'>dissideo,</span> <span class='ocrx_word' id='word_1_19' title='bbox 1083 933 1166 997; x_wconf 86' lang='lat' dir='ltr'>nihil</span> <span class='ocrx_word' id='word_1_20' title='bbox 1189 939 1228 997; x_wconf 88' lang='lat' dir='ltr'>ut</span> <span class='ocrx_word' id='word_1_21' title='bbox 1248 933 1352 998; x_wconf 90' lang='lat' dir='ltr'>inter-</span> <span class='ocrx_word' id='word_1_22' title='bbox 1404 935 1461 1017; x_wconf 90' lang='lat' dir='ltr'>qui</span> <span class='ocrx_word' id='word_1_23' title='bbox 1488 941 1616 1017; x_wconf 90' lang='lat' dir='ltr'>partem</span> <span class='ocrx_word' id='word_1_24' title='bbox 1643 934 1679 998; x_wconf 92' lang='lat' dir='ltr'>in</span> <span class='ocrx_word' id='word_1_25' title='bbox 1705 932 1840 999; x_wconf 77' lang='lat' dir='ltr'>Christe</span> <span class='ocrx_word' id='word_1_26' title='bbox 1869 956 1937 999; x_wconf 93' lang='lat' dir='ltr'>non</span> <span class='ocrx_word' id='word_1_27' title='bbox 1964 936 2102 1016; x_wconf 89' lang='lat' dir='ltr'>habent,</span> <span class='ocrx_word' id='word_1_28' title='bbox 2131 941 2244 1021; x_wconf 86' lang='lat' dir='ltr'>quales</span> <span class='ocrx_word' id='word_1_29' title='bbox 2271 942 2385 1024; x_wconf 87' lang='lat' dir='ltr'>quales</span> 
     </span>
     <span class='ocr_line' id='line_1_3' title="bbox 374 1017 2385 1103; baseline 0.001 -12"><span class='ocrx_word' id='word_1_30' title='bbox 374 1047 445 1091; x_wconf 88' lang='lat' dir='ltr'>esse</span> <span class='ocrx_word' id='word_1_31' title='bbox 467 1023 661 1090; x_wconf 72' lang='lat' dir='ltr'>contendam</span> <span class='ocrx_word' id='word_1_32' title='bbox 680 1023 769 1086; x_wconf 90' lang='lat' dir='ltr'>inter</span> <span class='ocrx_word' id='word_1_33' title='bbox 790 1021 858 1084; x_wconf 74' lang='lat' dir='ltr'>Titi</span> <span class='ocrx_word' id='word_1_34' title='bbox 879 1026 913 1085; x_wconf 86' lang='lat' dir='ltr'>et</span> <span class='ocrx_word' id='word_1_35' title='bbox 932 1020 1066 1085; x_wconf 76' lang='lat' dir='ltr'>Traiani</span> <span class='ocrx_word' id='word_1_36' title='bbox 1086 1019 1259 1098; x_wconf 91' lang='lat' dir='ltr'>iustitiam,</span> <span class='ocrx_word' id='word_1_37' title='bbox 1281 1039 1351 1082; x_wconf 91' lang='lat' dir='ltr'>mc·</span> <span class='ocrx_word' id='word_1_38' title='bbox 1405 1021 1488 1099; x_wconf 88' lang='lat' dir='ltr'>sint,</span> <span class='ocrx_word' id='word_1_39' title='bbox 1518 1017 1676 1102; x_wconf 91' lang='lat' dir='ltr'>quidquid</span> <span class='ocrx_word' id='word_1_40' title='bbox 1696 1026 1799 1103; x_wconf 87' lang='lat' dir='ltr'>agant</span> <span class='ocrx_word' id='word_1_41' title='bbox 1818 1020 1872 1085; x_wconf 85' lang='lat' dir='ltr'>vel</span> <span class='ocrx_word' id='word_1_42' title='bbox 1893 1021 2088 1102; x_wconf 77' lang='lat' dir='ltr'>moliantur,</span> <span class='ocrx_word' id='word_1_43' title='bbox 2115 1025 2151 1088; x_wconf 92' lang='lat' dir='ltr'>in</span> <span class='ocrx_word' id='word_1_44' title='bbox 2173 1027 2313 1095; x_wconf 85' lang='lat' dir='ltr'>exitium</span> <span class='ocrx_word' id='word_1_45' title='bbox 2334 1036 2385 1094; x_wconf 89' lang='lat' dir='ltr'>ta·</span> 
     </span>
     <span class='ocr_line' id='line_1_4' title="bbox 370 1104 2385 1196; baseline 0.002 -20"><span class='ocrx_word' id='word_1_46' title='bbox 370 1112 591 1188; x_wconf 76' lang='lat' dir='ltr'>demtionem,</span> <span class='ocrx_word' id='word_1_47' title='bbox 613 1109 827 1192; x_wconf 79' lang='lat' dir='ltr'>aequitatem,</span> <span class='ocrx_word' id='word_1_48' title='bbox 854 1126 892 1171; x_wconf 88' lang='lat' dir='ltr'>ac</span> <span class='ocrx_word' id='word_1_49' title='bbox 914 1105 1098 1189; x_wconf 75' lang='lat' dir='ltr'>Caligulae,</span> <span class='ocrx_word' id='word_1_50' title='bbox 1126 1105 1179 1170; x_wconf 89' lang='lat' dir='ltr'>vel</span> <span class='ocrx_word' id='word_1_51' title='bbox 1199 1104 1351 1184; x_wconf 90' lang='lat' dir='ltr'>Neronis,</span> <span class='ocrx_word' id='word_1_52' title='bbox 1405 1128 1483 1171; x_wconf 92' lang='lat' dir='ltr'>men</span> <span class='ocrx_word' id='word_1_53' title='bbox 1509 1112 1726 1187; x_wconf 80' lang='lat' dir='ltr'>aeternaeque</span> <span class='ocrx_word' id='word_1_54' title='bbox 1753 1106 1868 1171; x_wconf 88' lang='lat' dir='ltr'>mortis</span> <span class='ocrx_word' id='word_1_55' title='bbox 1901 1106 2060 1172; x_wconf 92' lang='lat' dir='ltr'>iudicium</span> <span class='ocrx_word' id='word_1_56' title='bbox 2091 1117 2158 1174; x_wconf 78' lang='lat' dir='ltr'>tote</span> <span class='ocrx_word' id='word_1_57' title='bbox 2186 1134 2284 1178; x_wconf 88' lang='lat' dir='ltr'>cursu</span> <span class='ocrx_word' id='word_1_58' title='bbox 2310 1135 2385 1196; x_wconf 92' lang='lat' dir='ltr'>per·</span> 
     </span>
     <span class='ocr_line' id='line_1_5' title="bbox 374 1190 2386 1284; baseline 0 -21"><span class='ocrx_word' id='word_1_59' title='bbox 374 1197 428 1263; x_wconf 83' lang='lat' dir='ltr'>vel</span> <span class='ocrx_word' id='word_1_60' title='bbox 445 1197 626 1262; x_wconf 88' lang='lat' dir='ltr'>Domitiani</span> <span class='ocrx_word' id='word_1_61' title='bbox 644 1195 777 1272; x_wconf 82' lang='lat' dir='ltr'>rabiem,</span> <span class='ocrx_word' id='word_1_62' title='bbox 799 1192 1036 1275; x_wconf 82' lang='lat' dir='ltr'>intemperiem,</span> <span class='ocrx_word' id='word_1_63' title='bbox 1058 1192 1245 1271; x_wconf 81' lang='lat' dir='ltr'>saevitiam3</span> <span class='ocrx_word' id='word_1_64' title='bbox 1266 1191 1353 1256; x_wconf 89' lang='lat' dir='ltr'>inter</span> <span class='ocrx_word' id='word_1_65' title='bbox 1406 1199 1500 1275; x_wconf 88' lang='lat' dir='ltr'>gunt</span> <span class='ocrx_word' id='word_1_66' title='bbox 1545 1190 1736 1257; x_wconf 82' lang='lat' dir='ltr'>Secundum</span> <span class='ocrx_word' id='word_1_67' title='bbox 1768 1192 1854 1255; x_wconf 89' lang='lat' dir='ltr'>hano</span> <span class='ocrx_word' id='word_1_68' title='bbox 1886 1192 2047 1257; x_wconf 89' lang='lat' dir='ltr'>rationem</span> <span class='ocrx_word' id='word_1_69' title='bbox 2079 1195 2161 1260; x_wconf 91' lang='lat' dir='ltr'>illud</span> <span class='ocrx_word' id='word_1_70' title='bbox 2193 1197 2235 1263; x_wconf 90' lang='lat' dir='ltr'>ab</span> <span class='ocrx_word' id='word_1_71' title='bbox 2268 1199 2386 1284; x_wconf 88' lang='lat' dir='ltr'>Augu·</span> 
     </span>
     <span class='ocr_line' id='line_1_6' title="bbox 374 1277 2385 1361; baseline 0.001 -13"><span class='ocrx_word' id='word_1_72' title='bbox 374 1284 548 1348; x_wconf 86' lang='lat' dir='ltr'>obscoenas</span> <span class='ocrx_word' id='word_1_73' title='bbox 581 1281 704 1346; x_wconf 80' lang='lat' dir='ltr'>&#39;liberii</span> <span class='ocrx_word' id='word_1_74' title='bbox 733 1277 899 1357; x_wconf 85' lang='lat' dir='ltr'>libidines,</span> <span class='ocrx_word' id='word_1_75' title='bbox 933 1284 967 1342; x_wconf 89' lang='lat' dir='ltr'>et</span> <span class='ocrx_word' id='word_1_76' title='bbox 994 1277 1191 1360; x_wconf 78' lang='lat' dir='ltr'>Vespasiani</span> <span class='ocrx_word' id='word_1_77' title='bbox 1223 1277 1285 1342; x_wconf 89' lang='lat' dir='ltr'>hae</span> <span class='ocrx_word' id='word_1_78' title='bbox 1317 1277 1353 1341; x_wconf 92' lang='lat' dir='ltr'>in</span> <span class='ocrx_word' id='word_1_79' title='bbox 1405 1279 1492 1343; x_wconf 90' lang='lat' dir='ltr'>stino</span> <span class='ocrx_word' id='word_1_80' title='bbox 1508 1277 1533 1361; x_wconf 90' lang='lat'>¹)</span> <span class='ocrx_word' id='word_1_81' title='bbox 1556 1277 1680 1342; x_wconf 89' lang='lat' dir='ltr'>dictum</span> <span class='ocrx_word' id='word_1_82' title='bbox 1702 1283 1764 1342; x_wconf 89' lang='lat' dir='ltr'>est:</span> <span class='ocrx_word' id='word_1_83' title='bbox 1797 1277 1912 1360; x_wconf 90' lang='lat' dir='ltr'>religio</span> <span class='ocrx_word' id='word_1_84' title='bbox 1934 1286 2047 1343; x_wconf 91' lang='lat' dir='ltr'>nostra</span> <span class='ocrx_word' id='word_1_85' title='bbox 2068 1281 2170 1347; x_wconf 86' lang='lat' dir='ltr'>iustos</span> <span class='ocrx_word' id='word_1_86' title='bbox 2192 1283 2233 1347; x_wconf 87' lang='lat' dir='ltr'>ab</span> <span class='ocrx_word' id='word_1_87' title='bbox 2254 1286 2385 1351; x_wconf 85' lang='lat' dir='ltr'>iniustis</span> 
     </span>
     <span class='ocr_line' id='line_1_7' title="bbox 308 1361 2386 1454; baseline 0.003 -24"><span class='ocrx_word' id='word_1_88' title='bbox 308 1422 314 1430; x_wconf 89' lang='lat'><strong>.</strong></span> <span class='ocrx_word' id='word_1_89' title='bbox 373 1376 467 1451; x_wconf 87' lang='lat' dir='ltr'>parte</span> <span class='ocrx_word' id='word_1_90' title='bbox 489 1367 739 1442; x_wconf 86' lang='lat' dir='ltr'>continentiam,</span> <span class='ocrx_word' id='word_1_91' title='bbox 765 1386 803 1430; x_wconf 88' lang='lat' dir='ltr'>ac</span> <span class='ocrx_word' id='word_1_92' title='bbox 825 1364 882 1448; x_wconf 90' lang='lat' dir='ltr'>(ne</span> <span class='ocrx_word' id='word_1_93' title='bbox 903 1364 940 1427; x_wconf 94' lang='lat' dir='ltr'>in</span> <span class='ocrx_word' id='word_1_94' title='bbox 961 1362 1183 1446; x_wconf 79' lang='lat' dir='ltr'>singularibus</span> <span class='ocrx_word' id='word_1_95' title='bbox 1205 1362 1352 1427; x_wconf 82' lang='grc'><strong>1111111-</strong></span> <span class='ocrx_word' id='word_1_96' title='bbox 1405 1385 1645 1446; x_wconf 89' lang='lat' dir='ltr'>nonoperum,</span> <span class='ocrx_word' id='word_1_97' title='bbox 1668 1361 1819 1445; x_wconf 89' lang='lat' dir='ltr'>sedipsa</span> <span class='ocrx_word' id='word_1_98' title='bbox 1844 1363 2206 1447; x_wconf 78' lang='lat' dir='ltr'>fideilegediscernit3</span> <span class='ocrx_word' id='word_1_99' title='bbox 2229 1371 2386 1454; x_wconf 83' lang='lat' dir='ltr'>sineque</span> 
     </span>
     <span class='ocr_line' id='line_1_8' title="bbox 374 1447 2392 1533; baseline 0.001 -15"><span class='ocrx_word' id='word_1_100' title='bbox 374 1455 499 1519; x_wconf 88' lang='lat' dir='ltr'>tutibus</span> <span class='ocrx_word' id='word_1_101' title='bbox 521 1460 579 1518; x_wconf 89' lang='lat' dir='ltr'>aut</span> <span class='ocrx_word' id='word_1_102' title='bbox 600 1453 691 1518; x_wconf 83' lang='lat' dir='ltr'>vitiis</span> <span class='ocrx_word' id='word_1_103' title='bbox 716 1449 946 1533; x_wconf 87' lang='lat' dir='ltr'>immoremur)</span> <span class='ocrx_word' id='word_1_104' title='bbox 967 1449 1056 1513; x_wconf 89' lang='lat' dir='ltr'>inter</span> <span class='ocrx_word' id='word_1_105' title='bbox 1076 1449 1157 1513; x_wconf 91' lang='lat' dir='ltr'>iuris</span> <span class='ocrx_word' id='word_1_106' title='bbox 1178 1447 1352 1531; x_wconf 84' lang='lat' dir='ltr'>legumque</span> <span class='ocrx_word' id='word_1_107' title='bbox 1405 1470 1488 1532; x_wconf 90' lang='lat' dir='ltr'>quae</span> <span class='ocrx_word' id='word_1_108' title='bbox 1520 1449 1675 1514; x_wconf 83' lang='lat' dir='ltr'>videntur</span> <span class='ocrx_word' id='word_1_109' title='bbox 1705 1449 1792 1513; x_wconf 90' lang='lat' dir='ltr'>bona</span> <span class='ocrx_word' id='word_1_110' title='bbox 1823 1469 1931 1532; x_wconf 91' lang='lat' dir='ltr'>opera,</span> <span class='ocrx_word' id='word_1_111' title='bbox 1966 1451 2001 1514; x_wconf 93' lang='lat' dir='ltr'>in</span> <span class='ocrx_word' id='word_1_112' title='bbox 2056 1459 2168 1517; x_wconf 85' lang='lat' dir='ltr'>cecata</span> <span class='ocrx_word' id='word_1_113' title='bbox 2198 1464 2392 1521; x_wconf 67' lang='lat' dir='ltr'>vertuntur„</span> 
     </span>
     <span class='ocr_line' id='line_1_9' title="bbox 319 1473 2385 1624; baseline 0.001 -20"><span class='ocrx_word' id='word_1_114' title='bbox 319 1576 321 1581; x_wconf 68' lang='lat'>,</span> <span class='ocrx_word' id='word_1_115' title='bbox 373 1540 633 1606; x_wconf 86' lang='lat' dir='ltr'>observationem</span> <span class='ocrx_word' id='word_1_116' title='bbox 668 1559 706 1603; x_wconf 88' lang='lat' dir='ltr'>ac</span> <span class='ocrx_word' id='word_1_117' title='bbox 737 1541 970 1619; x_wconf 89' lang='lat' dir='ltr'>contemptum.</span> <span class='ocrx_word' id='word_1_118' title='bbox 1015 1535 1160 1599; x_wconf 72' lang='lat' dir='ltr'>Tantum</span> <span class='ocrx_word' id='word_1_119' title='bbox 1187 1535 1276 1598; x_wconf 90' lang='lat' dir='ltr'>enim</span> <span class='ocrx_word' id='word_1_120' title='bbox 1303 1543 1354 1599; x_wconf 87' lang='lat' dir='ltr'>est</span> <span class='ocrx_word' id='word_1_121' title='bbox 1406 1533 1630 1615; x_wconf 77' lang='lat' dir='ltr'>Quamobrem</span> <span class='ocrx_word' id='word_1_122' title='bbox 1656 1533 1742 1600; x_wconf 90' lang='lat' dir='ltr'>belle</span> <span class='ocrx_word' id='word_1_123' title='bbox 1768 1533 1856 1599; x_wconf 89' lang='lat' dir='ltr'>idem</span> <span class='ocrx_word' id='word_1_124' title='bbox 1888 1536 1959 1618; x_wconf 91' lang='lat' dir='ltr'>ipse</span> <span class='ocrx_word' id='word_1_125' title='bbox 1987 1473 2081 1617; x_wconf 75' lang='lat' dir='ltr'>alili,</span> <span class='ocrx_word' id='word_1_126' title='bbox 2096 1536 2125 1624; x_wconf 76' lang='lat'>²)</span> <span class='ocrx_word' id='word_1_127' title='bbox 2158 1539 2236 1604; x_wconf 91' lang='lat' dir='ltr'>dum</span> <span class='ocrx_word' id='word_1_128' title='bbox 2268 1541 2385 1607; x_wconf 85' lang='lat' dir='ltr'>talium</span> 
     </span>
     <span class='ocr_line' id='line_1_10' title="bbox 373 1619 2519 1708; baseline 0.001 -18"><span class='ocrx_word' id='word_1_129' title='bbox 373 1626 453 1690; x_wconf 90' lang='lat' dir='ltr'>iusti</span> <span class='ocrx_word' id='word_1_130' title='bbox 476 1632 509 1690; x_wconf 90' lang='lat' dir='ltr'>et</span> <span class='ocrx_word' id='word_1_131' title='bbox 537 1624 651 1690; x_wconf 90' lang='lat' dir='ltr'>iniusti</span> <span class='ocrx_word' id='word_1_132' title='bbox 679 1623 870 1700; x_wconf 81' lang='lat' dir='ltr'>discrimen,</span> <span class='ocrx_word' id='word_1_133' title='bbox 900 1628 939 1684; x_wconf 87' lang='lat' dir='ltr'>ut</span> <span class='ocrx_word' id='word_1_134' title='bbox 965 1619 1020 1697; x_wconf 78' lang='grc'>111</span> <span class='ocrx_word' id='word_1_135' title='bbox 1046 1621 1083 1684; x_wconf 93' lang='lat' dir='ltr'>in</span> <span class='ocrx_word' id='word_1_136' title='bbox 1109 1626 1237 1685; x_wconf 89' lang='lat' dir='ltr'>mortuo</span> <span class='ocrx_word' id='word_1_137' title='bbox 1264 1619 1353 1684; x_wconf 92' lang='lat' dir='ltr'>illius</span> <span class='ocrx_word' id='word_1_138' title='bbox 1405 1621 1578 1686; x_wconf 92' lang='lat' dir='ltr'>hominum</span> <span class='ocrx_word' id='word_1_139' title='bbox 1605 1620 1750 1686; x_wconf 88' lang='lat' dir='ltr'>studium</span> <span class='ocrx_word' id='word_1_140' title='bbox 1777 1641 1914 1685; x_wconf 90' lang='lat' dir='ltr'>erroneo</span> <span class='ocrx_word' id='word_1_141' title='bbox 1940 1624 2051 1687; x_wconf 92' lang='lat' dir='ltr'>cursui</span> <span class='ocrx_word' id='word_1_142' title='bbox 2078 1633 2254 1708; x_wconf 86' lang='lat' dir='ltr'>comparat</span> <span class='ocrx_word' id='word_1_143' title='bbox 2310 1626 2385 1708; x_wconf 90' lang='lat' dir='ltr'>Quo</span> <span class='ocrx_word' id='word_1_144' title='bbox 2517 1641 2519 1644; x_wconf 82' lang='grc'><strong>’</strong></span> 
     </span>
     <span class='ocr_line' id='line_1_11' title="bbox 375 1705 2384 1793; baseline 0 -17"><span class='ocrx_word' id='word_1_145' title='bbox 375 1712 550 1777; x_wconf 90' lang='lat' dir='ltr'>simulacro</span> <span class='ocrx_word' id='word_1_146' title='bbox 580 1718 743 1793; x_wconf 89' lang='lat' dir='ltr'>appareat.</span> <span class='ocrx_word' id='word_1_147' title='bbox 787 1706 878 1788; x_wconf 91' lang='lat' dir='ltr'>Quid</span> <span class='ocrx_word' id='word_1_148' title='bbox 899 1707 989 1772; x_wconf 90' lang='lat' dir='ltr'>enim</span> <span class='ocrx_word' id='word_1_149' title='bbox 1010 1705 1197 1770; x_wconf 89' lang='lat' dir='ltr'>ordinatum</span> <span class='ocrx_word' id='word_1_150' title='bbox 1218 1705 1353 1771; x_wconf 84' lang='lat' dir='ltr'>restabit</span> <span class='ocrx_word' id='word_1_151' title='bbox 1404 1708 1494 1771; x_wconf 91' lang='lat' dir='ltr'>enim</span> <span class='ocrx_word' id='word_1_152' title='bbox 1526 1707 1633 1790; x_wconf 88' lang='lat' dir='ltr'>magis</span> <span class='ocrx_word' id='word_1_153' title='bbox 1665 1713 1798 1772; x_wconf 89' lang='lat' dir='ltr'>strenue</span> <span class='ocrx_word' id='word_1_154' title='bbox 1830 1707 1933 1772; x_wconf 90' lang='lat' dir='ltr'>currit</span> <span class='ocrx_word' id='word_1_155' title='bbox 1968 1710 2040 1790; x_wconf 91' lang='lat' dir='ltr'>quis</span> <span class='ocrx_word' id='word_1_156' title='bbox 2075 1717 2170 1775; x_wconf 82' lang='lat' dir='ltr'>extra</span> <span class='ocrx_word' id='word_1_157' title='bbox 2201 1712 2305 1790; x_wconf 84' lang='lat' dir='ltr'>viam,</span> <span class='ocrx_word' id='word_1_158' title='bbox 2345 1732 2384 1777; x_wconf 92' lang='lat' dir='ltr'>eo</span> 
     </span>
     <span class='ocr_line' id='line_1_12' title="bbox 374 1790 2385 1877; baseline 0.001 -15"><span class='ocrx_word' id='word_1_159' title='bbox 374 1798 410 1863; x_wconf 92' lang='lat' dir='ltr'>in</span> <span class='ocrx_word' id='word_1_160' title='bbox 436 1796 559 1861; x_wconf 86' lang='lat' dir='ltr'>mundo</span> <span class='ocrx_word' id='word_1_161' title='bbox 588 1797 618 1860; x_wconf 88' lang='lat' dir='ltr'>si</span> <span class='ocrx_word' id='word_1_162' title='bbox 644 1795 726 1860; x_wconf 91' lang='lat' dir='ltr'>haec</span> <span class='ocrx_word' id='word_1_163' title='bbox 751 1794 840 1858; x_wconf 89' lang='lat' dir='ltr'>inter</span> <span class='ocrx_word' id='word_1_164' title='bbox 867 1813 902 1858; x_wconf 90' lang='lat' dir='ltr'>se</span> <span class='ocrx_word' id='word_1_165' title='bbox 930 1790 1184 1858; x_wconf 78' lang='lat' dir='ltr'>conbrndanms?</span> <span class='ocrx_word' id='word_1_166' title='bbox 1234 1792 1352 1873; x_wconf 88' lang='lat' dir='ltr'>Itaque</span> <span class='ocrx_word' id='word_1_167' title='bbox 1404 1791 1534 1876; x_wconf 85' lang='lat' dir='ltr'>longius</span> <span class='ocrx_word' id='word_1_168' title='bbox 1551 1813 1572 1857; x_wconf 91' lang='lat' dir='ltr'>a</span> <span class='ocrx_word' id='word_1_169' title='bbox 1589 1813 1685 1875; x_wconf 84' lang='lat' dir='ltr'>scopo</span> <span class='ocrx_word' id='word_1_170' title='bbox 1702 1791 1834 1872; x_wconf 84' lang='lat' dir='ltr'>recedit,</span> <span class='ocrx_word' id='word_1_171' title='bbox 1858 1791 1995 1876; x_wconf 86' lang='lat' dir='ltr'>ideoque</span> <span class='ocrx_word' id='word_1_172' title='bbox 2020 1795 2059 1858; x_wconf 85' lang='lat' dir='ltr'>fit</span> <span class='ocrx_word' id='word_1_173' title='bbox 2079 1795 2236 1861; x_wconf 88' lang='lat' dir='ltr'>misericr.</span> <span class='ocrx_word' id='word_1_174' title='bbox 2272 1796 2385 1877; x_wconf 82' lang='lat' dir='ltr'>Quare</span> 
     </span>
     <span class='ocr_line' id='line_1_13' title="bbox 374 1877 2386 1964; baseline 0 -16"><span class='ocrx_word' id='word_1_175' title='bbox 374 1882 533 1948; x_wconf 92' lang='lat' dir='ltr'>eiusmodi</span> <span class='ocrx_word' id='word_1_176' title='bbox 554 1881 797 1947; x_wconf 85' lang='lat' dir='ltr'>distinctionem</span> <span class='ocrx_word' id='word_1_177' title='bbox 818 1880 906 1944; x_wconf 84' lang='lat' dir='ltr'>inter</span> <span class='ocrx_word' id='word_1_178' title='bbox 927 1878 1066 1943; x_wconf 89' lang='lat' dir='ltr'>honesta</span> <span class='ocrx_word' id='word_1_179' title='bbox 1087 1886 1122 1942; x_wconf 88' lang='grc'>11</span> <span class='ocrx_word' id='word_1_180' title='bbox 1141 1877 1252 1960; x_wconf 89' lang='lat' dir='ltr'>turpia</span> <span class='ocrx_word' id='word_1_181' title='bbox 1272 1877 1352 1942; x_wconf 82' lang='lat' dir='ltr'>faci-</span> <span class='ocrx_word' id='word_1_182' title='bbox 1403 1879 1522 1945; x_wconf 92' lang='lat' dir='ltr'>melius</span> <span class='ocrx_word' id='word_1_183' title='bbox 1544 1899 1616 1944; x_wconf 89' lang='lat' dir='ltr'>esse</span> <span class='ocrx_word' id='word_1_184' title='bbox 1635 1878 1804 1945; x_wconf 90' lang='lat' dir='ltr'>contendit</span> <span class='ocrx_word' id='word_1_185' title='bbox 1824 1879 1859 1943; x_wconf 91' lang='lat' dir='ltr'>in</span> <span class='ocrx_word' id='word_1_186' title='bbox 1880 1880 1936 1944; x_wconf 86' lang='lat' dir='ltr'>via</span> <span class='ocrx_word' id='word_1_187' title='bbox 1953 1879 2146 1961; x_wconf 88' lang='lat' dir='ltr'>claudicare,</span> <span class='ocrx_word' id='word_1_188' title='bbox 2169 1903 2268 1964; x_wconf 91' lang='lat' dir='ltr'>quam</span> <span class='ocrx_word' id='word_1_189' title='bbox 2290 1891 2386 1949; x_wconf 85' lang='lat' dir='ltr'>extra</span> 
     </span>
     <span class='ocr_line' id='line_1_14' title="bbox 374 1962 2384 2049; baseline 0.001 -17"><span class='ocrx_word' id='word_1_190' title='bbox 374 1990 457 2033; x_wconf 91' lang='lat' dir='ltr'>nora</span> <span class='ocrx_word' id='word_1_191' title='bbox 482 1989 550 2033; x_wconf 92' lang='lat' dir='ltr'>non</span> <span class='ocrx_word' id='word_1_192' title='bbox 576 1966 672 2031; x_wconf 93' lang='lat' dir='ltr'>modo</span> <span class='ocrx_word' id='word_1_193' title='bbox 699 1965 903 2049; x_wconf 78' lang='lat' dir='ltr'>singulorum</span> <span class='ocrx_word' id='word_1_194' title='bbox 928 1964 1094 2029; x_wconf 89' lang='lat' dir='ltr'>montibus</span> <span class='ocrx_word' id='word_1_195' title='bbox 1116 1963 1279 2027; x_wconf 86' lang='lat' dir='ltr'>Dominus</span> <span class='ocrx_word' id='word_1_196' title='bbox 1300 1962 1351 2027; x_wconf 93' lang='lat' dir='ltr'>in·</span> <span class='ocrx_word' id='word_1_197' title='bbox 1404 1965 1494 2029; x_wconf 80' lang='lat' dir='ltr'>viam</span> <span class='ocrx_word' id='word_1_198' title='bbox 1514 1986 1655 2031; x_wconf 88' lang='lat' dir='ltr'>currere.</span> <span class='ocrx_word' id='word_1_199' title='bbox 1688 1964 1860 2029; x_wconf 90' lang='lat' dir='ltr'>Postremo</span> <span class='ocrx_word' id='word_1_200' title='bbox 1882 1964 1987 2030; x_wconf 87' lang='lat' dir='ltr'>malas</span> <span class='ocrx_word' id='word_1_201' title='bbox 2008 1987 2079 2031; x_wconf 90' lang='lat' dir='ltr'>esse</span> <span class='ocrx_word' id='word_1_202' title='bbox 2097 1968 2229 2034; x_wconf 89' lang='lat' dir='ltr'>arbores</span> <span class='ocrx_word' id='word_1_203' title='bbox 2246 1975 2384 2049; x_wconf 87' lang='lat' dir='ltr'>constat,</span> 
     </span>
     <span class='ocr_line' id='line_1_15' title="bbox 374 2049 2385 2137; baseline 0.001 -18"><span class='ocrx_word' id='word_1_204' title='bbox 374 2054 518 2137; x_wconf 87' lang='lat' dir='ltr'>sculpsit,</span> <span class='ocrx_word' id='word_1_205' title='bbox 539 2053 597 2118; x_wconf 89' lang='lat' dir='ltr'>sed</span> <span class='ocrx_word' id='word_1_206' title='bbox 618 2051 842 2135; x_wconf 82' lang='lat' dir='ltr'>providentiae</span> <span class='ocrx_word' id='word_1_207' title='bbox 863 2070 991 2132; x_wconf 90' lang='lat' dir='ltr'>quoque</span> <span class='ocrx_word' id='word_1_208' title='bbox 1013 2070 1091 2114; x_wconf 90' lang='lat' dir='ltr'>suae</span> <span class='ocrx_word' id='word_1_209' title='bbox 1109 2049 1352 2132; x_wconf 83' lang='lat' dir='ltr'>dispensatione</span> <span class='ocrx_word' id='word_1_210' title='bbox 1405 2049 1534 2132; x_wconf 89' lang='lat' dir='ltr'>quando</span> <span class='ocrx_word' id='word_1_211' title='bbox 1553 2051 1624 2117; x_wconf 91' lang='lat' dir='ltr'>sine</span> <span class='ocrx_word' id='word_1_212' title='bbox 1642 2049 1766 2116; x_wconf 76' lang='lat' dir='ltr'>Christi</span> <span class='ocrx_word' id='word_1_213' title='bbox 1789 2052 2082 2116; x_wconf 87' lang='lat' dir='ltr'>communicatione</span> <span class='ocrx_word' id='word_1_214' title='bbox 2103 2052 2196 2117; x_wconf 89' lang='lat' dir='ltr'>nulla</span> <span class='ocrx_word' id='word_1_215' title='bbox 2217 2061 2385 2121; x_wconf 86' lang='grc'><strong>1111111-</strong></span> 
     </span>
     <span class='ocr_line' id='line_1_16' title="bbox 374 2135 2386 2223; baseline 0 -18"><span class='ocrx_word' id='word_1_216' title='bbox 374 2161 470 2223; x_wconf 77' lang='lat' dir='ltr'>saepe</span> <span class='ocrx_word' id='word_1_217' title='bbox 490 2140 673 2205; x_wconf 87' lang='lat' dir='ltr'>confirmat.</span> <span class='ocrx_word' id='word_1_218' title='bbox 718 2136 879 2202; x_wconf 87' lang='lat' dir='ltr'>Videmus</span> <span class='ocrx_word' id='word_1_219' title='bbox 897 2136 986 2201; x_wconf 90' lang='lat' dir='ltr'>enim</span> <span class='ocrx_word' id='word_1_220' title='bbox 1008 2144 1047 2199; x_wconf 87' lang='lat' dir='ltr'>ut</span> <span class='ocrx_word' id='word_1_221' title='bbox 1065 2135 1178 2199; x_wconf 87' lang='lat' dir='ltr'>multis</span> <span class='ocrx_word' id='word_1_222' title='bbox 1198 2155 1352 2217; x_wconf 88' lang='lat' dir='ltr'>praesen·</span> <span class='ocrx_word' id='word_1_223' title='bbox 1405 2136 1552 2216; x_wconf 88' lang='lat' dir='ltr'>tifioatio;</span> <span class='ocrx_word' id='word_1_224' title='bbox 1580 2135 1734 2219; x_wconf 90' lang='lat' dir='ltr'>pulchros</span> <span class='ocrx_word' id='word_1_225' title='bbox 1761 2157 1839 2219; x_wconf 89' lang='lat' dir='ltr'>ergo</span> <span class='ocrx_word' id='word_1_226' title='bbox 1868 2143 1901 2201; x_wconf 90' lang='lat' dir='ltr'>et</span> <span class='ocrx_word' id='word_1_227' title='bbox 1930 2146 2063 2220; x_wconf 89' lang='lat' dir='ltr'>aspectu</span> <span class='ocrx_word' id='word_1_228' title='bbox 2086 2140 2261 2221; x_wconf 85' lang='lat' dir='ltr'>speciosos,</span> <span class='ocrx_word' id='word_1_229' title='bbox 2285 2147 2386 2223; x_wconf 88' lang='lat' dir='ltr'>gustu</span> 
     </span>
     <span class='ocr_line' id='line_1_17' title="bbox 373 2220 2385 2305; baseline 0 -15"><span class='ocrx_word' id='word_1_230' title='bbox 373 2227 417 2290; x_wconf 87' lang='lat' dir='ltr'>tis</span> <span class='ocrx_word' id='word_1_231' title='bbox 438 2225 528 2291; x_wconf 86' lang='lat' dir='ltr'>vitae</span> <span class='ocrx_word' id='word_1_232' title='bbox 550 2224 829 2291; x_wconf 84' lang='lat' dir='ltr'>benedictionibus</span> <span class='ocrx_word' id='word_1_233' title='bbox 856 2228 1074 2305; x_wconf 89' lang='lat' dir='ltr'>prosequatur</span> <span class='ocrx_word' id='word_1_234' title='bbox 1101 2242 1156 2286; x_wconf 89' lang='lat' dir='ltr'>eos</span> <span class='ocrx_word' id='word_1_235' title='bbox 1183 2220 1240 2303; x_wconf 91' lang='lat' dir='ltr'>qui</span> <span class='ocrx_word' id='word_1_236' title='bbox 1265 2220 1354 2286; x_wconf 89' lang='lat' dir='ltr'>inter</span> <span class='ocrx_word' id='word_1_237' title='bbox 1405 2222 1505 2286; x_wconf 90' lang='lat' dir='ltr'>etiam</span> <span class='ocrx_word' id='word_1_238' title='bbox 1531 2243 1649 2288; x_wconf 86' lang='lat' dir='ltr'>suaves</span> <span class='ocrx_word' id='word_1_239' title='bbox 1678 2221 1805 2286; x_wconf 79' lang='grc'><strong>11111111</strong></span> <span class='ocrx_word' id='word_1_240' title='bbox 1832 2243 1990 2305; x_wconf 87' lang='lat' dir='ltr'>generare</span> <span class='ocrx_word' id='word_1_241' title='bbox 2017 2231 2168 2305; x_wconf 90' lang='lat' dir='ltr'>possunt;</span> <span class='ocrx_word' id='word_1_242' title='bbox 2195 2224 2297 2290; x_wconf 91' lang='lat' dir='ltr'>bonos</span> <span class='ocrx_word' id='word_1_243' title='bbox 2326 2247 2385 2292; x_wconf 90' lang='lat' dir='ltr'>ne·</span> 
     </span>
     <span class='ocr_line' id='line_1_18' title="bbox 374 2305 2385 2391; baseline 0 -16"><span class='ocrx_word' id='word_1_244' title='bbox 374 2311 523 2376; x_wconf 90' lang='lat' dir='ltr'>homines</span> <span class='ocrx_word' id='word_1_245' title='bbox 549 2311 707 2376; x_wconf 85' lang='lat' dir='ltr'>virtutem</span> <span class='ocrx_word' id='word_1_246' title='bbox 738 2309 856 2375; x_wconf 84' lang='lat' dir='ltr'>colunt</span> <span class='ocrx_word' id='word_1_247' title='bbox 901 2307 977 2372; x_wconf 93' lang='lat' dir='ltr'>Non</span> <span class='ocrx_word' id='word_1_248' title='bbox 1010 2305 1096 2388; x_wconf 92' lang='lat' dir='ltr'>quod</span> <span class='ocrx_word' id='word_1_249' title='bbox 1127 2313 1265 2372; x_wconf 80' lang='lat' dir='ltr'>externa</span> <span class='ocrx_word' id='word_1_250' title='bbox 1295 2305 1354 2370; x_wconf 89' lang='lat' dir='ltr'>illa</span> <span class='ocrx_word' id='word_1_251' title='bbox 1405 2328 1579 2390; x_wconf 86' lang='lat' dir='ltr'>quaquam</span> <span class='ocrx_word' id='word_1_252' title='bbox 1624 2307 1713 2373; x_wconf 89' lang='lat' dir='ltr'>Hinc</span> <span class='ocrx_word' id='word_1_253' title='bbox 1744 2307 1838 2372; x_wconf 79' lang='lat' dir='ltr'>facile</span> <span class='ocrx_word' id='word_1_254' title='bbox 1866 2309 2030 2374; x_wconf 87' lang='lat' dir='ltr'>cernimus</span> <span class='ocrx_word' id='word_1_255' title='bbox 2062 2330 2133 2375; x_wconf 90' lang='lat' dir='ltr'>esse</span> <span class='ocrx_word' id='word_1_256' title='bbox 2163 2310 2385 2391; x_wconf 89' lang='lat' dir='ltr'>maledictum,</span> 
     </span>
     <span class='ocr_line' id='line_1_19' title="bbox 374 2391 2388 2479; baseline 0 -17"><span class='ocrx_word' id='word_1_257' title='bbox 374 2397 507 2462; x_wconf 85' lang='lat' dir='ltr'>virtutis</span> <span class='ocrx_word' id='word_1_258' title='bbox 529 2396 637 2479; x_wconf 82' lang='lat' dir='ltr'>imago</span> <span class='ocrx_word' id='word_1_259' title='bbox 659 2396 835 2459; x_wconf 92' lang='lat' dir='ltr'>minimum</span> <span class='ocrx_word' id='word_1_260' title='bbox 856 2393 926 2458; x_wconf 87' lang='lat' dir='ltr'>cius</span> <span class='ocrx_word' id='word_1_261' title='bbox 953 2393 1149 2458; x_wconf 90' lang='lat' dir='ltr'>beneficium</span> <span class='ocrx_word' id='word_1_262' title='bbox 1170 2399 1352 2472; x_wconf 79' lang='lat' dir='ltr'>mereatur3</span> <span class='ocrx_word' id='word_1_263' title='bbox 1405 2414 1467 2458; x_wconf 90' lang='lat' dir='ltr'>nec</span> <span class='ocrx_word' id='word_1_264' title='bbox 1487 2391 1586 2458; x_wconf 92' lang='lat' dir='ltr'>modo</span> <span class='ocrx_word' id='word_1_265' title='bbox 1607 2392 1731 2458; x_wconf 92' lang='lat' dir='ltr'>nullius</span> <span class='ocrx_word' id='word_1_266' title='bbox 1758 2392 1801 2458; x_wconf 88' lang='lat' dir='ltr'>ad</span> <span class='ocrx_word' id='word_1_267' title='bbox 1827 2393 1989 2459; x_wconf 87' lang='lat' dir='ltr'>iustitiam</span> <span class='ocrx_word' id='word_1_268' title='bbox 2016 2395 2128 2477; x_wconf 91' lang='lat' dir='ltr'>pretii,</span> <span class='ocrx_word' id='word_1_269' title='bbox 2157 2395 2215 2461; x_wconf 90' lang='lat' dir='ltr'>sed</span> <span class='ocrx_word' id='word_1_270' title='bbox 2242 2397 2324 2462; x_wconf 89' lang='lat' dir='ltr'>certi</span> <span class='ocrx_word' id='word_1_271' title='bbox 2351 2398 2388 2462; x_wconf 93' lang='lat' dir='ltr'>in</span> 
     </span>
     <span class='ocr_line' id='line_1_20' title="bbox 374 2478 2386 2564; baseline 0 -17"><span class='ocrx_word' id='word_1_272' title='bbox 374 2481 433 2547; x_wconf 92' lang='lat' dir='ltr'>sed</span> <span class='ocrx_word' id='word_1_273' title='bbox 459 2482 506 2545; x_wconf 91' lang='lat' dir='ltr'>ita</span> <span class='ocrx_word' id='word_1_274' title='bbox 537 2481 645 2563; x_wconf 87' lang='lat' dir='ltr'>placet</span> <span class='ocrx_word' id='word_1_275' title='bbox 674 2480 723 2545; x_wconf 92' lang='lat' dir='ltr'>illi</span> <span class='ocrx_word' id='word_1_276' title='bbox 754 2481 933 2563; x_wconf 88' lang='lat' dir='ltr'>approbare</span> <span class='ocrx_word' id='word_1_277' title='bbox 965 2485 1165 2562; x_wconf 86' lang='lat' dir='ltr'>quantopere</span> <span class='ocrx_word' id='word_1_278' title='bbox 1191 2478 1282 2542; x_wconf 89' lang='lat' dir='ltr'>cordi</span> <span class='ocrx_word' id='word_1_279' title='bbox 1309 2478 1353 2542; x_wconf 90' lang='lat' dir='ltr'>sit</span> <span class='ocrx_word' id='word_1_280' title='bbox 1407 2478 1650 2544; x_wconf 88' lang='lat' dir='ltr'>damnationem</span> <span class='ocrx_word' id='word_1_281' title='bbox 1683 2479 1807 2558; x_wconf 91' lang='lat' dir='ltr'>meriti,</span> <span class='ocrx_word' id='word_1_282' title='bbox 1841 2479 1998 2562; x_wconf 91' lang='lat' dir='ltr'>quidquid</span> <span class='ocrx_word' id='word_1_283' title='bbox 2030 2483 2165 2564; x_wconf 85' lang='lat' dir='ltr'>cogitat,</span> <span class='ocrx_word' id='word_1_284' title='bbox 2198 2481 2386 2561; x_wconf 74' lang='lat' dir='ltr'>meditatim,</span> 
     </span>
     <span class='ocr_line' id='line_1_21' title="bbox 376 2563 2386 2650; baseline 0 -17"><span class='ocrx_word' id='word_1_285' title='bbox 376 2566 438 2633; x_wconf 89' lang='lat' dir='ltr'>sibi</span> <span class='ocrx_word' id='word_1_286' title='bbox 466 2587 546 2633; x_wconf 88' lang='lat' dir='ltr'>vera</span> <span class='ocrx_word' id='word_1_287' title='bbox 573 2567 707 2646; x_wconf 88' lang='lat' dir='ltr'>iustitia,</span> <span class='ocrx_word' id='word_1_288' title='bbox 738 2565 818 2630; x_wconf 91' lang='lat' dir='ltr'>dum</span> <span class='ocrx_word' id='word_1_289' title='bbox 840 2571 1011 2630; x_wconf 83' lang='lat' dir='ltr'>externam</span> <span class='ocrx_word' id='word_1_290' title='bbox 1038 2585 1165 2648; x_wconf 90' lang='lat' dir='ltr'>quoque</span> <span class='ocrx_word' id='word_1_291' title='bbox 1192 2570 1226 2628; x_wconf 91' lang='grc'>11</span> <span class='ocrx_word' id='word_1_292' title='bbox 1252 2563 1353 2628; x_wconf 90' lang='lat' dir='ltr'>simu·</span> <span class='ocrx_word' id='word_1_293' title='bbox 1405 2565 1533 2646; x_wconf 89' lang='lat' dir='ltr'>perficit</span> <span class='ocrx_word' id='word_1_294' title='bbox 1563 2564 1677 2643; x_wconf 90' lang='lat' dir='ltr'>homo,</span> <span class='ocrx_word' id='word_1_295' title='bbox 1711 2571 1888 2648; x_wconf 87' lang='lat' dir='ltr'>antequam</span> <span class='ocrx_word' id='word_1_296' title='bbox 1915 2566 1987 2630; x_wconf 90' lang='lat' dir='ltr'>Dec</span> <span class='ocrx_word' id='word_1_297' title='bbox 2019 2588 2078 2650; x_wconf 91' lang='lat' dir='ltr'>per</span> <span class='ocrx_word' id='word_1_298' title='bbox 2109 2567 2210 2631; x_wconf 90' lang='lat' dir='ltr'>fidem</span> <span class='ocrx_word' id='word_1_299' title='bbox 2241 2568 2386 2634; x_wconf 88' lang='lat' dir='ltr'>reconoi-</span> 
     </span>
     <span class='ocr_line' id='line_1_22' title="bbox 374 2648 2383 2736; baseline 0 -19"><span class='ocrx_word' id='word_1_300' title='bbox 374 2653 478 2718; x_wconf 90' lang='lat' dir='ltr'>latam</span> <span class='ocrx_word' id='word_1_301' title='bbox 503 2652 676 2735; x_wconf 86' lang='lat' dir='ltr'>temporali</span> <span class='ocrx_word' id='word_1_302' title='bbox 701 2651 964 2716; x_wconf 84' lang='lat' dir='ltr'>remuneratione</span> <span class='ocrx_word' id='word_1_303' title='bbox 988 2671 1099 2715; x_wconf 89' lang='lat' dir='ltr'>carere</span> <span class='ocrx_word' id='word_1_304' title='bbox 1125 2671 1193 2715; x_wconf 92' lang='lat' dir='ltr'>non</span> <span class='ocrx_word' id='word_1_305' title='bbox 1219 2650 1350 2732; x_wconf 88' lang='lat' dir='ltr'>patitur.</span> <span class='ocrx_word' id='word_1_306' title='bbox 1404 2648 1513 2714; x_wconf 85' lang='grc'><strong>1111111.</strong></span> <span class='ocrx_word' id='word_1_307' title='bbox 1556 2650 1604 2714; x_wconf 83' lang='grc' dir='ltr'>Ε1</span> <span class='ocrx_word' id='word_1_308' title='bbox 1624 2648 1704 2732; x_wconf 93' lang='lat' dir='ltr'>quid</span> <span class='ocrx_word' id='word_1_309' title='bbox 1725 2657 1883 2732; x_wconf 86' lang='lat' dir='ltr'>tanquam</span> <span class='ocrx_word' id='word_1_310' title='bbox 1911 2649 1951 2716; x_wconf 91' lang='lat' dir='ltr'>de</span> <span class='ocrx_word' id='word_1_311' title='bbox 1978 2674 2015 2717; x_wconf 91' lang='lat' dir='ltr'>re</span> <span class='ocrx_word' id='word_1_312' title='bbox 2043 2652 2142 2718; x_wconf 90' lang='lat' dir='ltr'>dubia</span> <span class='ocrx_word' id='word_1_313' title='bbox 2168 2653 2383 2736; x_wconf 89' lang='lat' dir='ltr'>disputamus,</span> 
     </span>
     <span class='ocr_line' id='line_1_23' title="bbox 375 2733 2385 2822; baseline 0 -18"><span class='ocrx_word' id='word_1_314' title='bbox 375 2738 472 2805; x_wconf 90' lang='lat' dir='ltr'>Unde</span> <span class='ocrx_word' id='word_1_315' title='bbox 551 2739 640 2804; x_wconf 90' lang='lat' dir='ltr'>uitur</span> <span class='ocrx_word' id='word_1_316' title='bbox 660 2737 747 2821; x_wconf 91' lang='lat' dir='ltr'>quod</span> <span class='ocrx_word' id='word_1_317' title='bbox 767 2758 873 2819; x_wconf 90' lang='lat' dir='ltr'>nuper</span> <span class='ocrx_word' id='word_1_318' title='bbox 894 2735 1032 2801; x_wconf 88' lang='lat' dir='ltr'>confessi</span> <span class='ocrx_word' id='word_1_319' title='bbox 1051 2757 1176 2814; x_wconf 89' lang='lat' dir='ltr'>sumus,</span> <span class='ocrx_word' id='word_1_320' title='bbox 1198 2733 1264 2799; x_wconf 92' lang='lat' dir='ltr'>Dei</span> <span class='ocrx_word' id='word_1_321' title='bbox 1281 2756 1352 2801; x_wconf 89' lang='lat' dir='ltr'>esse</span> <span class='ocrx_word' id='word_1_322' title='bbox 1405 2755 1508 2817; x_wconf 92' lang='lat' dir='ltr'>quum</span> <span class='ocrx_word' id='word_1_323' title='bbox 1528 2735 1596 2799; x_wconf 90' lang='lat' dir='ltr'>iam</span> <span class='ocrx_word' id='word_1_324' title='bbox 1614 2735 1788 2818; x_wconf 90' lang='lat' dir='ltr'>probatum</span> <span class='ocrx_word' id='word_1_325' title='bbox 1816 2737 1859 2802; x_wconf 92' lang='lat' dir='ltr'>sit</span> <span class='ocrx_word' id='word_1_326' title='bbox 1885 2738 2071 2803; x_wconf 89' lang='lat' dir='ltr'>testimonio</span> <span class='ocrx_word' id='word_1_327' title='bbox 2093 2739 2240 2821; x_wconf 89' lang='lat' dir='ltr'>apostoli,</span> <span class='ocrx_word' id='word_1_328' title='bbox 2263 2740 2385 2822; x_wconf 87' lang='lat' dir='ltr'>impos·</span> 
     </span>
     <span class='ocr_line' id='line_1_24' title="bbox 375 2820 2384 2974; baseline 0.001 -86"><span class='ocrx_word' id='word_1_329' title='bbox 375 2823 462 2889; x_wconf 91' lang='lat' dir='ltr'>dona</span> <span class='ocrx_word' id='word_1_330' title='bbox 478 2845 522 2907; x_wconf 92' lang='lat' dir='ltr'>qu</span> <span class='ocrx_word' id='word_1_331' title='bbox 555 2844 720 2974; x_wconf 72' lang='lat' dir='ltr'>escunpue</span> <span class='ocrx_word' id='word_1_332' title='bbox 736 2824 816 2888; x_wconf 90' lang='lat' dir='ltr'>istas</span> <span class='ocrx_word' id='word_1_333' title='bbox 830 2822 972 2888; x_wconf 85' lang='lat' dir='ltr'>virtutes</span> <span class='ocrx_word' id='word_1_334' title='bbox 989 2828 1047 2886; x_wconf 89' lang='lat' dir='ltr'>aut</span> <span class='ocrx_word' id='word_1_335' title='bbox 1063 2823 1226 2887; x_wconf 77' lang='lat' dir='ltr'>virtutum</span> <span class='ocrx_word' id='word_1_336' title='bbox 1242 2822 1353 2904; x_wconf 90' lang='lat' dir='ltr'>potius</span> <span class='ocrx_word' id='word_1_337' title='bbox 1405 2820 1499 2885; x_wconf 91' lang='lat' dir='ltr'>sibile</span> <span class='ocrx_word' id='word_1_338' title='bbox 1519 2841 1590 2905; x_wconf 82' lang='lat' dir='ltr'>esse</span> <span class='ocrx_word' id='word_1_339' title='bbox 1611 2827 1649 2885; x_wconf 90' lang='lat' dir='ltr'>ut</span> <span class='ocrx_word' id='word_1_340' title='bbox 1670 2820 1742 2885; x_wconf 90' lang='lat' dir='ltr'>sine</span> <span class='ocrx_word' id='word_1_341' title='bbox 1757 2820 1823 2886; x_wconf 89' lang='lat' dir='ltr'>fide</span> <span class='ocrx_word' id='word_1_342' title='bbox 1840 2823 2001 2904; x_wconf 89' lang='lat' dir='ltr'>quispiam</span> <span class='ocrx_word' id='word_1_343' title='bbox 2022 2824 2150 2906; x_wconf 87' lang='lat' dir='ltr'>placeat</span> <span class='ocrx_word' id='word_1_344' title='bbox 2170 2825 2243 2889; x_wconf 92' lang='lat' dir='ltr'>Dec</span> <span class='ocrx_word' id='word_1_345' title='bbox 2265 2824 2384 2910; x_wconf 87' lang='lat' dir='ltr'>(Hebr.</span> 
     </span>
     <span class='ocr_line' id='line_1_25' title="bbox 374 2905 1536 2993; baseline -0.004 -19"><span class='ocrx_word' id='word_1_346' title='bbox 374 2910 543 2993; x_wconf 88' lang='lat' dir='ltr'>imagines,</span> <span class='ocrx_word' id='word_1_347' title='bbox 566 2929 653 2993; x_wconf 90' lang='lat' dir='ltr'>quan</span> <span class='ocrx_word' id='word_1_348' title='bbox 676 2930 696 2973; x_wconf 92' lang='lat' dir='ltr'>o</span> <span class='ocrx_word' id='word_1_349' title='bbox 718 2909 803 2974; x_wconf 89' lang='lat' dir='ltr'>nibil</span> <span class='ocrx_word' id='word_1_350' title='bbox 820 2914 870 2973; x_wconf 89' lang='grc'>111</span> <span class='ocrx_word' id='word_1_351' title='bbox 887 2907 955 2971; x_wconf 94' lang='lat' dir='ltr'>ullo</span> <span class='ocrx_word' id='word_1_352' title='bbox 972 2906 1069 2972; x_wconf 91' lang='lat' dir='ltr'>modo</span> <span class='ocrx_word' id='word_1_353' title='bbox 1085 2906 1249 2972; x_wconf 89' lang='lat' dir='ltr'>laudabile</span> <span class='ocrx_word' id='word_1_354' title='bbox 1267 2906 1353 2990; x_wconf 90' lang='lat' dir='ltr'>quod</span> <span class='ocrx_word' id='word_1_355' title='bbox 1409 2910 1457 2985; x_wconf 94' lang='grc'>11,</span> <span class='ocrx_word' id='word_1_356' title='bbox 1478 2905 1536 2989; x_wconf 82' lang='lat'>6)?</span> 
     </span>
     <span class='ocr_line' id='line_1_26' title="bbox 374 2990 2386 3077; baseline 0 -17"><span class='ocrx_word' id='word_1_357' title='bbox 374 3017 440 3061; x_wconf 93' lang='lat' dir='ltr'>non</span> <span class='ocrx_word' id='word_1_358' title='bbox 463 2994 504 3060; x_wconf 90' lang='lat' dir='ltr'>ab</span> <span class='ocrx_word' id='word_1_359' title='bbox 525 2996 596 3077; x_wconf 91' lang='lat' dir='ltr'>ipso</span> <span class='ocrx_word' id='word_1_360' title='bbox 617 2994 850 3077; x_wconf 88' lang='lat' dir='ltr'>proficiscatur.</span> <span class='ocrx_word' id='word_1_361' title='bbox 1492 2996 1521 3057; x_wconf 86' lang='lat'>5.</span> <span class='ocrx_word' id='word_1_362' title='bbox 1567 2990 1636 3058; x_wconf 80' lang='lat' dir='ltr'>Sed</span> <span class='ocrx_word' id='word_1_363' title='bbox 1662 2992 1812 3075; x_wconf 89' lang='lat' dir='ltr'>probatio</span> <span class='ocrx_word' id='word_1_364' title='bbox 1833 2993 2014 3057; x_wconf 84' lang='lat' dir='ltr'>etiamnum</span> <span class='ocrx_word' id='word_1_365' title='bbox 2040 2994 2184 3076; x_wconf 88' lang='lat' dir='ltr'>apertior</span> <span class='ocrx_word' id='word_1_366' title='bbox 2209 2994 2331 3060; x_wconf 89' lang='lat' dir='ltr'>lucebit</span> <span class='ocrx_word' id='word_1_367' title='bbox 2357 2997 2386 3062; x_wconf 90' lang='lat' dir='ltr'>si</span> 
     </span>
     <span class='ocr_line' id='line_1_27' title="bbox 461 3076 2385 3163; baseline 0.001 -19"><span class='ocrx_word' id='word_1_368' title='bbox 461 3085 490 3144; x_wconf 88' lang='lat'>3.</span> <span class='ocrx_word' id='word_1_369' title='bbox 534 3080 637 3163; x_wconf 88' lang='lat' dir='ltr'>Atqui</span> <span class='ocrx_word' id='word_1_370' title='bbox 663 3079 879 3146; x_wconf 89' lang='lat' dir='ltr'>nihilominus</span> <span class='ocrx_word' id='word_1_371' title='bbox 906 3099 1023 3146; x_wconf 77' lang='lat' dir='ltr'>verum</span> <span class='ocrx_word' id='word_1_372' title='bbox 1050 3085 1101 3144; x_wconf 86' lang='lat' dir='ltr'>est</span> <span class='ocrx_word' id='word_1_373' title='bbox 1127 3076 1215 3161; x_wconf 91' lang='lat' dir='ltr'>quod</span> <span class='ocrx_word' id='word_1_374' title='bbox 1236 3080 1291 3143; x_wconf 81' lang='lat' dir='ltr'>Au</span> <span class='ocrx_word' id='word_1_375' title='bbox 1337 3115 1352 3128; x_wconf 94' lang='lat'>-</span> <span class='ocrx_word' id='word_1_376' title='bbox 1405 3077 1551 3143; x_wconf 87' lang='lat' dir='ltr'>naturali</span> <span class='ocrx_word' id='word_1_377' title='bbox 1583 3078 1728 3143; x_wconf 91' lang='lat' dir='ltr'>hominis</span> <span class='ocrx_word' id='word_1_378' title='bbox 1756 3077 1936 3144; x_wconf 89' lang='lat' dir='ltr'>conditioni</span> <span class='ocrx_word' id='word_1_379' title='bbox 1964 3079 2030 3143; x_wconf 88' lang='lat' dir='ltr'>Dei</span> <span class='ocrx_word' id='word_1_380' title='bbox 2061 3080 2168 3161; x_wconf 88' lang='lat' dir='ltr'>gratia</span> <span class='ocrx_word' id='word_1_381' title='bbox 2200 3101 2219 3144; x_wconf 92' lang='grc'>1</span> <span class='ocrx_word' id='word_1_382' title='bbox 2250 3082 2385 3162; x_wconf 81' lang='lat' dir='ltr'>regione</span> 
     </span>
     <span class='ocr_line' id='line_1_28' title="bbox 375 3162 2385 3252; baseline 0 -21"><span class='ocrx_word' id='word_1_383' title='bbox 375 3166 482 3231; x_wconf 90' lang='lat' dir='ltr'>stinus</span> <span class='ocrx_word' id='word_1_384' title='bbox 499 3165 525 3252; x_wconf 92' lang='lat'>¹)</span> <span class='ocrx_word' id='word_1_385' title='bbox 547 3165 675 3246; x_wconf 90' lang='lat' dir='ltr'>scribit,</span> <span class='ocrx_word' id='word_1_386' title='bbox 703 3186 816 3230; x_wconf 89' lang='lat' dir='ltr'>omnes</span> <span class='ocrx_word' id='word_1_387' title='bbox 839 3186 859 3232; x_wconf 91' lang='lat' dir='ltr'>a</span> <span class='ocrx_word' id='word_1_388' title='bbox 879 3164 947 3230; x_wconf 90' lang='lat' dir='ltr'>Dei</span> <span class='ocrx_word' id='word_1_389' title='bbox 971 3164 1068 3230; x_wconf 89' lang='lat' dir='ltr'>unius</span> <span class='ocrx_word' id='word_1_390' title='bbox 1094 3164 1253 3248; x_wconf 89' lang='lat' dir='ltr'>religione</span> <span class='ocrx_word' id='word_1_391' title='bbox 1309 3166 1354 3229; x_wconf 91' lang='lat' dir='ltr'>&#39;e-</span> <span class='ocrx_word' id='word_1_392' title='bbox 1404 3171 1596 3247; x_wconf 87' lang='lat' dir='ltr'>opponatur.</span> <span class='ocrx_word' id='word_1_393' title='bbox 1641 3162 1773 3229; x_wconf 83' lang='lat' dir='ltr'>Olamat</span> <span class='ocrx_word' id='word_1_394' title='bbox 1794 3163 1882 3229; x_wconf 90' lang='lat' dir='ltr'>enim</span> <span class='ocrx_word' id='word_1_395' title='bbox 1904 3163 2023 3246; x_wconf 92' lang='lat' dir='ltr'>ubique</span> <span class='ocrx_word' id='word_1_396' title='bbox 2045 3165 2215 3246; x_wconf 87' lang='lat' dir='ltr'>scriptura,</span> <span class='ocrx_word' id='word_1_397' title='bbox 2241 3165 2326 3229; x_wconf 91' lang='lat' dir='ltr'>nihil</span> <span class='ocrx_word' id='word_1_398' title='bbox 2348 3167 2385 3231; x_wconf 92' lang='lat' dir='ltr'>in</span> 
     </span>
     <span class='ocr_line' id='line_1_29' title="bbox 257 3248 2458 3334; baseline -0 -19"><span class='ocrx_word' id='word_1_399' title='bbox 257 3297 258 3301; x_wconf 44' lang='lat'><em>=</em></span> <span class='ocrx_word' id='word_1_400' title='bbox 375 3272 445 3330; x_wconf 90' lang='lat' dir='ltr'>nos,</span> <span class='ocrx_word' id='word_1_401' title='bbox 467 3257 633 3334; x_wconf 88' lang='lat' dir='ltr'>uteunque</span> <span class='ocrx_word' id='word_1_402' title='bbox 654 3251 695 3317; x_wconf 93' lang='lat' dir='ltr'>ob</span> <span class='ocrx_word' id='word_1_403' title='bbox 716 3251 849 3317; x_wconf 85' lang='lat' dir='ltr'>virtutis</span> <span class='ocrx_word' id='word_1_404' title='bbox 866 3250 1052 3333; x_wconf 91' lang='lat' dir='ltr'>opinionem</span> <span class='ocrx_word' id='word_1_405' title='bbox 1068 3249 1276 3317; x_wconf 86' lang='lat' dir='ltr'>admirabiles</span> <span class='ocrx_word' id='word_1_406' title='bbox 1293 3250 1353 3314; x_wconf 73' lang='grc'>111</span> <span class='ocrx_word' id='word_1_407' title='bbox 1405 3249 1538 3314; x_wconf 89' lang='lat' dir='ltr'>homine</span> <span class='ocrx_word' id='word_1_408' title='bbox 1564 3251 1677 3315; x_wconf 89' lang='lat' dir='ltr'>Deum</span> <span class='ocrx_word' id='word_1_409' title='bbox 1703 3251 1847 3333; x_wconf 89' lang='lat' dir='ltr'>reperire</span> <span class='ocrx_word' id='word_1_410' title='bbox 1875 3271 1938 3332; x_wconf 89' lang='lat' dir='ltr'>quo</span> <span class='ocrx_word' id='word_1_411' title='bbox 1968 3249 2010 3314; x_wconf 92' lang='lat' dir='ltr'>ad</span> <span class='ocrx_word' id='word_1_412' title='bbox 2035 3248 2304 3315; x_wconf 84' lang='lat' dir='ltr'>benefaciendum</span> <span class='ocrx_word' id='word_1_413' title='bbox 2335 3251 2385 3314; x_wconf 94' lang='lat' dir='ltr'>illi</span> <span class='ocrx_word' id='word_1_414' title='bbox 2455 3250 2458 3255; x_wconf 87' lang='grc'><strong>’</strong></span> 
     </span>
     <span class='ocr_line' id='line_1_30' title="bbox 376 3334 2385 3420; baseline 0 -19"><span class='ocrx_word' id='word_1_415' title='bbox 376 3337 524 3416; x_wconf 60' lang='lat' dir='ltr'>beantur</span> <span class='ocrx_word' id='word_1_416' title='bbox 546 3357 614 3402; x_wconf 91' lang='lat' dir='ltr'>non</span> <span class='ocrx_word' id='word_1_417' title='bbox 634 3336 730 3402; x_wconf 92' lang='lat' dir='ltr'>modo</span> <span class='ocrx_word' id='word_1_418' title='bbox 752 3337 844 3401; x_wconf 89' lang='lat' dir='ltr'>nulla</span> <span class='ocrx_word' id='word_1_419' title='bbox 860 3335 1125 3401; x_wconf 88' lang='lat' dir='ltr'>remuneratione</span> <span class='ocrx_word' id='word_1_420' title='bbox 1146 3335 1272 3420; x_wconf 89' lang='lat' dir='ltr'>dignos,</span> <span class='ocrx_word' id='word_1_421' title='bbox 1295 3334 1354 3401; x_wconf 87' lang='lat' dir='ltr'>sed</span> <span class='ocrx_word' id='word_1_422' title='bbox 1404 3336 1573 3416; x_wconf 89' lang='lat' dir='ltr'>incitetur,</span> <span class='ocrx_word' id='word_1_423' title='bbox 1601 3336 1659 3402; x_wconf 90' lang='lat' dir='ltr'>sed</span> <span class='ocrx_word' id='word_1_424' title='bbox 1685 3336 1831 3420; x_wconf 71' lang='lat' dir='ltr'>gratrma</span> <span class='ocrx_word' id='word_1_425' title='bbox 1857 3357 1918 3401; x_wconf 89' lang='lat' dir='ltr'>sua</span> <span class='ocrx_word' id='word_1_426' title='bbox 1943 3336 2147 3418; x_wconf 86' lang='lat' dir='ltr'>benignitate</span> <span class='ocrx_word' id='word_1_427' title='bbox 2172 3335 2268 3399; x_wconf 92' lang='lat' dir='ltr'>illum</span> <span class='ocrx_word' id='word_1_428' title='bbox 2289 3355 2385 3417; x_wconf 86' lang='lat' dir='ltr'>prae-</span> 
     </span>
     <span class='ocr_line' id='line_1_31' title="bbox 376 3419 2385 3506; baseline 0.001 -21"><span class='ocrx_word' id='word_1_429' title='bbox 376 3423 481 3506; x_wconf 90' lang='lat' dir='ltr'>magis</span> <span class='ocrx_word' id='word_1_430' title='bbox 513 3423 698 3505; x_wconf 89' lang='lat' dir='ltr'>punitione;</span> <span class='ocrx_word' id='word_1_431' title='bbox 731 3422 817 3506; x_wconf 91' lang='lat' dir='ltr'>quod</span> <span class='ocrx_word' id='word_1_432' title='bbox 848 3442 932 3505; x_wconf 92' lang='lat' dir='ltr'>pura</span> <span class='ocrx_word' id='word_1_433' title='bbox 959 3420 1025 3487; x_wconf 88' lang='lat' dir='ltr'>Dei</span> <span class='ocrx_word' id='word_1_434' title='bbox 1055 3421 1143 3487; x_wconf 85' lang='lat' dir='ltr'>bona</span> <span class='ocrx_word' id='word_1_435' title='bbox 1168 3421 1275 3489; x_wconf 88' lang='lat' dir='ltr'>cordis</span> <span class='ocrx_word' id='word_1_436' title='bbox 1302 3422 1354 3487; x_wconf 91' lang='lat' dir='ltr'>sui</span> <span class='ocrx_word' id='word_1_437' title='bbox 1405 3423 1526 3486; x_wconf 90' lang='lat' dir='ltr'>venire.</span> <span class='ocrx_word' id='word_1_438' title='bbox 1571 3419 1662 3502; x_wconf 90' lang='lat' dir='ltr'>Quid</span> <span class='ocrx_word' id='word_1_439' title='bbox 1683 3422 1773 3487; x_wconf 92' lang='lat' dir='ltr'>enim</span> <span class='ocrx_word' id='word_1_440' title='bbox 1792 3420 1834 3486; x_wconf 87' lang='lat' dir='ltr'>ad</span> <span class='ocrx_word' id='word_1_441' title='bbox 1855 3422 1961 3488; x_wconf 76' lang='lat' dir='ltr'>vitam</span> <span class='ocrx_word' id='word_1_442' title='bbox 1981 3421 2084 3504; x_wconf 86' lang='lat' dir='ltr'>possit</span> <span class='ocrx_word' id='word_1_443' title='bbox 2106 3420 2277 3486; x_wconf 86' lang='lat' dir='ltr'>mortuus?</span> <span class='ocrx_word' id='word_1_444' title='bbox 2322 3423 2385 3487; x_wconf 82' lang='lat' dir='ltr'>At-</span> 
     </span>
     <span class='ocr_line' id='line_1_32' title="bbox 375 3506 2386 3592; baseline 0 -21"><span class='ocrx_word' id='word_1_445' title='bbox 375 3508 553 3591; x_wconf 89' lang='lat' dir='ltr'>pollutione</span> <span class='ocrx_word' id='word_1_446' title='bbox 575 3509 809 3574; x_wconf 83' lang='lat' dir='ltr'>contaminant</span> <span class='ocrx_word' id='word_1_447' title='bbox 853 3508 928 3571; x_wconf 79' lang='lat' dir='ltr'>Etsi</span> <span class='ocrx_word' id='word_1_448' title='bbox 946 3507 1035 3571; x_wconf 91' lang='lat' dir='ltr'>enim</span> <span class='ocrx_word' id='word_1_449' title='bbox 1051 3507 1117 3572; x_wconf 91' lang='lat' dir='ltr'>Dei</span> <span class='ocrx_word' id='word_1_450' title='bbox 1133 3507 1354 3573; x_wconf 86' lang='lat' dir='ltr'>instrumenta</span> <span class='ocrx_word' id='word_1_451' title='bbox 1404 3509 1462 3590; x_wconf 91' lang='lat' dir='ltr'>qui</span> <span class='ocrx_word' id='word_1_452' title='bbox 1495 3508 1574 3573; x_wconf 91' lang='lat' dir='ltr'>dum</span> <span class='ocrx_word' id='word_1_453' title='bbox 1605 3508 1657 3573; x_wconf 90' lang='lat' dir='ltr'>sui</span> <span class='ocrx_word' id='word_1_454' title='bbox 1688 3507 1873 3592; x_wconf 88' lang='lat' dir='ltr'>cognitione</span> <span class='ocrx_word' id='word_1_455' title='bbox 1905 3528 1966 3572; x_wconf 92' lang='lat' dir='ltr'>nos</span> <span class='ocrx_word' id='word_1_456' title='bbox 1997 3506 2179 3586; x_wconf 90' lang='lat' dir='ltr'>illuminat,</span> <span class='ocrx_word' id='word_1_457' title='bbox 2213 3506 2333 3572; x_wconf 89' lang='lat' dir='ltr'>dieitur</span> <span class='ocrx_word' id='word_1_458' title='bbox 2365 3529 2386 3572; x_wconf 89' lang='lat' dir='ltr'>a</span> 
     </span>
     <span class='ocr_line' id='line_1_33' title="bbox 376 3593 2383 3676; baseline 0.001 -20"><span class='ocrx_word' id='word_1_459' title='bbox 376 3600 454 3657; x_wconf 90' lang='lat' dir='ltr'>sunt</span> <span class='ocrx_word' id='word_1_460' title='bbox 482 3593 524 3658; x_wconf 90' lang='lat' dir='ltr'>ad</span> <span class='ocrx_word' id='word_1_461' title='bbox 552 3594 822 3672; x_wconf 87' lang='lat' dir='ltr'>conservandam,</span> <span class='ocrx_word' id='word_1_462' title='bbox 856 3593 995 3671; x_wconf 87' lang='lat' dir='ltr'>iustitia,</span> <span class='ocrx_word' id='word_1_463' title='bbox 1023 3593 1240 3673; x_wconf 85' lang='lat' dir='ltr'>continentia,</span> <span class='ocrx_word' id='word_1_464' title='bbox 1270 3593 1353 3657; x_wconf 90' lang='lat' dir='ltr'>ami·</span> <span class='ocrx_word' id='word_1_465' title='bbox 1404 3599 1511 3659; x_wconf 88' lang='lat' dir='ltr'>morte</span> <span class='ocrx_word' id='word_1_466' title='bbox 1532 3593 1700 3671; x_wconf 87' lang='lat' dir='ltr'>suscitare,</span> <span class='ocrx_word' id='word_1_467' title='bbox 1723 3613 1761 3658; x_wconf 87' lang='lat' dir='ltr'>ao</span> <span class='ocrx_word' id='word_1_468' title='bbox 1782 3614 1903 3660; x_wconf 81' lang='lat' dir='ltr'>novam</span> <span class='ocrx_word' id='word_1_469' title='bbox 1924 3601 2109 3658; x_wconf 88' lang='lat' dir='ltr'>creaturam</span> <span class='ocrx_word' id='word_1_470' title='bbox 2127 3593 2234 3658; x_wconf 85' lang='lat' dir='ltr'>facere</span> <span class='ocrx_word' id='word_1_471' title='bbox 2252 3593 2383 3676; x_wconf 87' lang='lat' dir='ltr'>(Ioann.</span> 
     </span>
     <span class='ocr_line' id='line_1_34' title="bbox 377 3677 2384 3764; baseline 0 -20"><span class='ocrx_word' id='word_1_472' title='bbox 377 3679 467 3757; x_wconf 86' lang='grc'><strong>11111,</strong></span> <span class='ocrx_word' id='word_1_473' title='bbox 489 3680 721 3762; x_wconf 81' lang='lat' dir='ltr'>temperantia,</span> <span class='ocrx_word' id='word_1_474' title='bbox 744 3678 949 3756; x_wconf 85' lang='lat' dir='ltr'>fortitudine,</span> <span class='ocrx_word' id='word_1_475' title='bbox 970 3677 1159 3759; x_wconf 89' lang='lat' dir='ltr'>prudentia,</span> <span class='ocrx_word' id='word_1_476' title='bbox 1181 3679 1353 3744; x_wconf 89' lang='lat' dir='ltr'>hominum</span> <span class='ocrx_word' id='word_1_477' title='bbox 1406 3682 1436 3756; x_wconf 85' lang='grc'>5,</span> <span class='ocrx_word' id='word_1_478' title='bbox 1455 3678 1522 3764; x_wconf 88' lang='grc'><strong>25).</strong></span> <span class='ocrx_word' id='word_1_479' title='bbox 1565 3679 1640 3745; x_wconf 89' lang='grc' dir='ltr'>Η11</span> <span class='ocrx_word' id='word_1_480' title='bbox 1666 3677 1828 3761; x_wconf 89' lang='lat' dir='ltr'>siquidem</span> <span class='ocrx_word' id='word_1_481' title='bbox 1849 3678 1945 3743; x_wconf 89' lang='lat' dir='ltr'>titulo</span> <span class='ocrx_word' id='word_1_482' title='bbox 1967 3679 2175 3761; x_wconf 82' lang='lat' dir='ltr'>(praesertim</span> <span class='ocrx_word' id='word_1_483' title='bbox 2197 3678 2284 3760; x_wconf 87' lang='lat' dir='ltr'>apud</span> <span class='ocrx_word' id='word_1_484' title='bbox 2306 3699 2384 3762; x_wconf 90' lang='lat' dir='ltr'>apo-</span> 
     </span>
     <span class='ocr_line' id='line_1_35' title="bbox 377 3763 2384 3848; baseline 0 -19"><span class='ocrx_word' id='word_1_485' title='bbox 377 3765 580 3845; x_wconf 88' lang='lat' dir='ltr'>sooietatem,</span> <span class='ocrx_word' id='word_1_486' title='bbox 602 3764 687 3829; x_wconf 91' lang='lat' dir='ltr'>bona</span> <span class='ocrx_word' id='word_1_487' title='bbox 708 3772 819 3829; x_wconf 89' lang='lat' dir='ltr'>tamen</span> <span class='ocrx_word' id='word_1_488' title='bbox 840 3763 921 3829; x_wconf 90' lang='lat' dir='ltr'>haec</span> <span class='ocrx_word' id='word_1_489' title='bbox 939 3763 1004 3828; x_wconf 89' lang='lat' dir='ltr'>Dei</span> <span class='ocrx_word' id='word_1_490' title='bbox 1021 3784 1120 3846; x_wconf 91' lang='lat' dir='ltr'>opera</span> <span class='ocrx_word' id='word_1_491' title='bbox 1136 3765 1353 3847; x_wconf 68' lang='grc'><strong>1111111111-</strong></span> <span class='ocrx_word' id='word_1_492' title='bbox 1405 3764 1541 3848; x_wconf 88' lang='lat' dir='ltr'>stolum)</span> <span class='ocrx_word' id='word_1_493' title='bbox 1561 3764 1713 3831; x_wconf 84' lang='lat' dir='ltr'>videmus</span> <span class='ocrx_word' id='word_1_494' title='bbox 1739 3785 1837 3847; x_wconf 88' lang='lat' dir='ltr'>saepe</span> <span class='ocrx_word' id='word_1_495' title='bbox 1861 3764 1928 3829; x_wconf 89' lang='lat' dir='ltr'>Dei</span> <span class='ocrx_word' id='word_1_496' title='bbox 1954 3785 2034 3848; x_wconf 89' lang='lat' dir='ltr'>erga</span> <span class='ocrx_word' id='word_1_497' title='bbox 2060 3784 2120 3828; x_wconf 92' lang='lat' dir='ltr'>nos</span> <span class='ocrx_word' id='word_1_498' title='bbox 2147 3763 2384 3847; x_wconf 85' lang='lat' dir='ltr'>benignitatem</span> 
     </span>
     <span class='ocr_line' id='line_1_36' title="bbox 377 3847 2384 3933; baseline 0.001 -20"><span class='ocrx_word' id='word_1_499' title='bbox 377 3857 573 3931; x_wconf 81' lang='lat' dir='ltr'>sequuntur3</span> <span class='ocrx_word' id='word_1_500' title='bbox 604 3851 773 3932; x_wconf 88' lang='lat' dir='ltr'>quianon</span> <span class='ocrx_word' id='word_1_501' title='bbox 801 3850 928 3915; x_wconf 91' lang='lat' dir='ltr'>sincero</span> <span class='ocrx_word' id='word_1_502' title='bbox 957 3848 1035 3913; x_wconf 92' lang='lat' dir='ltr'>boni</span> <span class='ocrx_word' id='word_1_503' title='bbox 1057 3847 1181 3928; x_wconf 89' lang='lat' dir='ltr'>studio,</span> <span class='ocrx_word' id='word_1_504' title='bbox 1214 3849 1352 3916; x_wconf 85' lang='lat' dir='ltr'>sedvel</span> <span class='ocrx_word' id='word_1_505' title='bbox 1405 3849 1635 3915; x_wconf 84' lang='lat' dir='ltr'>commendari.</span> <span class='ocrx_word' id='word_1_506' title='bbox 1678 3849 1781 3930; x_wconf 87' lang='lat' dir='ltr'>Deus,</span> <span class='ocrx_word' id='word_1_507' title='bbox 1809 3850 1924 3933; x_wconf 90' lang='lat' dir='ltr'>inquit,</span> <span class='ocrx_word' id='word_1_508' title='bbox 1953 3851 2008 3932; x_wconf 91' lang='lat' dir='ltr'>qui</span> <span class='ocrx_word' id='word_1_509' title='bbox 2030 3849 2121 3915; x_wconf 90' lang='lat' dir='ltr'>dives</span> <span class='ocrx_word' id='word_1_510' title='bbox 2149 3856 2200 3915; x_wconf 90' lang='lat' dir='ltr'>est</span> <span class='ocrx_word' id='word_1_511' title='bbox 2228 3851 2264 3913; x_wconf 93' lang='lat' dir='ltr'>in</span> <span class='ocrx_word' id='word_1_512' title='bbox 2285 3850 2384 3916; x_wconf 91' lang='lat' dir='ltr'>mise-</span> 
     </span>
     <span class='ocr_line' id='line_1_37' title="bbox 377 3933 2383 4018; baseline 0.002 -20"><span class='ocrx_word' id='word_1_513' title='bbox 377 3935 447 3998; x_wconf 88' lang='lat' dir='ltr'>sola</span> <span class='ocrx_word' id='word_1_514' title='bbox 468 3934 658 4014; x_wconf 89' lang='lat' dir='ltr'>ambitione,</span> <span class='ocrx_word' id='word_1_515' title='bbox 681 3936 735 4001; x_wconf 90' lang='lat' dir='ltr'>vel</span> <span class='ocrx_word' id='word_1_516' title='bbox 756 3955 866 4000; x_wconf 87' lang='lat' dir='ltr'>amore</span> <span class='ocrx_word' id='word_1_517' title='bbox 888 3935 953 4013; x_wconf 91' lang='lat' dir='ltr'>sui,</span> <span class='ocrx_word' id='word_1_518' title='bbox 975 3934 1113 3999; x_wconf 79' lang='grc'><strong>1111111</strong></span> <span class='ocrx_word' id='word_1_519' title='bbox 1157 3935 1250 4000; x_wconf 89' lang='lat' dir='ltr'>uovis</span> <span class='ocrx_word' id='word_1_520' title='bbox 1272 3935 1353 4000; x_wconf 93' lang='lat' dir='ltr'>obli·</span> <span class='ocrx_word' id='word_1_521' title='bbox 1404 3935 1560 4014; x_wconf 86' lang='lat' dir='ltr'>ricordio,</span> <span class='ocrx_word' id='word_1_522' title='bbox 1584 3941 1717 4018; x_wconf 89' lang='lat' dir='ltr'>propter</span> <span class='ocrx_word' id='word_1_523' title='bbox 1738 3933 1879 4000; x_wconf 85' lang='lat' dir='ltr'>multam</span> <span class='ocrx_word' id='word_1_524' title='bbox 1899 3936 2069 4000; x_wconf 86' lang='lat' dir='ltr'>caritatem</span> <span class='ocrx_word' id='word_1_525' title='bbox 2091 3955 2155 4018; x_wconf 89' lang='lat' dir='ltr'>qua</span> <span class='ocrx_word' id='word_1_526' title='bbox 2176 3935 2294 4000; x_wconf 87' lang='lat' dir='ltr'>dilexit</span> <span class='ocrx_word' id='word_1_527' title='bbox 2313 3957 2383 4016; x_wconf 92' lang='lat' dir='ltr'>nos,</span> 
     </span>
     <span class='ocr_line' id='line_1_38' title="bbox 377 3957 2385 4104; baseline 0.001 -21"><span class='ocrx_word' id='word_1_528' title='bbox 377 4041 439 4102; x_wconf 90' lang='lat' dir='ltr'>quo</span> <span class='ocrx_word' id='word_1_529' title='bbox 457 4021 575 4085; x_wconf 88' lang='lat' dir='ltr'>affectu</span> <span class='ocrx_word' id='word_1_530' title='bbox 592 4023 802 4086; x_wconf 89' lang='lat' dir='ltr'>continentur</span> <span class='ocrx_word' id='word_1_531' title='bbox 821 4039 841 4084; x_wconf 93' lang='lat' dir='ltr'>a</span> <span class='ocrx_word' id='word_1_532' title='bbox 857 4020 943 4084; x_wconf 86' lang='lat' dir='ltr'>male</span> <span class='ocrx_word' id='word_1_533' title='bbox 965 4020 1101 4103; x_wconf 86' lang='lat' dir='ltr'>agendo.</span> <span class='ocrx_word' id='word_1_534' title='bbox 1135 3957 1252 4100; x_wconf 77' lang='lat' dir='ltr'>Quum</span> <span class='ocrx_word' id='word_1_535' title='bbox 1274 4041 1352 4104; x_wconf 92' lang='lat' dir='ltr'>ergo</span> <span class='ocrx_word' id='word_1_536' title='bbox 1405 4023 1505 4086; x_wconf 82' lang='lat' dir='ltr'>etiam</span> <span class='ocrx_word' id='word_1_537' title='bbox 1525 4043 1626 4104; x_wconf 90' lang='lat' dir='ltr'>quum</span> <span class='ocrx_word' id='word_1_538' title='bbox 1648 4041 1794 4085; x_wconf 89' lang='lat' dir='ltr'>essemus</span> <span class='ocrx_word' id='word_1_539' title='bbox 1815 4021 1939 4086; x_wconf 90' lang='lat' dir='ltr'>mortui</span> <span class='ocrx_word' id='word_1_540' title='bbox 1959 4021 2118 4104; x_wconf 86' lang='lat' dir='ltr'>peccatis,</span> <span class='ocrx_word' id='word_1_541' title='bbox 2141 4021 2385 4088; x_wconf 82' lang='lat' dir='ltr'>convivificavit</span> 
     </span>
     <span class='ocr_line' id='line_1_39' title="bbox 376 4104 2383 4191; baseline 0.001 -22"><span class='ocrx_word' id='word_1_542' title='bbox 376 4105 417 4169; x_wconf 92' lang='lat' dir='ltr'>ab</span> <span class='ocrx_word' id='word_1_543' title='bbox 440 4108 512 4188; x_wconf 91' lang='lat' dir='ltr'>ipsa</span> <span class='ocrx_word' id='word_1_544' title='bbox 532 4107 639 4172; x_wconf 90' lang='lat' dir='ltr'>cordis</span> <span class='ocrx_word' id='word_1_545' title='bbox 659 4106 863 4189; x_wconf 83' lang='lat' dir='ltr'>impuritate,</span> <span class='ocrx_word' id='word_1_546' title='bbox 886 4106 977 4170; x_wconf 89' lang='lat' dir='ltr'>velut</span> <span class='ocrx_word' id='word_1_547' title='bbox 998 4126 1018 4169; x_wconf 92' lang='lat' dir='ltr'>a</span> <span class='ocrx_word' id='word_1_548' title='bbox 1039 4126 1099 4171; x_wconf 84' lang='lat' dir='ltr'>sua</span> <span class='ocrx_word' id='word_1_549' title='bbox 1119 4106 1258 4189; x_wconf 91' lang='lat' dir='ltr'>origine,</span> <span class='ocrx_word' id='word_1_550' title='bbox 1280 4127 1352 4172; x_wconf 91' lang='lat' dir='ltr'>cor·</span> <span class='ocrx_word' id='word_1_551' title='bbox 1405 4127 1466 4171; x_wconf 92' lang='lat' dir='ltr'>nos</span> <span class='ocrx_word' id='word_1_552' title='bbox 1497 4108 1533 4172; x_wconf 92' lang='lat' dir='ltr'>in</span> <span class='ocrx_word' id='word_1_553' title='bbox 1558 4104 1692 4171; x_wconf 81' lang='lat' dir='ltr'>Christo</span> <span class='ocrx_word' id='word_1_554' title='bbox 1724 4112 1785 4172; x_wconf 88' lang='lat' dir='ltr'>eto.</span> <span class='ocrx_word' id='word_1_555' title='bbox 1814 4105 1915 4191; x_wconf 85' lang='lat' dir='ltr'>(pr</span> <span class='ocrx_word' id='word_1_556' title='bbox 1942 4109 1972 4187; x_wconf 88' lang='grc'>2,</span> <span class='ocrx_word' id='word_1_557' title='bbox 1997 4105 2042 4191; x_wconf 89' lang='grc'><strong>4).</strong></span> <span class='ocrx_word' id='word_1_558' title='bbox 2087 4104 2179 4170; x_wconf 81' lang='lat' dir='ltr'>Alibi</span> <span class='ocrx_word' id='word_1_559' title='bbox 2211 4106 2290 4172; x_wconf 93' lang='lat' dir='ltr'>dnm</span> <span class='ocrx_word' id='word_1_560' title='bbox 2323 4105 2383 4172; x_wconf 90' lang='lat' dir='ltr'>sub</span> 
     </span>
     <span class='ocr_line' id='line_1_40' title="bbox 376 4190 2382 4276; baseline 0.001 -21"><span class='ocrx_word' id='word_1_561' title='bbox 376 4201 476 4275; x_wconf 87' lang='lat' dir='ltr'>rupta</span> <span class='ocrx_word' id='word_1_562' title='bbox 498 4192 579 4270; x_wconf 87' lang='lat' dir='ltr'>sint,</span> <span class='ocrx_word' id='word_1_563' title='bbox 601 4213 668 4257; x_wconf 91' lang='lat' dir='ltr'>non</span> <span class='ocrx_word' id='word_1_564' title='bbox 690 4191 795 4275; x_wconf 88' lang='lat' dir='ltr'>magis</span> <span class='ocrx_word' id='word_1_565' title='bbox 815 4191 903 4254; x_wconf 90' lang='lat' dir='ltr'>inter</span> <span class='ocrx_word' id='word_1_566' title='bbox 923 4191 1063 4256; x_wconf 82' lang='lat' dir='ltr'>virtutes</span> <span class='ocrx_word' id='word_1_567' title='bbox 1084 4191 1235 4274; x_wconf 89' lang='lat' dir='ltr'>ponenda</span> <span class='ocrx_word' id='word_1_568' title='bbox 1255 4198 1353 4256; x_wconf 90' lang='lat' dir='ltr'>erunt</span> <span class='ocrx_word' id='word_1_569' title='bbox 1404 4199 1483 4276; x_wconf 85' lang='lat' dir='ltr'>typo</span> <span class='ocrx_word' id='word_1_570' title='bbox 1504 4192 1660 4257; x_wconf 85' lang='lat' dir='ltr'>Abrahae</span> <span class='ocrx_word' id='word_1_571' title='bbox 1688 4191 1877 4274; x_wconf 90' lang='lat' dir='ltr'>generalem</span> <span class='ocrx_word' id='word_1_572' title='bbox 1904 4190 2052 4256; x_wconf 81' lang='lat' dir='ltr'>fidebam</span> <span class='ocrx_word' id='word_1_573' title='bbox 2075 4194 2279 4258; x_wconf 85' lang='lat' dir='ltr'>vocationem</span> <span class='ocrx_word' id='word_1_574' title='bbox 2295 4198 2382 4258; x_wconf 87' lang='lat' dir='ltr'>trac·</span> 
     </span>
     <span class='ocr_line' id='line_1_41' title="bbox 377 4276 2382 4361; baseline 0 -21"><span class='ocrx_word' id='word_1_575' title='bbox 377 4298 476 4359; x_wconf 90' lang='lat' dir='ltr'>quam</span> <span class='ocrx_word' id='word_1_576' title='bbox 507 4279 588 4344; x_wconf 81' lang='lat' dir='ltr'>vitia</span> <span class='ocrx_word' id='word_1_577' title='bbox 620 4298 703 4361; x_wconf 89' lang='lat' dir='ltr'>quae</span> <span class='ocrx_word' id='word_1_578' title='bbox 736 4277 776 4341; x_wconf 96' lang='lat' dir='ltr'>ob</span> <span class='ocrx_word' id='word_1_579' title='bbox 809 4276 1002 4341; x_wconf 89' lang='lat' dir='ltr'>affinitatem</span> <span class='ocrx_word' id='word_1_580' title='bbox 1034 4297 1073 4341; x_wconf 85' lang='lat' dir='ltr'>ac</span> <span class='ocrx_word' id='word_1_581' title='bbox 1105 4276 1353 4342; x_wconf 87' lang='lat' dir='ltr'>similitudinem</span> <span class='ocrx_word' id='word_1_582' title='bbox 1404 4284 1469 4357; x_wconf 86' lang='lat' dir='ltr'>tot,</span> <span class='ocrx_word' id='word_1_583' title='bbox 1491 4280 1586 4344; x_wconf 90' lang='lat' dir='ltr'>Deus</span> <span class='ocrx_word' id='word_1_584' title='bbox 1605 4285 1670 4357; x_wconf 90' lang='lat' dir='ltr'>est,</span> <span class='ocrx_word' id='word_1_585' title='bbox 1698 4277 1822 4360; x_wconf 88' lang='lat' dir='ltr'>inquit,</span> <span class='ocrx_word' id='word_1_586' title='bbox 1844 4277 1901 4360; x_wconf 91' lang='lat' dir='ltr'>qui</span> <span class='ocrx_word' id='word_1_587' title='bbox 1920 4277 2067 4343; x_wconf 82' lang='lat' dir='ltr'>vivificat</span> <span class='ocrx_word' id='word_1_588' title='bbox 2087 4284 2248 4357; x_wconf 88' lang='lat' dir='ltr'>mortuos,</span> <span class='ocrx_word' id='word_1_589' title='bbox 2271 4282 2304 4341; x_wconf 90' lang='lat' dir='ltr'>et</span> <span class='ocrx_word' id='word_1_590' title='bbox 2324 4297 2382 4343; x_wconf 85' lang='lat' dir='ltr'>vc·</span> 
     </span>
     <span class='ocr_line' id='line_1_42' title="bbox 375 4361 2380 4447; baseline -0.001 -19"><span class='ocrx_word' id='word_1_591' title='bbox 375 4365 507 4429; x_wconf 85' lang='lat' dir='ltr'>virtutis</span> <span class='ocrx_word' id='word_1_592' title='bbox 524 4364 691 4446; x_wconf 90' lang='lat' dir='ltr'>imponere</span> <span class='ocrx_word' id='word_1_593' title='bbox 708 4363 822 4429; x_wconf 83' lang='lat' dir='ltr'>solent</span> <span class='ocrx_word' id='word_1_594' title='bbox 865 4362 1017 4443; x_wconf 91' lang='lat' dir='ltr'>Denique</span> <span class='ocrx_word' id='word_1_595' title='bbox 1035 4382 1138 4443; x_wconf 91' lang='lat' dir='ltr'>quum</span> <span class='ocrx_word' id='word_1_596' title='bbox 1158 4371 1352 4445; x_wconf 90' lang='lat' dir='ltr'>perpetuum</span> <span class='ocrx_word' id='word_1_597' title='bbox 1404 4369 1458 4428; x_wconf 89' lang='lat' dir='ltr'>cat</span> <span class='ocrx_word' id='word_1_598' title='bbox 1484 4385 1632 4447; x_wconf 86' lang='lat' dir='ltr'>eaquae</span> <span class='ocrx_word' id='word_1_599' title='bbox 1658 4384 1725 4429; x_wconf 90' lang='lat' dir='ltr'>non</span> <span class='ocrx_word' id='word_1_600' title='bbox 1751 4371 1831 4429; x_wconf 93' lang='lat' dir='ltr'>sunt</span> <span class='ocrx_word' id='word_1_601' title='bbox 1856 4370 2014 4446; x_wconf 89' lang='lat' dir='ltr'>tanquam</span> <span class='ocrx_word' id='word_1_602' title='bbox 2040 4363 2112 4427; x_wconf 85' lang='lat' dir='ltr'>sint</span> <span class='ocrx_word' id='word_1_603' title='bbox 2128 4361 2239 4444; x_wconf 85' lang='lat' dir='ltr'>(Rom</span> <span class='ocrx_word' id='word_1_604' title='bbox 2258 4367 2288 4440; x_wconf 83' lang='lat'>4,</span> <span class='ocrx_word' id='word_1_605' title='bbox 2316 4361 2380 4445; x_wconf 86' lang='grc'><strong>17).</strong></span> 
     </span>
     <span class='ocr_line' id='line_1_43' title="bbox 376 4444 2381 4532; baseline -0.001 -19"><span class='ocrx_word' id='word_1_606' title='bbox 376 4470 446 4514; x_wconf 90' lang='lat' dir='ltr'>esse</span> <span class='ocrx_word' id='word_1_607' title='bbox 475 4450 720 4515; x_wconf 90' lang='lat' dir='ltr'>meminerimus</span> <span class='ocrx_word' id='word_1_608' title='bbox 753 4449 834 4514; x_wconf 88' lang='lat' dir='ltr'>recti</span> <span class='ocrx_word' id='word_1_609' title='bbox 860 4450 976 4525; x_wconf 89' lang='lat' dir='ltr'>finem,</span> <span class='ocrx_word' id='word_1_610' title='bbox 1009 4453 1048 4512; x_wconf 90' lang='lat' dir='ltr'>ut</span> <span class='ocrx_word' id='word_1_611' title='bbox 1075 4446 1148 4511; x_wconf 90' lang='lat' dir='ltr'>Deo</span> <span class='ocrx_word' id='word_1_612' title='bbox 1181 4449 1351 4527; x_wconf 80' lang='grc'><strong>1111111111,</strong></span> <span class='ocrx_word' id='word_1_613' title='bbox 1406 4447 1445 4513; x_wconf 79' lang='lat' dir='ltr'>Si</span> <span class='ocrx_word' id='word_1_614' title='bbox 1465 4449 1549 4514; x_wconf 91' lang='lat' dir='ltr'>nihil</span> <span class='ocrx_word' id='word_1_615' title='bbox 1570 4470 1692 4528; x_wconf 84' lang='lat' dir='ltr'>sumus,</span> <span class='ocrx_word' id='word_1_616' title='bbox 1716 4449 1794 4532; x_wconf 91' lang='lat' dir='ltr'>quid</span> <span class='ocrx_word' id='word_1_617' title='bbox 1811 4470 1931 4532; x_wconf 88' lang='lat' dir='ltr'>quaeso</span> <span class='ocrx_word' id='word_1_618' title='bbox 1953 4445 2148 4532; x_wconf 82' lang='lat' dir='ltr'>possumus?</span> <span class='ocrx_word' id='word_1_619' title='bbox 2193 4444 2305 4526; x_wconf 88' lang='lat' dir='ltr'>Quare</span> <span class='ocrx_word' id='word_1_620' title='bbox 2327 4467 2381 4510; x_wconf 87' lang='lat' dir='ltr'>ar·</span> 
     </span>
     <span class='ocr_line' id='line_1_44' title="bbox 375 4531 2381 4618; baseline 0 -22"><span class='ocrx_word' id='word_1_621' title='bbox 375 4533 532 4617; x_wconf 89' lang='lat' dir='ltr'>quidquid</span> <span class='ocrx_word' id='word_1_622' title='bbox 560 4534 625 4600; x_wconf 91' lang='lat' dir='ltr'>alio</span> <span class='ocrx_word' id='word_1_623' title='bbox 657 4533 838 4613; x_wconf 74' lang='lat' dir='ltr'>contendit,</span> <span class='ocrx_word' id='word_1_624' title='bbox 872 4535 939 4598; x_wconf 87' lang='lat' dir='ltr'>iarn</span> <span class='ocrx_word' id='word_1_625' title='bbox 971 4533 1087 4598; x_wconf 90' lang='lat' dir='ltr'>merito</span> <span class='ocrx_word' id='word_1_626' title='bbox 1119 4533 1240 4597; x_wconf 88' lang='lat' dir='ltr'>amittit</span> <span class='ocrx_word' id='word_1_627' title='bbox 1271 4533 1353 4599; x_wconf 88' lang='lat' dir='ltr'>recti</span> <span class='ocrx_word' id='word_1_628' title='bbox 1404 4535 1592 4618; x_wconf 88' lang='lat' dir='ltr'>rogantiam</span> <span class='ocrx_word' id='word_1_629' title='bbox 1612 4536 1709 4600; x_wconf 82' lang='lat' dir='ltr'>istam</span> <span class='ocrx_word' id='word_1_630' title='bbox 1730 4534 1839 4601; x_wconf 78' lang='lat' dir='ltr'>valide</span> <span class='ocrx_word' id='word_1_631' title='bbox 1866 4533 2015 4599; x_wconf 81' lang='lat' dir='ltr'>retrmdit</span> <span class='ocrx_word' id='word_1_632' title='bbox 2034 4532 2198 4597; x_wconf 91' lang='lat' dir='ltr'>Dominus</span> <span class='ocrx_word' id='word_1_633' title='bbox 2219 4532 2255 4595; x_wconf 93' lang='lat' dir='ltr'>in</span> <span class='ocrx_word' id='word_1_634' title='bbox 2277 4531 2381 4597; x_wconf 89' lang='lat' dir='ltr'>histo-</span> 
     </span>
     <span class='ocr_line' id='line_1_45' title="bbox 375 4616 2380 4704; baseline 0 -23"><span class='ocrx_word' id='word_1_635' title='bbox 375 4639 504 4684; x_wconf 90' lang='lat' dir='ltr'>nomen.</span> <span class='ocrx_word' id='word_1_636' title='bbox 550 4619 638 4700; x_wconf 88' lang='lat' dir='ltr'>Quia</span> <span class='ocrx_word' id='word_1_637' title='bbox 670 4641 748 4704; x_wconf 88' lang='lat' dir='ltr'>ergo</span> <span class='ocrx_word' id='word_1_638' title='bbox 780 4641 915 4702; x_wconf 91' lang='lat' dir='ltr'>scopum</span> <span class='ocrx_word' id='word_1_639' title='bbox 945 4639 1014 4683; x_wconf 92' lang='lat' dir='ltr'>non</span> <span class='ocrx_word' id='word_1_640' title='bbox 1043 4618 1223 4701; x_wconf 87' lang='lat' dir='ltr'>respiciunt</span> <span class='ocrx_word' id='word_1_641' title='bbox 1253 4639 1352 4701; x_wconf 92' lang='lat' dir='ltr'>quem</span> <span class='ocrx_word' id='word_1_642' title='bbox 1404 4620 1455 4683; x_wconf 88' lang='lat' dir='ltr'>ria</span> <span class='ocrx_word' id='word_1_643' title='bbox 1476 4620 1550 4699; x_wconf 90' lang='lat' dir='ltr'>Iob,</span> <span class='ocrx_word' id='word_1_644' title='bbox 1572 4621 1610 4684; x_wconf 89' lang='grc'>11</span> <span class='ocrx_word' id='word_1_645' title='bbox 1631 4620 1685 4685; x_wconf 92' lang='lat' dir='ltr'>his</span> <span class='ocrx_word' id='word_1_646' title='bbox 1705 4620 1827 4687; x_wconf 87' lang='lat' dir='ltr'>verbis:</span> <span class='ocrx_word' id='word_1_647' title='bbox 1851 4621 1923 4702; x_wconf 91' lang='lat' dir='ltr'>quis</span> <span class='ocrx_word' id='word_1_648' title='bbox 1944 4618 2116 4702; x_wconf 84' lang='lat' dir='ltr'>praevenit</span> <span class='ocrx_word' id='word_1_649' title='bbox 2136 4637 2205 4696; x_wconf 89' lang='lat' dir='ltr'>me,</span> <span class='ocrx_word' id='word_1_650' title='bbox 2228 4622 2263 4680; x_wconf 89' lang='lat' dir='ltr'>et</span> <span class='ocrx_word' id='word_1_651' title='bbox 2283 4616 2380 4681; x_wconf 89' lang='lat' dir='ltr'>retri-</span> 
     </span>
     <span class='ocr_line' id='line_1_46' title="bbox 376 4700 2380 4788; baseline 0 -21"><span class='ocrx_word' id='word_1_652' title='bbox 376 4703 441 4767; x_wconf 89' lang='lat' dir='ltr'>Dei</span> <span class='ocrx_word' id='word_1_653' title='bbox 463 4707 623 4787; x_wconf 88' lang='lat' dir='ltr'>sapientia</span> <span class='ocrx_word' id='word_1_654' title='bbox 642 4705 850 4788; x_wconf 88' lang='lat' dir='ltr'>praescribit,</span> <span class='ocrx_word' id='word_1_655' title='bbox 879 4705 1011 4770; x_wconf 84' lang='grc'><strong>11111111</strong></span> <span class='ocrx_word' id='word_1_656' title='bbox 1033 4705 1138 4769; x_wconf 90' lang='lat' dir='ltr'>officio</span> <span class='ocrx_word' id='word_1_657' title='bbox 1159 4703 1281 4769; x_wconf 91' lang='lat' dir='ltr'>bonum</span> <span class='ocrx_word' id='word_1_658' title='bbox 1302 4705 1351 4769; x_wconf 83' lang='lat' dir='ltr'>vi-</span> <span class='ocrx_word' id='word_1_659' title='bbox 1404 4704 1505 4770; x_wconf 89' lang='lat' dir='ltr'>buam</span> <span class='ocrx_word' id='word_1_660' title='bbox 1531 4705 1584 4770; x_wconf 80' lang='lat' dir='ltr'>ei?</span> <span class='ocrx_word' id='word_1_661' title='bbox 1619 4706 1729 4770; x_wconf 88' lang='lat' dir='ltr'>omnia</span> <span class='ocrx_word' id='word_1_662' title='bbox 1760 4707 1850 4769; x_wconf 90' lang='lat' dir='ltr'>enim</span> <span class='ocrx_word' id='word_1_663' title='bbox 1881 4725 1956 4769; x_wconf 88' lang='lat' dir='ltr'>mea</span> <span class='ocrx_word' id='word_1_664' title='bbox 1983 4708 2061 4767; x_wconf 90' lang='grc'><strong>11111</strong></span> <span class='ocrx_word' id='word_1_665' title='bbox 2086 4700 2152 4784; x_wconf 83' lang='grc'><strong>(41,</strong></span> <span class='ocrx_word' id='word_1_666' title='bbox 2182 4701 2226 4785; x_wconf 90' lang='grc'><strong>2).</strong></span> <span class='ocrx_word' id='word_1_667' title='bbox 2270 4700 2380 4782; x_wconf 86' lang='lat' dir='ltr'>Quam</span> 
     </span>
     <span class='ocr_line' id='line_1_47' title="bbox 377 4786 2379 4874; baseline 0.001 -23"><span class='ocrx_word' id='word_1_668' title='bbox 377 4786 473 4852; x_wconf 88' lang='lat' dir='ltr'>detur</span> <span class='ocrx_word' id='word_1_669' title='bbox 499 4789 585 4871; x_wconf 88' lang='lat' dir='ltr'>quod</span> <span class='ocrx_word' id='word_1_670' title='bbox 611 4804 727 4874; x_wconf 89' lang='lat' dir='ltr'>agunt,</span> <span class='ocrx_word' id='word_1_671' title='bbox 760 4793 826 4857; x_wconf 90' lang='lat' dir='ltr'>fine</span> <span class='ocrx_word' id='word_1_672' title='bbox 853 4799 965 4857; x_wconf 89' lang='lat' dir='ltr'>tamen</span> <span class='ocrx_word' id='word_1_673' title='bbox 997 4809 1152 4872; x_wconf 87' lang='lat' dir='ltr'>perverso</span> <span class='ocrx_word' id='word_1_674' title='bbox 1204 4795 1352 4855; x_wconf 87' lang='lat' dir='ltr'>occatum</span> <span class='ocrx_word' id='word_1_675' title='bbox 1404 4792 1600 4856; x_wconf 90' lang='lat' dir='ltr'>sententiam</span> <span class='ocrx_word' id='word_1_676' title='bbox 1621 4791 1790 4874; x_wconf 85' lang='lat' dir='ltr'>explicans</span> <span class='ocrx_word' id='word_1_677' title='bbox 1811 4789 1939 4855; x_wconf 89' lang='lat' dir='ltr'>Paulus</span> <span class='ocrx_word' id='word_1_678' title='bbox 1961 4788 2071 4871; x_wconf 90' lang='lat' dir='ltr'>(Rom.</span> <span class='ocrx_word' id='word_1_679' title='bbox 2093 4791 2142 4866; x_wconf 93' lang='lat' dir='ltr'>ll,</span> <span class='ocrx_word' id='word_1_680' title='bbox 2162 4791 2219 4870; x_wconf 87' lang='lat'>35)</span> <span class='ocrx_word' id='word_1_681' title='bbox 2241 4808 2280 4853; x_wconf 89' lang='lat' dir='ltr'>ec</span> <span class='ocrx_word' id='word_1_682' title='bbox 2301 4809 2379 4853; x_wconf 88' lang='lat' dir='ltr'>oon-</span> 
     </span>
     <span class='ocr_line' id='line_1_48' title="bbox 377 4810 2385 4960; baseline 0.002 -23"><span class='ocrx_word' id='word_1_683' title='bbox 377 4886 434 4938; x_wconf 89' lang='lat' dir='ltr'>est.</span> <span class='ocrx_word' id='word_1_684' title='bbox 480 4872 658 4940; x_wconf 76' lang='lat' dir='ltr'>Constituit</span> <span class='ocrx_word' id='word_1_685' title='bbox 683 4879 798 4959; x_wconf 88' lang='lat' dir='ltr'>igitur,</span> <span class='ocrx_word' id='word_1_686' title='bbox 832 4898 944 4943; x_wconf 91' lang='lat' dir='ltr'>omnes</span> <span class='ocrx_word' id='word_1_687' title='bbox 965 4876 1149 4954; x_wconf 81' lang='lat' dir='ltr'>Fabricios,</span> <span class='ocrx_word' id='word_1_688' title='bbox 1181 4810 1351 4958; x_wconf 63' lang='grc' dir='ltr'>Ιἐ111111111</span> <span class='ocrx_word' id='word_1_689' title='bbox 1403 4877 1476 4957; x_wconf 83' lang='lat' dir='ltr'>fert,</span> <span class='ocrx_word' id='word_1_690' title='bbox 1505 4898 1547 4943; x_wconf 93' lang='lat' dir='ltr'>ne</span> <span class='ocrx_word' id='word_1_691' title='bbox 1573 4885 1726 4960; x_wconf 88' lang='lat' dir='ltr'>putemus</span> <span class='ocrx_word' id='word_1_692' title='bbox 1754 4897 1814 4941; x_wconf 92' lang='lat' dir='ltr'>nos</span> <span class='ocrx_word' id='word_1_693' title='bbox 1841 4873 1964 4956; x_wconf 89' lang='lat' dir='ltr'>aliquid</span> <span class='ocrx_word' id='word_1_694' title='bbox 1992 4872 2034 4936; x_wconf 88' lang='lat' dir='ltr'>ad</span> <span class='ocrx_word' id='word_1_695' title='bbox 2054 4870 2237 4938; x_wconf 91' lang='lat' dir='ltr'>Dominum</span> <span class='ocrx_word' id='word_1_696' title='bbox 2266 4874 2385 4942; x_wconf 85' lang='lat' dir='ltr'>afferre</span> 
     </span>
     <span class='ocr_line' id='line_1_49' title="bbox 378 4957 2383 5047; baseline 0.003 -25"><span class='ocrx_word' id='word_1_697' title='bbox 378 4966 411 5022; x_wconf 90' lang='grc'>11</span> <span class='ocrx_word' id='word_1_698' title='bbox 437 4957 579 5023; x_wconf 79' lang='lat' dir='ltr'>Catones</span> <span class='ocrx_word' id='word_1_699' title='bbox 610 4961 736 5026; x_wconf 89' lang='lat' dir='ltr'>inillis</span> <span class='ocrx_word' id='word_1_700' title='bbox 763 4964 830 5027; x_wconf 88' lang='lat' dir='ltr'>suis</span> <span class='ocrx_word' id='word_1_701' title='bbox 862 4962 1038 5047; x_wconf 84' lang='lat' dir='ltr'>praeclaris</span> <span class='ocrx_word' id='word_1_702' title='bbox 1065 4961 1262 5027; x_wconf 85' lang='lat' dir='ltr'>facinoribus</span> <span class='ocrx_word' id='word_1_703' title='bbox 1289 4962 1351 5027; x_wconf 91' lang='lat' dir='ltr'>hoc</span> <span class='ocrx_word' id='word_1_704' title='bbox 1404 4969 1535 5046; x_wconf 86' lang='lat' dir='ltr'>praeter</span> <span class='ocrx_word' id='word_1_705' title='bbox 1573 4984 1700 5027; x_wconf 86' lang='lat' dir='ltr'>meram</span> <span class='ocrx_word' id='word_1_706' title='bbox 1730 4961 1856 5043; x_wconf 81' lang='lat' dir='ltr'>inopiae</span> <span class='ocrx_word' id='word_1_707' title='bbox 1893 4965 1922 5024; x_wconf 84' lang='lat' dir='ltr'>et</span> <span class='ocrx_word' id='word_1_708' title='bbox 1960 4959 2130 5024; x_wconf 76' lang='grc'><strong>1111111111</strong></span> <span class='ocrx_word' id='word_1_709' title='bbox 2167 4961 2383 5044; x_wconf 69' lang='lat' dir='ltr'>ignomisiam.</span> 
     </span>
     <span class='ocr_line' id='line_1_50' title="bbox 376 5044 2381 5132; baseline 0.002 -22"><span class='ocrx_word' id='word_1_710' title='bbox 376 5064 536 5126; x_wconf 84' lang='lat' dir='ltr'>peccasse,</span> <span class='ocrx_word' id='word_1_711' title='bbox 564 5044 649 5126; x_wconf 93' lang='lat' dir='ltr'>quod</span> <span class='ocrx_word' id='word_1_712' title='bbox 680 5065 781 5128; x_wconf 90' lang='lat' dir='ltr'>quum</span> <span class='ocrx_word' id='word_1_713' title='bbox 808 5047 885 5112; x_wconf 86' lang='lat' dir='ltr'>fidei</span> <span class='ocrx_word' id='word_1_714' title='bbox 911 5048 985 5113; x_wconf 93' lang='lat' dir='ltr'>luce</span> <span class='ocrx_word' id='word_1_715' title='bbox 1016 5056 1181 5126; x_wconf 87' lang='lat' dir='ltr'>carerent,</span> <span class='ocrx_word' id='word_1_716' title='bbox 1212 5068 1281 5112; x_wconf 90' lang='lat' dir='ltr'>non</span> <span class='ocrx_word' id='word_1_717' title='bbox 1310 5047 1352 5112; x_wconf 90' lang='lat' dir='ltr'>ad</span> <span class='ocrx_word' id='word_1_718' title='bbox 1404 5048 1517 5130; x_wconf 86' lang='lat' dir='ltr'>Quare</span> <span class='ocrx_word' id='word_1_719' title='bbox 1538 5049 1608 5114; x_wconf 93' lang='lat' dir='ltr'>loco</span> <span class='ocrx_word' id='word_1_720' title='bbox 1630 5068 1729 5130; x_wconf 87' lang='lat' dir='ltr'>supra</span> <span class='ocrx_word' id='word_1_721' title='bbox 1750 5047 1862 5124; x_wconf 86' lang='lat' dir='ltr'>citato,</span> <span class='ocrx_word' id='word_1_722' title='bbox 1885 5053 1924 5108; x_wconf 88' lang='lat' dir='ltr'>ut</span> <span class='ocrx_word' id='word_1_723' title='bbox 1944 5044 2060 5127; x_wconf 92' lang='lat' dir='ltr'>probet</span> <span class='ocrx_word' id='word_1_724' title='bbox 2081 5045 2151 5110; x_wconf 91' lang='lat' dir='ltr'>sola</span> <span class='ocrx_word' id='word_1_725' title='bbox 2171 5047 2243 5112; x_wconf 92' lang='lat' dir='ltr'>eius</span> <span class='ocrx_word' id='word_1_726' title='bbox 2265 5050 2381 5132; x_wconf 87' lang='lat' dir='ltr'>gratia,</span> 
     </span>
     <span class='ocr_line' id='line_1_51' title="bbox 376 5130 2447 5218; baseline 0.003 -25"><span class='ocrx_word' id='word_1_727' title='bbox 376 5150 453 5193; x_wconf 91' lang='lat' dir='ltr'>eum</span> <span class='ocrx_word' id='word_1_728' title='bbox 473 5131 575 5193; x_wconf 89' lang='lat' dir='ltr'>finem</span> <span class='ocrx_word' id='word_1_729' title='bbox 595 5130 667 5212; x_wconf 88' lang='lat' dir='ltr'>ipsa</span> <span class='ocrx_word' id='word_1_730' title='bbox 688 5132 873 5196; x_wconf 88' lang='lat' dir='ltr'>retulerunt</span> <span class='ocrx_word' id='word_1_731' title='bbox 894 5132 936 5198; x_wconf 88' lang='lat' dir='ltr'>ad</span> <span class='ocrx_word' id='word_1_732' title='bbox 957 5154 1055 5215; x_wconf 89' lang='lat' dir='ltr'>quem</span> <span class='ocrx_word' id='word_1_733' title='bbox 1083 5135 1205 5199; x_wconf 83' lang='lat' dir='ltr'>referre</span> <span class='ocrx_word' id='word_1_734' title='bbox 1231 5131 1351 5198; x_wconf 85' lang='lat' dir='ltr'>debus·</span> <span class='ocrx_word' id='word_1_735' title='bbox 1403 5157 1471 5200; x_wconf 93' lang='lat' dir='ltr'>non</span> <span class='ocrx_word' id='word_1_736' title='bbox 1492 5134 1661 5218; x_wconf 89' lang='lat' dir='ltr'>operibus,</span> <span class='ocrx_word' id='word_1_737' title='bbox 1684 5133 1721 5197; x_wconf 92' lang='lat' dir='ltr'>in</span> <span class='ocrx_word' id='word_1_738' title='bbox 1742 5152 1834 5214; x_wconf 89' lang='lat' dir='ltr'>spem</span> <span class='ocrx_word' id='word_1_739' title='bbox 1855 5130 1972 5195; x_wconf 90' lang='lat' dir='ltr'>salutis</span> <span class='ocrx_word' id='word_1_740' title='bbox 1993 5150 2054 5194; x_wconf 90' lang='lat' dir='ltr'>nos</span> <span class='ocrx_word' id='word_1_741' title='bbox 2075 5133 2279 5214; x_wconf 87' lang='lat' dir='ltr'>pervenisse,</span> <span class='ocrx_word' id='word_1_742' title='bbox 2303 5134 2382 5200; x_wconf 91' lang='lat' dir='ltr'>alle-</span> <span class='ocrx_word' id='word_1_743' title='bbox 2444 5144 2447 5148; x_wconf 83' lang='grc'><strong>’</strong></span> 
     </span>
     <span class='ocr_line' id='line_1_52' title="bbox 376 5215 2382 5304; baseline 0.002 -25"><span class='ocrx_word' id='word_1_744' title='bbox 376 5224 463 5279; x_wconf 89' lang='lat' dir='ltr'>runt.</span> <span class='ocrx_word' id='word_1_745' title='bbox 525 5215 602 5280; x_wconf 93' lang='lat' dir='ltr'>Non</span> <span class='ocrx_word' id='word_1_746' title='bbox 633 5215 734 5281; x_wconf 86' lang='lat' dir='ltr'>fuisse</span> <span class='ocrx_word' id='word_1_747' title='bbox 766 5236 844 5300; x_wconf 91' lang='lat' dir='ltr'>ergo</span> <span class='ocrx_word' id='word_1_748' title='bbox 875 5218 912 5281; x_wconf 92' lang='lat' dir='ltr'>in</span> <span class='ocrx_word' id='word_1_749' title='bbox 944 5218 1009 5282; x_wconf 91' lang='lat' dir='ltr'>illis</span> <span class='ocrx_word' id='word_1_750' title='bbox 1039 5240 1152 5284; x_wconf 86' lang='lat' dir='ltr'>voram</span> <span class='ocrx_word' id='word_1_751' title='bbox 1181 5220 1349 5298; x_wconf 89' lang='lat' dir='ltr'>iustitiam,</span> <span class='ocrx_word' id='word_1_752' title='bbox 1404 5227 1461 5304; x_wconf 86' lang='lat' dir='ltr'>gat</span> <span class='ocrx_word' id='word_1_753' title='bbox 1487 5242 1547 5286; x_wconf 89' lang='lat' dir='ltr'>nos</span> <span class='ocrx_word' id='word_1_754' title='bbox 1577 5219 1666 5284; x_wconf 92' lang='lat' dir='ltr'>illius</span> <span class='ocrx_word' id='word_1_755' title='bbox 1693 5238 1765 5282; x_wconf 90' lang='lat' dir='ltr'>esse</span> <span class='ocrx_word' id='word_1_756' title='bbox 1797 5223 1977 5295; x_wconf 89' lang='lat' dir='ltr'>creaturas,</span> <span class='ocrx_word' id='word_1_757' title='bbox 2011 5217 2166 5299; x_wconf 87' lang='lat' dir='ltr'>quoniam</span> <span class='ocrx_word' id='word_1_758' title='bbox 2197 5220 2382 5302; x_wconf 85' lang='lat' dir='ltr'>regenerati</span> 
     </span>
     <span class='ocr_line' id='line_1_53' title="bbox 376 5299 2380 5387; baseline 0.002 -23"><span class='ocrx_word' id='word_1_759' title='bbox 376 5303 541 5383; x_wconf 90' lang='lat' dir='ltr'>quianon</span> <span class='ocrx_word' id='word_1_760' title='bbox 563 5300 698 5381; x_wconf 86' lang='lat' dir='ltr'>actibus,</span> <span class='ocrx_word' id='word_1_761' title='bbox 721 5299 779 5366; x_wconf 90' lang='lat' dir='ltr'>sed</span> <span class='ocrx_word' id='word_1_762' title='bbox 799 5301 920 5367; x_wconf 87' lang='lat' dir='ltr'>finibus</span> <span class='ocrx_word' id='word_1_763' title='bbox 941 5310 1122 5384; x_wconf 88' lang='lat' dir='ltr'>pensantur</span> <span class='ocrx_word' id='word_1_764' title='bbox 1143 5305 1257 5368; x_wconf 86' lang='lat' dir='ltr'>officia</span> <span class='ocrx_word' id='word_1_765' title='bbox 1403 5327 1517 5371; x_wconf 90' lang='lat' dir='ltr'>sumus</span> <span class='ocrx_word' id='word_1_766' title='bbox 1538 5306 1575 5369; x_wconf 93' lang='lat' dir='ltr'>in</span> <span class='ocrx_word' id='word_1_767' title='bbox 1597 5303 1729 5369; x_wconf 81' lang='lat' dir='ltr'>Christo</span> <span class='ocrx_word' id='word_1_768' title='bbox 1751 5302 1839 5381; x_wconf 87' lang='lat' dir='ltr'>Iesu,</span> <span class='ocrx_word' id='word_1_769' title='bbox 1870 5302 1912 5367; x_wconf 91' lang='lat' dir='ltr'>ad</span> <span class='ocrx_word' id='word_1_770' title='bbox 1939 5304 2025 5368; x_wconf 91' lang='lat' dir='ltr'>bona</span> <span class='ocrx_word' id='word_1_771' title='bbox 2051 5324 2149 5387; x_wconf 88' lang='lat' dir='ltr'>opera</span> <span class='ocrx_word' id='word_1_772' title='bbox 2175 5324 2258 5385; x_wconf 89' lang='lat' dir='ltr'>quae</span> <span class='ocrx_word' id='word_1_773' title='bbox 2284 5325 2380 5387; x_wconf 86' lang='lat' dir='ltr'>prae-</span> 
     </span>
     <span class='ocr_line' id='line_1_54' title="bbox 461 5386 2380 5474; baseline 0.003 -25"><span class='ocrx_word' id='word_1_774' title='bbox 461 5392 491 5450; x_wconf 82' lang='lat'>4.</span> <span class='ocrx_word' id='word_1_775' title='bbox 535 5387 713 5452; x_wconf 87' lang='lat' dir='ltr'>Praeterea</span> <span class='ocrx_word' id='word_1_776' title='bbox 744 5388 773 5452; x_wconf 91' lang='lat' dir='ltr'>si</span> <span class='ocrx_word' id='word_1_777' title='bbox 806 5407 922 5452; x_wconf 90' lang='lat' dir='ltr'>verum</span> <span class='ocrx_word' id='word_1_778' title='bbox 948 5395 999 5452; x_wconf 91' lang='lat' dir='ltr'>est</span> <span class='ocrx_word' id='word_1_779' title='bbox 1030 5386 1116 5469; x_wconf 91' lang='lat' dir='ltr'>quod</span> <span class='ocrx_word' id='word_1_780' title='bbox 1145 5389 1286 5454; x_wconf 86' lang='lat' dir='ltr'>Ioannes</span> <span class='ocrx_word' id='word_1_781' title='bbox 1314 5390 1347 5474; x_wconf 88' lang='lat' dir='ltr'>(l</span> <span class='ocrx_word' id='word_1_782' title='bbox 1402 5392 1534 5473; x_wconf 83' lang='lat' dir='ltr'>paravit</span> <span class='ocrx_word' id='word_1_783' title='bbox 1559 5396 1598 5455; x_wconf 89' lang='lat' dir='ltr'>ut</span> <span class='ocrx_word' id='word_1_784' title='bbox 1622 5390 1658 5453; x_wconf 93' lang='lat' dir='ltr'>in</span> <span class='ocrx_word' id='word_1_785' title='bbox 1685 5388 1750 5454; x_wconf 89' lang='lat' dir='ltr'>illis</span> <span class='ocrx_word' id='word_1_786' title='bbox 1772 5388 2148 5473; x_wconf 62' lang='lat' dir='ltr'>ambulemusfflphe,</span> <span class='ocrx_word' id='word_1_787' title='bbox 2170 5394 2233 5472; x_wconf 89' lang='grc'><strong>10).</strong></span> <span class='ocrx_word' id='word_1_788' title='bbox 2278 5390 2329 5454; x_wconf 82' lang='lat' dir='ltr'>Ao</span> <span class='ocrx_word' id='word_1_789' title='bbox 2350 5391 2380 5456; x_wconf 90' lang='lat' dir='ltr'>si</span> 
     </span>
     <span class='ocr_line' id='line_1_55' title="bbox 375 5471 2379 5557; baseline 0.003 -23"><span class='ocrx_word' id='word_1_790' title='bbox 375 5471 489 5536; x_wconf 90' lang='lat' dir='ltr'>Ioann.</span> <span class='ocrx_word' id='word_1_791' title='bbox 510 5475 539 5551; x_wconf 83' lang='lat'>5,</span> <span class='ocrx_word' id='word_1_792' title='bbox 561 5474 615 5557; x_wconf 84' lang='lat'>12)</span> <span class='ocrx_word' id='word_1_793' title='bbox 637 5473 693 5552; x_wconf 89' lang='grc'><strong>111,</strong></span> <span class='ocrx_word' id='word_1_794' title='bbox 720 5493 788 5537; x_wconf 88' lang='grc'>111</span> <span class='ocrx_word' id='word_1_795' title='bbox 816 5493 887 5538; x_wconf 89' lang='lat' dir='ltr'>esse</span> <span class='ocrx_word' id='word_1_796' title='bbox 907 5472 1013 5538; x_wconf 83' lang='lat' dir='ltr'>vitam</span> <span class='ocrx_word' id='word_1_797' title='bbox 1034 5479 1129 5536; x_wconf 84' lang='lat' dir='ltr'>extra</span> <span class='ocrx_word' id='word_1_798' title='bbox 1150 5472 1255 5537; x_wconf 89' lang='lat' dir='ltr'>filium</span> <span class='ocrx_word' id='word_1_799' title='bbox 1276 5475 1349 5554; x_wconf 91' lang='lat' dir='ltr'>Dei,</span> <span class='ocrx_word' id='word_1_800' title='bbox 1403 5476 1541 5541; x_wconf 86' lang='lat' dir='ltr'>diceret:</span> <span class='ocrx_word' id='word_1_801' title='bbox 1571 5475 1644 5557; x_wconf 88' lang='lat' dir='ltr'>quis</span> <span class='ocrx_word' id='word_1_802' title='bbox 1670 5481 1821 5539; x_wconf 89' lang='lat' dir='ltr'>nostrum</span> <span class='ocrx_word' id='word_1_803' title='bbox 1846 5475 1946 5541; x_wconf 88' lang='lat' dir='ltr'>iactet</span> <span class='ocrx_word' id='word_1_804' title='bbox 1971 5495 2007 5541; x_wconf 87' lang='lat' dir='ltr'>se</span> <span class='ocrx_word' id='word_1_805' title='bbox 2035 5495 2094 5539; x_wconf 90' lang='lat' dir='ltr'>sua</span> <span class='ocrx_word' id='word_1_806' title='bbox 2121 5475 2248 5540; x_wconf 84' lang='lat' dir='ltr'>iustitia</span> <span class='ocrx_word' id='word_1_807' title='bbox 2267 5475 2379 5541; x_wconf 91' lang='lat' dir='ltr'>Deum</span> 
     </span>
    </p>
   </div>
   <div class='ocr_carea' id='block_1_3' title="bbox 377 5595 1607 5606">
    <p class='ocr_par' dir='ltr' id='par_1_3' title="bbox 377 5595 1607 5606">
     <span class='ocr_line' id='line_1_56' title="bbox 377 5595 1607 5606; baseline 0.004 -5"><span class='ocrx_word' id='word_1_808' title='bbox 377 5595 418 5602; x_wconf 66' lang='grc' dir='ltr'>-ο</span> <span class='ocrx_word' id='word_1_809' title='bbox 429 5595 578 5603; x_wconf 44' lang='grc' dir='ltr'>-κ--ᾑ-</span> <span class='ocrx_word' id='word_1_810' title='bbox 1404 5598 1607 5606; x_wconf 68' lang='lat'>——..-—-—-</span> 
     </span>
    </p>
   </div>
   <div class='ocr_carea' id='block_1_4' title="bbox 444 5658 2417 5799">
    <p class='ocr_par' dir='ltr' id='par_1_4' title="bbox 444 5658 2417 5799">
     <span class='ocr_line' id='line_1_57' title="bbox 444 5658 2417 5799; baseline 0.005 -88"><span class='ocrx_word' id='word_1_811' title='bbox 444 5658 474 5726; x_wconf 90' lang='grc'>1)</span> <span class='ocrx_word' id='word_1_812' title='bbox 490 5660 565 5713; x_wconf 67' lang='grc'><strong>111.</strong></span> <span class='ocrx_word' id='word_1_813' title='bbox 582 5659 609 5715; x_wconf 86' lang='lat'>4.</span> <span class='ocrx_word' id='word_1_814' title='bbox 626 5666 721 5715; x_wconf 66' lang='lat' dir='ltr'>sonsa</span> <span class='ocrx_word' id='word_1_815' title='bbox 737 5661 832 5714; x_wconf 71' lang='grc'><strong>11111.</strong></span> <span class='ocrx_word' id='word_1_816' title='bbox 851 5676 873 5714; x_wconf 75' lang='lat' dir='ltr'>o.</span> <span class='ocrx_word' id='word_1_817' title='bbox 888 5659 916 5714; x_wconf 85' lang='lat' dir='ltr'>e.</span> <span class='ocrx_word' id='word_1_818' title='bbox 1473 5661 1502 5727; x_wconf 87' lang='lat'>1)</span> <span class='ocrx_word' id='word_1_819' title='bbox 1520 5663 1594 5715; x_wconf 65' lang='grc'><strong>1111.</strong></span> <span class='ocrx_word' id='word_1_820' title='bbox 1611 5661 1636 5715; x_wconf 82' lang='grc'>1.</span> <span class='ocrx_word' id='word_1_821' title='bbox 1655 5664 1690 5716; x_wconf 65' lang='lat' dir='ltr'>aa</span> <span class='ocrx_word' id='word_1_822' title='bbox 1708 5664 1776 5717; x_wconf 68' lang='lat' dir='ltr'>eor</span> <span class='ocrx_word' id='word_1_823' title='bbox 1795 5679 1817 5719; x_wconf 75' lang='lat' dir='ltr'>o.</span> <span class='ocrx_word' id='word_1_824' title='bbox 1835 5663 1861 5719; x_wconf 80' lang='lat' dir='ltr'>c.</span> <span class='ocrx_word' id='word_1_825' title='bbox 1896 5662 2025 5731; x_wconf 65' lang='grc'><strong>11111</strong></span> <span class='ocrx_word' id='word_1_826' title='bbox 2042 5664 2071 5716; x_wconf 73' lang='lat' dir='ltr'>in</span> <span class='ocrx_word' id='word_1_827' title='bbox 2089 5663 2159 5799; x_wconf 49' lang='grc'><strong>1131).</strong></span> <span class='ocrx_word' id='word_1_828' title='bbox 2178 5661 2220 5716; x_wconf 85' lang='grc'>11.</span> <span class='ocrx_word' id='word_1_829' title='bbox 2238 5664 2289 5718; x_wconf 77' lang='lat' dir='ltr'>nn.</span> <span class='ocrx_word' id='word_1_830' title='bbox 2307 5663 2333 5730; x_wconf 84' lang='lat' dir='ltr'>a,</span> <span class='ocrx_word' id='word_1_831' title='bbox 2350 5661 2376 5716; x_wconf 82' lang='lat'>4.</span> <span class='ocrx_word' id='word_1_832' title='bbox 2415 5717 2417 5721; x_wconf 85' lang='grc'><strong>,</strong></span> 
     </span>
     <span class='ocr_line' id='line_1_58' title="bbox 2157 5747 2169 5774; baseline 0.083 -1"><span class='ocrx_word' id='word_1_833' title='bbox 2157 5747 2169 5774; x_wconf 84' lang='grc'><strong>.</strong></span> 
     </span>
    </p>
   </div>
   <div class='ocr_carea' id='block_1_5' title="bbox 0 0 2804 6805">
    <p class='ocr_par' dir='ltr' id='par_1_5' title="bbox 0 0 2804 6805">
     <span class='ocr_line' id='line_1_59' title="bbox 0 0 2804 6805; baseline 0 0"><span class='ocrx_word' id='word_1_834' title='bbox 0 0 2804 6805; x_wconf 95' lang='lat' dir='ltr'> </span> 
     </span>
    </p>
   </div>
  </div>
 </body>
</html>
