5600 6809
390 780 449 838 541
631 772 722 837 LIB.
744 772 808 836 ΠΙ.
853 771 916 836 DE
938 769 1075 837 MODO
1096 769 1447 837 PERCIPOENDAE
1472 770 1662 836 CHRISTI
1686 771 1903 837 GRATIAE.
1948 770 2047 836 OAP.
2071 771 2133 837 XL
2330 778 2393 840 542

387 964 514 1047 oratioe
546 962 644 1026 loemn
676 961 797 1038 demus,
833 980 893 1039 quo
927 979 983 1022 nos
1014 960 1080 1040 ipsc
1110 959 1196 1024 solus
1227 959 1363 1041 impleat.
1416 959 1519 1042 (modo
1536 960 1617 1024 idem
1635 960 1740 1024 sedato
1758 963 1800 1024 sit
1817 959 1951 1041 cerebro)
1970 960 2042 1025 inde
2059 966 2158 1024 ortam
2176 983 2240 1028 esse
2254 963 2394 1044 phrasin

395 1048 456 1112 Sed
472 1048 634 1124 Osiander,
655 1045 713 1110 hac
730 1045 894 1125 spirituali
915 1045 1124 1109 coniunctiore
1144 1050 1257 1126 spreta,
1281 1065 1364 1109 cras-
1415 1044 1495 1109 ham
1522 1045 1659 1127 3933333,
1690 1047 1798 1111 deinde
1824 1065 1971 1126 33333333
1999 1047 2102 1111 tendat
2131 1053 2159 1111 et
2187 1050 2263 1130 quid
2284 1052 2394 1116 caleat.

389 1155 459 1198 sam
476 1135 650 1198 mixturam
670 1131 790 1195 Christi
807 1151 876 1195 erun
896 1130 1042 1211 fidelibus
1058 1135 1160 1214 urpet;
1183 1137 1274 1211 atqrre
1295 1132 1363 1196 ideo
1416 1131 1490 1194 lam
1512 1152 1582 1194 vero
1603 1132 1682 1195 mihi
1704 1134 1883 1213 respondeat
1904 1130 2069 1210 Osiander,
2091 1131 2146 1196 ubi
2167 1134 2244 1199 dicit
2267 1135 2395 1202 Paulus

392 1220 596 1301 Zuinplianos
617 1219 719 1283 odiose
735 1218 882 1294 nominat,
905 1218 1078 1297 crimenque
1091 1238 1150 1280 non
1167 1216 1364 1281 subscribunt
1416 1217 1547 1281 describi
1573 1238 1594 1281 a
1615 1217 1742 1283 Daniele
1763 1219 1918 1282 iustitiam
1944 1218 2012 1281 sine
2036 1218 2180 1297 operibus
2201 1222 2237 1284 in
2258 1222 2309 1286 his
2329 1244 2395 1287 oer-

388 1307 525 1387 fatidico
543 1305 644 1368 errori
661 1303 699 1368 de
715 1304 874 1368 essentiali
890 1303 1031 1379 iustitia,
1054 1304 1209 1383 quianon
1230 1304 1365 1366 sentiant
1415 1303 1464 1366 bis
1485 1302 1595 1384 (Rom.
1615 1309 1645 1380 4,
1666 1307 1699 1382 7;
1721 1305 1808 1369 Psal.
1832 1306 1882 1381 32,
1904 1301 1954 1386 1).·
1983 1302 2062 1366 beati
2090 1324 2223 1384 quorum
2244 1310 2395 1374 rem-issae

392 1391 550 1455 Christum
572 1391 607 1453 in
632 1409 725 1453 caereo
751 1388 998 1453 substantialiter
1019 1390 1143 1452 muudi.
1186 1388 1272 1452 Mihi
1293 1409 1363 1452 oero
1416 1393 1488 1451 sunt
1510 1388 1708 1468 3333333333,ο
1734 1391 1813 1454 sitm
1835 1389 1932 1471 plena
1958 1388 2031 1452 haec
2058 1389 2210 1469 deterritis,
2238 1414 2280 1456 an
2301 1395 2395 1458 dimi-

384 1476 535 1559 probrum
553 1475 607 1538 hoc
624 1475 735 1539 audire
752 1476 790 1539 ab
811 1474 932 1538 hunino
960 1475 1091 1554 superbo
1119 1475 1248 1555 suisque
1270 1494 1365 1553 prae
1416 1472 1496 1539 dia?
1541 1472 1628 1537 Certe
1646 1475 1831 1555 prophetam
1859 1496 1919 1538 non¹
1941 1476 2069 1540 udducit
2089 1480 2207 1554 testem,
2234 1499 2270 1541 ac
2292 1480 2320 1542 si
2342 1480 2395 1544 do

391 1563 495 1644 stipiis
523 1561 623 1626 dedito
650 1581 773 1624 summu
798 1559 902 1642 ylario
929 1565 981 1623 est.
1028 1561 1214 1640 Quanquam
1235 1580 1295 1624 non
1316 1578 1366 1625 me
1416 1564 1495 1623 ceret
1509 1564 1636 1638 partem
1658 1561 1798 1625 iustitiae
1820 1581 1884 1625 esse
1904 1562 2026 1623 ceruam
2042 1566 2252 1641 peecatorum,
2283 1564 2331 1628 uel
2353 1565 2395 1628 ad

390 1649 503 1725 solum,
531 1647 585 1711 sed
606 1667 683 1727 quos
703 1646 834 1709 modeste
860 1647 1003 1709 venerari
1030 1645 1176 1711 debuerat
1200 1645 1366 1727 scriptores
1417 1644 1570 1708 hominem
1591 1644 1826 1723 testificandum
1843 1666 2029 1724 eorimrrrere,
2052 1647 2106 1710 sed
2126 1651 2219 1710 totam
2241 1650 2396 1713 iustitiam

391 1735 457 1799 orbi
478 1734 558 1797 satis
579 1732 712 1815 capnitos
733 1731 926 1813 perstrinpit.
971 1728 1048 1795 Mea
1068 1752 1138 1796 uero
1159 1731 1241 1795 nihil
1261 1732 1364 1814 refert,
1417 1731 1453 1794 33
1472 1730 1612 1813 praterita
1634 1733 1817 1796 remissione
1838 1733 1982 1809 includit,
2005 1733 2126 1796 beatum
2148 1733 2299 1797 lemnii-uem
2321 1757 2395 1815 pro-

390 1821 447 1901 333
472 1820 635 1899 priuatam
660 1836 791 1881 causam
816 1834 880 1880 uon
906 1835 978 1898 apo,
1009 1837 1069 1897 quo
1100 1818 1254 1881 sincerius
1286 1816 1393 1897 33331
1418 1817 1569 1879 nuntians
1595 1817 1687 1878 cuites
1713 1822 1788 1882 tecta
1817 1823 1890 1881 sarit
1911 1823 2052 1897 peecata,
2082 1818 2133 1881 cui
2160 1821 2280 1883 remisit
2307 1821 2396 1886 Deus

390 1924 520 1969 causam
547 1924 620 1987 apo,
653 1903 709 1984 oui
741 1901 817 1967 liber
843 1920 915 1965 sum
940 1902 979 1966 ab
1007 1903 1091 1966 omm
1116 1923 1219 1983 prauo
1248 1904 1365 1982 333333.
1390 1902 1393 1955 l
1418 1902 1612 1981 iniquitates,
1639 1907 1667 1965 et
1688 1905 1739 1965 eui
1761 1905 2018 1985 tranupressioues
2039 1924 2099 1966 non
2122 1904 2270 1985 imputat;
2296 1906 2396 1987 fetici-

396 1992 483 2070 Quia
504 2010 537 2053 er
594 1988 787 2053 essentialem
803 1988 960 2051 iustitiam
976 1993 1003 2051 et
1021 1989 1211 2052 essentialem
1229 1989 1262 2050 iu
1279 1988 1366 2052 nobis
1418 1992 1509 2051 tatem
1539 1987 1608 2051 eius
1640 1989 1714 2051 inde
1745 1991 1889 2053 aestimat
1916 1995 1942 2052 et
1969 1994 2078 2067 cesset,
2112 1991 2188 2068 quia
2221 1990 2275 2054 troc
2306 1993 2395 2057 modo

395 2073 515 2140 Christi
598 2075 750 2139 'tationem
766 2079 831 2137 tam
848 2074 1021 2153 inportune
1037 2075 1142 2156 exipit,
1163 2073 1222 2137 huc
1243 2078 1364 2154 spectat,
1418 2074 1522 2136 iustus
1554 2077 1600 2135 est
1632 2093 1694 2136 non
1726 2096 1761 2138 re
1794 2075 1879 2156 ipsa,
1917 2076 1970 2138 sed
2003 2075 2210 2154 inmutatione.
2265 2075 2396 2157 Excipit

386 2163 530 2242 primum
549 2165 584 2223 ut
603 2180 712 2225 crassa
733 2161 874 2222 otiatura
894 2178 927 2221 se
944 2157 1034 2223 Deus
1060 2161 1095 2221 in
1122 2180 1180 2224 nos
1207 2161 1367 2241 33333333-
1422 2157 1587 2233 Osiander,
1609 2161 1861 2225 contumeliosum
1879 2161 1933 2224 hoe
1951 2160 2019 2241 sore
2036 2159 2110 2237 Deo,
2133 2165 2162 2224 et
2178 2166 2310 2226 reatinae
2326 2164 2395 2228 eius

392 2247 460 2323 dat,
493 2247 586 2311 siue-ti
609 2247 644 2309 iu
665 2265 757 2309 eoeria
779 2244 918 2308 carnalis
939 2244 1139 2309 nranducatio
1159 2245 1199 2308 ab
1219 2247 1288 2325 ipso
1307 2246 1365 2325 fin·
1418 2244 1625 2320 contrarium,
1657 2245 1689 2307 si
1721 2246 1865 2326 iustifieet
1895 2247 1950 2326 qui
1976 2266 2011 2309 re
2041 2246 2113 2326 ipsa
2140 2247 2231 2326 impii
2260 2252 2393 2312 manent

390 2334 488 2414 pitur,
517 2332 626 2395 deinde
654 2336 688 2394 ut
713 2331 869 2394 iristitiam
896 2350 988 2394 sicam
1014 2330 1102 2394 nobis
1127 2331 1275 2412 inspiret,
1304 2349 1367 2410 qua
1419 2329 1520 2408 Atqui
1549 2330 1713 2393 tenendum
1744 2333 1894 2396 memoria
1926 2336 1971 2396 est
2002 2331 2083 2410 qued
2114 2331 2180 2395 iam
2212 2332 2296 2412 (lixi,
2332 2353 2394 2398 non

393 2418 521 2481 realiter
542 2418 643 2480 simus
671 2436 741 2481 cum
769 2418 837 2496 ipso
865 2416 940 2478 iusti
947 2440 958 2495 ;
990 2416 1237 2497 quandoquidem
1262 2436 1368 2480 seeun-
1418 2416 1565 2494 separari
1586 2415 1779 2494 iustihoaruli
1799 2419 1937 2500 oratiam
1958 2439 1980 2493 a
2000 2418 2232 2498 reperieratione,
2254 2418 2323 2482 ticet
2343 2438 2395 2484 res

392 2505 467 2567 dum
500 2504 603 2583 ipsum
636 2503 760 2565 institia
791 2501 865 2565 haec
896 2506 961 2565 tam
988 2508 1032 2566 est
1057 2501 1148 2567 Deus
1177 2503 1245 2581 ipse
1272 2521 1367 2582 quam
1418 2501 1483 2563 sint
1503 2500 1673 2564 distinctae.
1711 2500 1772 2566 Sed
1789 2505 1865 2583 quia
1884 2503 2074 2583 experientia
2090 2504 2168 2582 plus
2187 2504 2267 2566 satis
2287 2508 2394 2568 notum

389 2588 546 2669 probitas,
576 2587 622 2649 oet
643 2588 806 2663 sanctitas,
828 2587 874 2650 ael
895 2588 1057 2669 intepritas
1078 2587 1149 2651 Dei.
1195 2587 1267 2651 Non
1288 2586 1367 2650 mul-
1418 2590 1475 2661 est,
1498 2604 1623 2649 manere
1643 2606 1763 2665 semper
1784 2589 1818 2651 in
1839 2590 1932 2652 iustis
1954 2588 2107 2667 reliquias
2122 2588 2254 2668 peccati,
2276 2608 2395 2655 necesse

394 2680 459 2737 tum
487 2693 594 2754 operae
623 2673 801 2753 impendam
829 2672 987 2737 diluendis
1013 2693 1092 2753 quae
1124 2672 1253 2738 adducit
1284 2673 1368 2736 testi·
1418 2674 1462 2733 est
1481 2669 1566 2751 tonpe
1594 2671 1687 2735 aliter
1714 2673 1882 2754 iustificari
1909 2694 2003 2754 quam
2024 2674 2235 2754 reformantur
2257 2676 2292 2737 in
2312 2676 2395 2740 uitae

394 2760 517 2836 3333333,
540 2779 619 2839 quae
634 2777 803 2838 perperam
819 2780 840 2821 a
858 2759 977 2822 coelesti
992 2760 1058 2823 uita
1079 2759 1122 2823 ad
1143 2763 1257 2823 statmn
1272 2778 1367 2838 prae-
1417 2756 1589 2819 nooitatem.
1635 2757 1722 2819 Nam
1749 2756 1804 2822 boc
1829 2760 1996 2824 secundum
2024 2760 2070 2823 sic
2097 2760 2220 2823 iriehoat
2241 2759 2331 2825 Deus
2359 2762 2394 2824 in

394 2849 506 2909 sertem
524 2845 685 2924 detorquet.
723 2841 788 2907 Per
801 2841 967 2921 Christum,
989 2844 1092 2924 inquit
1104 2842 1262 2928 Petrus(l
1276 2844 1366 2908 Petr.
1419 2841 1519 2904 electis
1540 2842 1623 2919 suis,
1645 2847 1762 2923 totoque
1783 2845 1864 2908 citae
1885 2845 2038 2910 cerritulo
2054 2846 2228 2925 paulatim,
2252 2851 2279 2908 et
2300 2847 2393 2910 inter·

397 2935 423 3007 l,
443 2931 488 3013 4),
507 2931 622 2994 donata
643 2933 717 2992 sunt
732 2929 819 2992 33333
834 2930 977 3008 pretiosa
994 2933 1021 2992 et
1037 2930 1179 2993 maxima
1194 2931 1367 3010 promissa,
1419 2927 1493 2990 dum
1517 2927 1594 2991 lente
1616 2928 1651 2992 in
1678 2947 1711 2991 eo
1731 2929 1946 3012 praeceditur,
1974 2935 2010 2993 ut
2036 2949 2156 3009 semper
2183 2929 2305 2994 obnoxii
2331 2931 2395 2995 sint

394 3021 427 3079 ut
448 3020 598 3080 consortes
625 3013 814 3094 efficeremur
841 3014 967 3079 diuinae
987 3019 1124 3078 naturae.
1172 3016 1271 3094 Quasi
1297 3034 1368 3078 uero
1420 3013 1505 3092 apud
1531 3013 1599 3077 eius
1629 3011 1771 3080 tribunat
1796 3016 1906 3080 mortis
1936 3014 2062 3079 iudicio.
2106 3014 2264 3094 laetificat
2291 3021 2395 3081 333333

395 3120 476 3165 nune
503 3102 604 3164 simus
630 3099 738 3179 quales
764 3100 958 3182 eaanpelium
987 3100 1055 3180 fore
1079 3101 1235 3181 promittit
1260 3100 1368 3163 attinio
1419 3119 1481 3163 333
1507 3111 1545 3161 ex
1569 3103 1679 3178 parte,
1707 3101 1762 3165 sed
1787 3104 1822 3163 ut
1850 3099 1958 3179 libere,
1991 3100 2084 3181 quasi
2111 3097 2228 3164 Christi
2253 3103 2395 3180 punitate

396 3186 515 3251 Christi
550 3186 682 3250 adverrtu
693 3208 703 3262 ;
748 3185 811 3249 imo
844 3187 989 3250 admouet
1021 3183 1171 3264 loarmes,
1209 3189 1281 3248 tune
1310 3204 1368 3249 nos
1418 3184 1531 3260 induti,
1553 3184 1588 3247 in
1608 3185 1701 3249 coelis
1720 3190 1923 3269 emripareant.
1964 3186 2071 3265 Naue
2090 3185 2175 3249 enim
2194 3186 2395 3250 consuetius

395 3271 498 3335 Deum
533 3272 658 3336 visuros
692 3270 786 3334 333333
822 3274 881 3350 est,
920 3271 997 3351 quia
1030 3271 1149 3335 similes
1182 3271 1212 3335 ei
1249 3271 1367 3336 erimus
1413 3275 1545 3351 pacaret
1568 3268 1679 3350 aliqua
1700 3270 1838 3336 mestitiae
1854 3272 1973 3353 portio,
1994 3272 2087 3336 donec
2107 3274 2256 3335 33333333
2275 3271 2318 3335 sit
2337 3289 2395 3337 aas

396 3359 428 3441 (l
449 3357 564 3420 Ioann.
585 3360 613 3434 3,
637 3356 681 3439 2).
732 3356 869 3420 Tantum
895 3356 1005 3420 exilum
1027 3361 1152 3439 praelum
1178 3356 1255 3421 dare
1282 3356 1366 3420 uolui
1418 3355 1487 3420 Deo
1512 3355 1655 3435 placere,·
1686 3357 1763 3436 quia
1789 3359 1858 3422 siue
1882 3357 2054 3439 exceptione
2078 3356 2157 3421 inisti
2189 3374 2293 3420 coram
2324 3357 2394 3435 ipso

395 3443 568 3519 3333333333,
601 3442 677 3506 data
702 3462 796 3523 opera
822 3462 871 3506 nce
898 3443 1096 3522 supersedere
1121 3441 1160 3506 ab
1186 3442 1237 3506 his
1262 3442 1365 3525 napis,
1418 3460 1535 3504 smum.
1586 3439 1673 3506 Unde
1693 3444 1834 3522 sequitur
1854 3444 2041 3524 permittet
2066 3441 2211 3524 sureditus
2231 3443 2325 3506 everti
2345 3440 2395 3506 iu-

396 3549 455 3592 nou
477 3527 558 3608 quod
578 3526 707 3608 disicite
728 3529 770 3591 sit
791 3547 845 3591 eas
867 3527 997 3606 ditume,
1026 3528 1081 3593 sed
1107 3529 1184 3608 quia
1210 3527 1279 3593 nolo
1304 3547 1367 3592 mo·
1418 3526 1821 3608 demumdernum,
1848 3527 1904 3593 ubi
1922 3529 2043 3595 animis
2068 3527 2213 3592 iniicitur
2233 3526 2393 3607 dubitatio,

313 3660 322 3673 ,
397 3615 492 3678 testas
511 3633 576 3678 esse
598 3615 633 3677 in
654 3613 755 3678 labore
775 3633 971 3695 supervacuo.
1418 3613 1588 3676 3333333333
1606 3612 1726 3692 fiducia
1747 3614 1868 3693 salutis,
1895 3613 1994 3680 libera
2014 3618 2042 3678 et
2062 3612 2221 3694 intrepida
2242 3613 2394 3679 triburatio

483 3703 530 3762 ll.
578 3699 738 3763 Caeterum
763 3700 798 3763 in
829 3700 959 3764 seeundo
989 3699 1122 3764 numbro
1148 3699 1228 3779 ptus
1258 3700 1367 3764 veneni
1418 3717 1571 3762 remoram
1586 3699 1727 3778 potitum
1747 3699 1810 3764 imo
1826 3698 1881 3764 ubi
1896 3719 1959 3764 uon
1975 3699 2134 3765 stabilitur
2154 3699 2242 3779 quies
2260 3702 2288 3763 et
2309 3703 2394 3764 3333-

394 3785 481 3864 latet,
509 3784 563 3848 ubi
584 3805 640 3848 nos
661 3805 727 3848 una
747 3805 817 3849 cum
837 3784 906 3850 Deo
930 3785 1029 3849 iustos
1054 3804 1119 3849 esse
1145 3786 1235 3851 docet.
1280 3783 1368 3849 Satis
1418 3784 1562 3863 anillitus
1588 3803 1659 3848 cum
1684 3785 1848 3865 spiritrmli
1872 3784 1997 3868 paudio.
2047 3783 2134 3851 Unde
2156 3783 2281 3849 Pardus
2300 3783 2392 3869 (Gn

394 3874 460 3935 iam
487 3891 534 3934 me
560 3869 711 3951 probasse
737 3869 887 3950 arthro,
919 3873 1062 3950 quamuis
1087 3891 1149 3936 non
1175 3876 1240 3935 tam
1266 3871 1367 3952 pesti·
1420 3872 1449 3947 3,
1471 3869 1525 3954 18)
1547 3889 1568 3932 3
1588 3870 1833 3953 repupnantibus
1854 3871 1974 3954 mouit,
2007 3869 2225 3935 hamedhatem
2244 3889 2307 3933 non
2328 3888 2395 3936 esse

393 3959 498 4039 ferum
519 3961 596 4020 esset
616 3955 670 4020 hoe
690 3955 814 4038 doymo,
843 3957 919 4036 quia
940 3961 1042 4020 tamen
1067 3957 1220 4041 fripidum
1239 3962 1267 4020 et
1287 3957 1366 4022 ieiu-
1419 3974 1457 4018 ea
1479 3955 1558 4039 lepe:
1584 3956 1661 4036 quia
1681 3954 1736 4020 hoc
1755 3957 1844 4021 modo
1865 3956 2030 4020 exinamta
2050 3960 2128 4021 use
2146 3954 2242 4037 fides,
2263 3974 2343 4036 qaae
2362 3955 2394 4021 si

395 4063 471 4107 num
499 4047 558 4120 est,
586 4061 705 4121 suaque
733 4042 869 4106 oonhate
894 4042 1027 4124 diffluit,
1055 4044 1198 4109 sauiset
1218 4044 1289 4125 piis
1310 4042 1367 4106 leo-
1419 4060 1545 4121 operum
1571 4045 1741 4121 respectum
1760 4039 1885 4121 habam,
1913 4041 2061 4120 labascit;
2088 4039 2213 4123 manda
2240 4059 2329 4106 uerno
2354 4059 2393 4107 ex

395 4128 513 4193 toribus
541 4128 648 4191 merito
683 4126 787 4192 debere
814 4147 879 4192 esse
913 4127 1097 4208 insipidum.
1149 4129 1263 4192 Verum
1294 4127 1367 4193 haee
1418 4126 1627 4190 sanctissimis
1646 4126 1714 4191 illie
1734 4127 1864 4207 reperiet
1883 4127 1918 4192 iu
1939 4146 1998 4209 333
2019 4123 2161 4208 33333333.
2198 4124 2266 4191 Hoc
2282 4125 2394 4191 discri-

394 4215 523 4278 minime
553 4211 721 4278 tolerabilis
752 4218 796 4278 est
833 4213 994 4294 inpietas,
1029 4219 1193 4294 praetextu
1231 4213 1368 4293 duplicis
1418 4231 1488 4275 men
1508 4210 1703 4290 iustificandi
1730 4217 1758 4276 et
1784 4212 1986 4296 reperierandi
2005 4211 2101 4297 (quae
2121 4212 2183 4278 duo
2203 4210 2394 4292 confundens

394 4300 534 4365 iustitiae
560 4297 745 4379 labefactare
770 4299 886 4363 salutis
910 4298 1075 4379 fiduciam,
1106 4303 1133 4362 et
1159 4319 1216 4364 nos
1240 4304 1368 4379 raptare
1423 4295 1586 4376 Osiander,
1614 4296 1767 4377 duplicem
1787 4298 1945 4364 iustitiam
1964 4295 2120 4383 mminat)
2136 4296 2267 4378 pulchre
2288 4294 2393 4376 expri-

394 4407 493 4469 supra
524 4385 635 4463 nubes,
673 4405 711 4448 ne
740 4386 879 4466 qratiam
909 4385 1097 4465 expiationis
1132 4385 1193 4465 fide
1230 4385 1367 4464 amplexi
1418 4383 1517 4447 mitro
1537 4404 1558 4448 a
1582 4381 1696 4448 Paulo.
1740 4382 1827 4449 Nam
1852 4384 1891 4449 de
1914 4383 1996 4449 reali
2023 4403 2084 4448 sua
2109 4382 2232 4446 iustitia
2256 4381 2392 4461 mouens,
2456 4430 2466 4465 ,ἱ
2564 4388 2567 4395 “

396 4472 500 4537 Deam
522 4471 636 4552 quietis
656 4471 774 4534 animis
795 4472 976 4535 invocemus.
1021 4469 1116 4535 Ridet
1136 4490 1187 4535 eos
1212 4470 1367 4536 Osiander
1419 4468 1467 4533 cet
1486 4468 1524 4533 de
1544 4469 1718 4551 intepretati
1740 4489 1805 4550 qua
1824 4468 1958 4535 dmm
1976 4473 2044 4534 erac
2060 4467 2126 4551 (eui
2147 4466 2301 4532 osiander
2320 4465 2393 4529 ritu.

394 4559 449 4636 333
470 4556 640 4636 iustificari
661 4556 766 4621 docent
788 4576 853 4621 esse
874 4555 998 4620 verbum
1018 4556 1154 4637 forense:
1182 4557 1259 4638 quia
1281 4577 1367 4638 opor·
1418 4554 1484 4619 tum
1516 4555 1646 4635 imponit
1676 4555 1854 4620 essentialis
1885 4553 2039 4637 iustitiae)
2066 4551 2208 4632 tantur
2239 4551 2393 4617 escaria

394 4646 453 4705 teat
473 4661 528 4704 uos
549 4663 582 4706 re
610 4644 683 4721 ipsa
709 4662 775 4707 esse
802 4643 909 4707 iustos.
954 4641 1048 4706 Nihil
1074 4644 1167 4706 etiam
1191 4643 1295 4726 mapis
1321 4664 1367 4708 re-
1419 4640 1529 4723 (Rom
1550 4644 1579 4719 7,
1599 4638 1670 4724 24).·
1691 4640 1787 4705 miser
1803 4660 1865 4724 epo,
1887 4640 1960 4723 3333
1979 4658 2027 4703 me
2047 4636 2187 4702 liberabit
2208 4655 2246 4699 ex
2266 4655 2392 4718 corpore

394 4726 479 4807 spuit
499 4746 594 4806 quam
613 4747 670 4790 uos
691 4728 859 4809 iustificari
878 4729 1017 4810 pratuita
1038 4728 1246 4808 imputatione.
1285 4728 1367 4812 Ape-
1419 4727 1528 4791 mortis
1553 4725 1673 4791 hunis?
1715 4725 1771 4792 Aa
1791 4726 1948 4791 3333333333
1967 4744 2036 4788 acro
2057 4721 2236 4804 mutuamus
2255 4742 2334 4803 3333
2354 4722 2391 4787 in

393 4814 483 4889 diem,
516 4812 545 4874 si
571 4831 627 4891 reos
647 4811 737 4878 Deus
763 4835 825 4878 non
852 4813 1001 4894 iustificat
1026 4813 1206 4878 absolvendo
1231 4818 1259 4878 et
1282 4815 1368 4897 iano
1418 4813 1486 4877 sola
1508 4812 1571 4876 Dei
1591 4812 1808 4877 misericordia
1827 4811 1964 4893 fundata
1984 4813 2046 4888 est,
2067 4806 2230 4889 mapnifiee
2250 4812 2279 4872 et
2298 4806 2389 4888 uitae,

394 4897 516 4973 scendo,
548 4897 624 4976 quid
655 4897 716 4960 sibi
748 4899 812 4962 cult
841 4900 923 4964 illud
952 4899 1051 4965 Pauli
1077 4899 1111 4983 (2
1136 4898 1210 4965 Gor.
1238 4905 1266 4979 5,
1293 4900 1366 4984 21).·
1419 4904 1446 4963 et
1473 4899 1573 4976 morti,
1606 4903 1634 4962 et
1660 4898 1797 4977 probris,
1830 4901 1859 4961 et
1884 4895 2028 4973 inediae·
2047 4898 2075 4956 et
2104 4893 2213 4976 plodio
2242 4892 2391 4974 rebmque

394 4988 462 5047 erat
482 4981 572 5045 Deus
594 4982 629 5043 in
654 4980 776 5047 Christo
796 4986 947 5050 mundum
972 4986 1033 5050 sibi
1060 4986 1277 5064 reconcilians,
1305 5006 1367 5050 333
1419 4985 1561 5050 omnibus
1582 4985 1724 5049 aduersis
1744 4983 1881 5046 insriltat.
1919 4981 1997 5060 Quis
2015 4979 2170 5043 accusabit
2190 4983 2296 5044 contra
2316 4979 2390 5044 elec·

398 5072 558 5150 imputans
579 5066 756 5131 bominibus
770 5071 925 5149 peccata?
970 5070 1056 5134 Eum
1076 5073 1159 5135 enim
1180 5073 1236 5153 qui
1259 5091 1367 5152 pecca
1419 5076 1465 5134 tos
1492 5070 1570 5147 Dei,
1600 5089 1675 5151 quos
1701 5070 1767 5149 ipse
1792 5065 1964 5145 iustificat?
1992 5070 2070 5130 certo
2102 5065 2185 5129 enim
2213 5084 2391 5144 perstemus

394 5161 540 5218 tumtun
561 5152 683 5233 fecerat,
708 5173 769 5233 pro
790 5155 878 5218 nobis
892 5161 1055 5233 peceatum
1074 5158 1155 5238 feeit,
1176 5163 1211 5221 ut
1232 5176 1367 5223 33333333
1419 5176 1490 5221 sum
1511 5157 1594 5237 quod
1614 5155 1695 5219 riilril
1714 5173 1770 5217 nos
1791 5150 1949 5233 separabit
1970 5150 2008 5215 ab
2030 5170 2134 5216 amore
2154 5150 2222 5215 eius
2242 5151 2278 5215 in
2301 5149 2391 5215 Chri·

398 5240 517 5305 iustitia
538 5239 602 5304 Dei
628 5239 664 5300 iu
686 5238 749 5302 illo.
797 5238 945 5302 Primum
966 5240 1095 5319 obtineo,
1125 5243 1224 5306 iustos
1250 5246 1367 5307 umeri
1391 5306 1394 5333 Ι
1418 5247 1464 5306 sto
1486 5240 1576 5323 (ibid.
1596 5244 1625 5319 8,
1646 5239 1710 5322 33).
1756 5237 1918 5301 Iustitiam
1942 5236 2005 5300 sibi
2032 5255 2097 5301 esse
2122 5236 2205 5301 dare
2224 5236 2392 5315 praedicat

396 5329 449 5406 qui
474 5324 542 5389 Deo
568 5322 822 5402 recorzciliamur;
849 5325 959 5388 modus
985 5325 1149 5403 inseritur,
1177 5329 1258 5407 quod
1278 5327 1368 5393 Deus
1391 5336 1394 5371 ¹
1420 5348 1499 5408 quae
1520 5328 1588 5391 sota
1608 5326 1650 5390 ad
1671 5323 1801 5387 salutmn
1822 5324 1857 5386 in
1878 5321 2013 5387 solidum
2034 5322 2173 5404 sufficiat
2193 5339 2295 5384 coram
2312 5318 2389 5398 Deo,

399 5411 575 5495 innascendo
597 5408 754 5489 iustificam
781 5409 874 5473 333333
901 5410 966 5474 alio
995 5409 1057 5473 loeo
1080 5410 1260 5490 notificatio
1280 5409 1367 5477 3333-
1419 5418 1453 5476 ut
1482 5411 1643 5494 ploriandi
1672 5409 1807 5489 nomae
1838 5428 1901 5473 non
1932 5408 2052 5491 deropet
2082 5426 2120 5472 ac
2146 5404 2227 5470 nihil
2252 5424 2391 5471 remorae

396 5498 510 5561 ‚sationi
538 5495 712 5575 opponitur,
759 5496 843 5576 Quae
874 5493 1037 5560 antithesis
1067 5496 1150 5560 ctare
1180 5494 1368 5561 3333333333
1419 5498 1544 5562 iniieiat
1564 5497 1680 5559 misera
1700 5494 1759 5558 illa
1780 5495 1927 5573 seruitus,
1954 5495 2046 5558 euius
2072 5494 2132 5558 sibi
2160 5491 2298 5554 mincius
2325 5511 2391 5554 sor·

397 5582 553 5662 sumptam
579 5600 643 5665 esse
670 5581 813 5660 loquendi
838 5582 973 5662 forciam
998 5601 1020 5644 a
1045 5579 1164 5661 forerrsi
1189 5599 1257 5643 usu.
1303 5581 1368 5645 Nec
1419 5586 1478 5646 tem
1505 5598 1598 5645 33333
1621 5580 1719 5660 paulo
1741 5585 1812 5644 ante
1839 5580 1972 5659 deflebat.
2016 5579 2103 5643 Haec
2124 5577 2290 5642 diversitas
2311 5576 2391 5642 satis

289 5698 294 5711 ·
396 5688 468 5732 cera
486 5667 653 5749 anismam
674 5668 922 5753 mediocritergin
940 5668 1050 5750 linpua
1066 5664 1212 5731 hebraica
1227 5669 1369 5731 33333333
1421 5672 1492 5732 nota
1513 5671 1556 5729 est
1577 5666 1710 5747 adeoque
1737 5666 1917 5748 familiaris
1942 5666 2060 5732 sanctis
2086 5662 2226 5728 cornibus
2253 5663 2307 5742 qui
2333 5662 2390 5728 sut

506 5820 583 5911 0:0⁸3
657 5828 668 5855 ι
760 5866 770 5887 ο
826 5826 873 5857 ··

501 5912 631 5999 ιιι·ο
685 5922 734 5999 ι..

700 6036 894 6069 .¹.

587 6086 881 6135 ,ιιι
