5600 6809
397 760 479 835 1661
1043 762 1310 834 1666166610
1332 763 1437 829 aaa.
1461 760 1643 827 oflalsr.
1669 767 1761 826 1651.
2328 766 2417 831 roos

394 956 535 1035 cludere,
558 956 699 1038 nequis,
723 953 801 1018 dum
819 952 919 1018 fidem
936 954 1098 1017 nominari
1123 954 1225 1030 audit,
1249 953 1373 1017 nudam
1424 949 1666 1013 manifestatam
1688 957 1766 1015 tunc
1794 950 1926 1015 demum
1947 952 2048 1017 fuisse
2075 944 2191 1026 111616,
2220 974 2325 1035 quum
2355 975 2412 1018 as-

394 1041 664 1125 imaginationem
688 1041 858 1122 concipiat.
911 1038 978 1104 Eos
1004 1059 1073 1104 vero
1087 1040 1157 1120 ‚qai
1180 1059 1303 1103 coermm
1325 1059 1374 1102 eo
1425 1043 1556 1117 sumpta
1577 1043 1691 1100 nostra
1713 1056 1825 1113 carne,
1848 1037 1936 1102 filius
1960 1037 2024 1103 Dei
2047 1060 2081 1102 66
2103 1039 2277 1103 visendum
2301 1039 2409 1105 oculis

393 1129 462 1194 luat
478 1133 622 1193 externae
639 1127 740 1192 solam
745 1126 955 1207 professionis
971 1130 1076 1190 aotam
1093 1145 1166 1203 esse,
1185 1144 1268 1188 1111116
1279 1145 1374 1205 pree-
1424 1121 1640 1203 manibusque
1662 1121 1862 1203 palpandum
1888 1124 2049 1205 praebuit.
2093 1123 2181 1187 Nam
2208 1125 2270 1189 etsi
2298 1127 2409 1189 virtu-

392 1218 487 1279 tereo:
508 1214 585 1295 qaia
606 1214 687 1276 setis
708 1232 816 1276 eoram
837 1232 973 1276 errorem
994 1213 1148 1292 refutasse
1169 1210 1248 1274 mibi
1268 1210 1374 1274 videor
1425 1213 1494 1271 16111
1520 1207 1611 1288 prius
1646 1217 1774 1289 quoque
1802 1230 1897 1273 suam
1925 1210 1958 1273 in
1988 1216 2155 1274 creaturas
2189 1209 2406 1288 diffundebat,

371 1301 490 1382 'quma
517 1319 639 1382 operam
664 1299 702 1362 de
729 1298 935 1362 sacrementis
961 1298 997 1360 ia
1021 1317 1138 1380 praere.
1183 1295 1251 1360 Hoc
1272 1295 1374 1360 solam
1425 1292 1504 1374 quia
1529 1299 1640 1356 tamen
1675 1292 1781 1371 homo,
1810 1315 1869 1376 per
1897 1303 2067 1377 peccatum
2089 1317 2109 1359 a
2130 1295 2203 1359 Deo
2231 1296 2404 1375 alienatus,

394 1384 551 1450 observent
571 1385 709 1450 lectores:
736 1384 812 1447 dam
834 1382 919 1447 colia
946 1388 1072 1446 occatur
1098 1382 1209 1464 foedas
1236 1382 1270 1445 ia
1299 1402 1372 1445 sori·
1425 1379 1717 1442 communicatione
1738 1380 1826 1443 vitae
1848 1380 1984 1461 perdita,
2008 1388 2149 1444 mortem
2170 1381 2312 1463 undique
2330 1404 2406 1448 cer·

358 1485 362 1491 ·
391 1472 501 1554 paim,
525 1470 771 1551 promissionem
798 1467 937 1549 exprimi
965 1488 1045 1548 qaae
1072 1468 1115 1531 od
1141 1467 1235 1547 fidem
1260 1466 1372 1547 confir-
1424 1464 1524 1528 nebat
1545 1464 1607 1528 sibi
1629 1465 1873 1544 imminentem,
1896 1473 1935 1530 nt
1957 1488 2048 1549 spem
2071 1467 2328 1532 immortalitatis
2350 1489 2406 1532 re-

393 1557 544 1622 moadom
568 1556 678 1621 caleat.
715 1554 801 1620 ome
818 1554 968 1633 requirar,
985 1555 1051 1617 aisi
1074 1554 1109 1617 ia
1128 1552 1232 1617 Deam
1245 1552 1372 1634 respici
1424 1550 1555 1631 ciperet,
1574 1550 1609 1613 in
1627 1550 1697 1613 61116
1713 1550 1806 1615 verbi
1824 1554 2086 1616 communionem
2105 1553 2206 1635 recipi
2222 1552 2405 1635 oportebat.

392 1662 474 1721 mus,
497 1648 525 1707 et
546 1641 761 1723 amplectimur
777 1640 859 1721 qaod
875 1640 971 1719 offert,
994 1658 1050 1704 reos
1072 1659 1165 1704 sacro
1182 1659 1274 1704 6661111
1294 1643 1372 1702 recte
1424 1632 1630 1715 Quantulam
1647 1637 1735 1699 enim
1751 1636 1906 1702 fiduciam
1922 1638 1999 1702 inde
2016 1638 2188 1722 concipias,
2207 1640 2235 1703 si
2247 1638 2313 1703 Dei
2330 1641 2405 1722 qui-

393 1747 457 1793 non
478 1729 535 1792 uti,
1424 1720 1499 1784 dem
1521 1720 1669 1799 verbum,
1692 1741 1712 1784 a
1733 1742 1796 1804 quo
1818 1725 2055 1789 remotissimus
2077 1726 2131 1804 sis,
2155 1725 2242 1789 vitae
2258 1725 2404 1807 plenitu-

482 1818 510 1877 7.
555 1812 669 1894 Neque
691 1811 740 1874 illi
753 1810 778 1895 ¹)
796 1817 968 1892 praeterea
988 1810 1071 1874 mihi
1093 1809 1298 1875 satisfaciunt
1316 1811 1371 1892 qui
1424 1804 1535 1870 dinem
1556 1807 1592 1869 in
1614 1828 1649 1870 66
1672 1808 1837 1872 6611116616
1860 1809 1989 1887 audias,
2013 1811 2047 1872 in
2070 1817 2104 1874 te
2127 1819 2238 1874 autem
2269 1811 2342 1893 ipso
2365 1831 2403 1878 ac

393 1898 587 1963 nonnullam
616 1896 709 1961 nobis
740 1917 811 1961 esse
839 1918 916 1961 cum
943 1895 1079 1960 Christo
1108 1896 1371 1960 communionem
1424 1893 1674 1975 circumquaque
1696 1893 1781 1956 nihil
1801 1903 1933 1976 praeter
1952 1903 2092 1960 mortem
2116 1902 2259 1960 ocmrrot
2281 1903 2308 1961 et
2332 1904 2404 1962 oate

392 1991 615 2067 agnoscentes,
639 2004 711 2047 eam
735 1982 814 2046 dum
842 1981 1013 2046 ostendere
1034 1982 1165 2057 volunt,
1193 2002 1253 2045 nos
1276 1982 1370 2063 spiri·
1423 1978 1525 2042 oculos
1546 1978 1708 2042 versetur?
1750 1981 1797 2043 At
1817 2002 1911 2058 vero,
1947 1981 2402 2048 6111666111611166116111-

392 2077 448 2134 tus
480 2069 576 2134 modo
606 2069 782 2152 participes
810 2068 955 2144 faciunt,
989 2069 1165 2149 praeterita
1197 2068 1304 2132 carnis
1338 2073 1371 2131 et
1423 2070 1495 2127 tare
1517 2064 1552 2127 in
1579 2085 1678 2129 carne
1705 2073 1818 2129 nostra
1846 2067 1965 2149 coepit,
1994 2068 2060 2131 iam
2081 2088 2148 2131 non
2170 2067 2285 2149 procul
2306 2069 2402 2135 nobis

392 2156 562 2239 sanguinis
583 2155 757 2218 mentione.
804 2152 908 2233 Quasi
936 2174 1013 2217 vero
1042 2152 1099 2216 illa
1126 2154 1236 2216 omnia
1259 2152 1298 2216 de
1320 2154 1370 2216 ni·
1423 2149 1632 2214 absconditus
1650 2149 1739 2228 latet,
1763 2150 1820 2216 sed
1838 2173 1949 2217 coram
1970 2175 2005 2217 se
2023 2153 2287 2234 participandum
2306 2155 2402 2218 exhi-

391 2240 461 2305 hilo
479 2240 566 2306 dicta
583 2241 699 2317 forent,
723 2260 855 2304 carnem
872 2239 944 2303 eius
961 2258 1039 2303 vere
1061 2259 1133 2303 esse
1154 2239 1271 2316 cibum,
1296 2259 1371 2302 san-
1422 2233 1485 2299 bet.
1532 2232 1623 2315 Quin
1645 2242 1678 2298 61
1699 2237 1814 2319 ipsam,
1837 2239 1873 2301 in
1895 2260 1961 2320 qua
1982 2237 2111 2315 residet,
2135 2243 2270 2303 oa'rnom
2292 2242 2401 2305 vivifi-

391 2327 528 2410 guinem
549 2327 618 2390 eius
635 2346 799 2391 16166666
821 2332 950 2406 116111111;
969 2345 1037 2387 non
1055 2323 1371 2407 161616111611111161
1423 2339 1495 2383 cam
1517 2321 1610 2384 nobis
1632 2321 1757 2400 reddit,
1780 2330 1818 2386 61
1839 2324 1910 2388 6166
1931 2325 2180 2407 participatione
2202 2325 2401 2390 6111611661-

393 2413 449 2494 qui
471 2433 603 2476 carnem
624 2411 716 2475 illam
738 2409 987 2475 manducaverit
1009 2418 1043 2474 et
1064 2409 1260 2493 sanguinem
1280 2408 1371 2473 biba-
1423 2405 1584 2470 talitatem
1606 2426 1786 2488 pascamur.
1830 2410 1904 2493 Ego
1926 2432 2016 2488 sum,
2039 2411 2160 2493 inquit,
2187 2412 2282 2492 panis
2310 2412 2400 2477 11166

392 2499 452 2574 111,
482 2505 515 2561 61
538 2517 622 2578 quae
645 2495 760 2560 eodem
780 2496 955 2578 pertinent.
1001 2494 1127 2575 Quare,
1157 2495 1186 2558 si
1207 2495 1295 2559 ultra
1317 2516 1370 2558 eo-
1423 2493 1479 2572 qui
1498 2491 1538 2555 de
1557 2492 1645 2556 coelo
1669 2492 1836 2574 descendi;
1853 2503 1887 2559 et
1903 2497 1999 2577 panis
2017 2517 2113 2578 quem
2132 2517 2193 2580 ego
2212 2495 2306 2575 dabo,
2325 2519 2401 2563 caro

392 2603 469 2647 rum
498 2581 748 2663 descriptionem
777 2581 826 2665 (ut
854 2583 952 2646 aimis
978 2582 1121 2645 restricto
1143 2579 1201 2664 est)
1231 2579 1370 2644 solidam
1423 2597 1497 2641 mea
1527 2585 1590 2655 est,
1620 2598 1720 2659 quam
1741 2601 1801 2663 ogo
1824 2580 1907 2645 dabo
1930 2602 1990 2664 pro
2023 2582 2137 2645 mundi
2168 2583 2240 2646 vita
2268 2582 2399 2666 (Ioann.

393 2666 520 2732 Ohristi
555 2667 817 2732 communionem
850 2666 1003 2749 progredi
1031 2673 1173 2744 constat,
1203 2687 1370 2749 quousque
1424 2664 1630 2746 11486151).
1670 2663 1799 2744 Quibus
1816 2667 1925 2731 verbis
1943 2666 2047 2745 docet,
2068 2688 2133 2731 666
2142 2667 2240 2732 modo
2251 2690 2286 2733 se
2297 2671 2402 2733 vitam

393 2758 507 2835 pateat
535 2761 569 2817 et
596 2773 667 2817 sese
694 2753 853 2835 proferat,
883 2753 994 2834 paucis
1022 2753 1238 2835 perstringere
1265 2773 1371 2835 61916-
1422 2769 1502 2828 esse,
1525 2756 1686 2830 quatenus
1715 2771 1822 2815 sermo
1843 2760 1893 2816 661
1915 2751 1980 2818 1)61
2001 2760 2163 2832 66161666,
2192 2755 2247 2837 qui
2269 2776 2287 2818 e
2310 2755 2402 2819 coelo

394 2838 485 2918 dior,
513 2843 679 2919 6111616661
706 2839 744 2902 de
769 2839 925 2902 eordrorio
950 2838 1025 2902 citio
1047 2858 1188 2903 excesstes
1208 2838 1370 2919 661111116-
1423 2833 1465 2898 ad
1496 2855 1557 2898 nos
1586 2833 1767 2914 descendit,
1791 2837 1849 2902 sed
1881 2837 2107 2904 descendendo
2140 2840 2208 2905 11111
2233 2841 2331 2904 istam
2365 2843 2403 2906 in

393 2925 484 2989 ciem
528 2923 604 2988 Erit
630 2924 712 2986 euim
733 2922 814 2986 mibi
840 2923 960 3006 leapior
987 2943 1057 2987 cam
1077 2923 1282 3006 hyperbolicis
1302 2925 1370 2988 doe-
1422 2941 1555 2985 carnem
1577 2940 1676 3002 quam
1693 2921 1811 3002 induit,
1830 2923 2008 3004 diffudisse,
2027 2932 2065 2989 ut
2080 2925 2158 2989 inde
2175 2924 2216 2988 ad
2233 2946 2292 2989 nos
2311 2927 2401 2991 vitae

392 3009 512 3074 toribus
540 3009 725 3090 dispatotio,
755 3009 810 3090 qai
841 3009 917 3073 dem
932 3029 994 3090 pro
1016 3030 1077 3073 sac
1098 3010 1242 3073 crassitie
1262 3009 1372 3074 obsor-
1422 3005 1673 3071 communicatio
1694 3018 1912 3089 promanaret.
1957 3010 2047 3076 Hinc
2070 3019 2103 3075 61
2123 3011 2179 3074 illa
2199 3011 2265 3075 iam
2283 3031 2401 3077 conse-

392 3095 469 3161 dum
502 3095 613 3159 edendi
640 3099 667 3159 et
695 3094 819 3159 bibendi
845 3095 971 3159 medum
1003 3096 1173 3175 fabricant,
1212 3093 1371 3159 Christum
1422 3101 1587 3173 quuntur,
1616 3093 1704 3174 quod
1735 3115 1811 3158 caro
1839 3096 1910 3160 eius
1937 3117 2013 3161 1616
2046 3105 2097 3161 661
2125 3097 2229 3175 cibus,
2262 3099 2401 3181 sanguis

392 3200 511 3262 meoque
531 3200 624 3245 eorm
645 3202 705 3246 suo
726 3184 853 3244 matam
869 3181 905 3244 iri
921 3180 1115 3262 pboatcsmo
1135 3181 1371 3263 boasfiporoat.
1422 3178 1492 3242 eius
1513 3197 1590 3242 vere
1613 3186 1663 3242 est
1679 3187 1785 3262 potus,
1803 3181 1921 3262 quibus
1939 3181 2104 3246 alimentis
2122 3183 2158 3246 in
2174 3182 2277 3247 vitam
2293 3191 2402 3248 66161-

393 3264 433 3331 si
455 3277 567 3330 tamen
593 3265 669 3332 ullis
696 3267 806 3330 verbis
828 3266 999 3347 complecti
1024 3273 1155 3331 tanturn
1176 3267 1371 3350 mysterium
1422 3284 1501 3326 nam
1521 3262 1635 3328 fideles
1657 3263 1845 3330 educantur.
1891 3268 1933 3331 In
1955 3268 2017 3333 hoc
2045 3275 2123 3352 erg'o
2153 3269 2217 3333 sita
2244 3270 2306 3351 piis
2331 3270 2403 3334 exi-

392 3351 502 3431 lioeat,
525 3352 609 3433 quod
631 3373 674 3416 ne
696 3351 806 3415 animo
829 3350 962 3433 quidem
983 3354 1062 3417 satis
1083 3373 1137 3416 me
1159 3352 1371 3435 comprehen-
1422 3348 1490 3412 mia
1517 3350 1713 3428 consolatio,¹
1740 3351 1826 3433 quod
1847 3353 1951 3417 vitam
1974 3354 2006 3416 in
2035 3355 2170 3436 propria
2192 3376 2290 3419 carne
2313 3375 2403 3420 nunc

392 3437 470 3502 dere
503 3438 612 3515 video,
643 3445 676 3502 et
709 3437 850 3502 libenter
878 3437 951 3501 ideo
979 3438 1097 3515 fateor,
1125 3460 1167 3502 116
1200 3439 1272 3520 quis
1300 3437 1371 3502 eius
1423 3435 1600 3516 reperiunt.
1646 3433 1703 3500 Sic
1725 3438 1814 3500 enim
1836 3458 1904 3501 non
1924 3439 2021 3503 modo
2043 3441 2132 3505 facili
2154 3438 2196 3503 ad
2214 3462 2287 3506 eam
2309 3440 2403 3506 aditu

392 3523 627 3588 sublimitatem
645 3523 801 3588 infantiae
822 3544 914 3587 meae
932 3523 1064 3588 modulo
1085 3524 1248 3587 metiatur.
1278 3521 1371 3602 Quin
1422 3528 1606 3601 penetrant,
1626 3519 1683 3585 sed
1694 3522 1781 3586 ultro
1800 3523 1862 3587 sibi
1880 3527 2063 3606 expositam
2074 3527 2249 3591 otobviam
2267 3527 2402 3593 habent

391 3610 499 3691 potins
521 3609 659 3674 lectores
677 3610 800 3687 hortor,
830 3630 871 3672 ne
893 3609 982 3672 intra
1001 3610 1081 3674 istos
1103 3609 1244 3673 nimium
1267 3629 1371 3691 angu-
1424 3604 1542 3670 Cordis
1575 3608 1684 3671 sinum
1716 3615 1846 3673 tantum
1878 3611 2076 3692 protendant
2103 3632 2168 3693 quo
2195 3621 2403 3694 praesentem

393 3701 460 3759 stos
482 3696 574 3773 fines,
597 3696 718 3759 mentis
740 3716 874 3759 sensum
892 3696 1096 3775 contineant;
1118 3694 1176 3759 sed
1198 3694 1301 3758 multo
1324 3694 1371 3757 al-
1424 3691 1663 3774 amplexentur,
1686 3701 1720 3757 et
1742 3715 1814 3758 eam
1836 3695 2038 3761 obtinebunt.
2434 3766 2439 3776 Ι

392 3780 459 3843 tius
482 3801 653 3863 assurgere
674 3779 882 3858 contendant,
905 3801 1004 3863 quam
1021 3802 1095 3845 meo
1112 3780 1213 3845 ductu
1234 3781 1370 3863 possint.
1510 3784 1538 3840 9.
1583 3778 1658 3842 Etsi
1680 3788 1790 3843 autem
1812 3788 1941 3845 tantam
1963 3782 2034 3848 ase
2054 3784 2126 3864 ipsa
2147 3784 2305 3848 virtutem
2335 3804 2403 3848 non

393 3864 481 3928 Nam
499 3886 559 3947 ego
578 3868 656 3948 ipse,
676 3866 802 3949 quoties
821 3866 883 3930 hac
901 3866 942 3930 de
959 3888 995 3931 re
1013 3887 1120 3931 sermo
1142 3873 1201 3944 est,
1224 3867 1280 3931 ubi
1303 3887 1371 3929 cm·
1425 3862 1525 3926 habet
1547 3862 1674 3927 Christi
1695 3885 1785 3944 caro,
1808 3874 1847 3929 ut
1866 3889 1927 3932 nos
1949 3870 2112 3944 vivificet,
2135 3890 2219 3950 quae
2240 3878 2274 3933 et
2295 3871 2404 3952 prima

393 3950 450 4015 nia
467 3948 574 4016 dicere
592 3960 729 4017 conatus
747 3973 830 4029 sum,
852 3973 971 4034 parum
994 3951 1102 4017 adhuc
1119 3953 1202 4016 mihi
1223 3952 1372 4035 precius
1424 3969 1484 4011 sua
1506 3948 1691 4013 conditione
1712 3952 1906 4016 mortalitati
1927 3955 2066 4030 obnoxia
2087 3954 2318 4030 1611616666
2339 3958 2403 4020 im-

394 4035 553 4118 dignitate
584 4035 713 4101 dixisse
748 4036 869 4102 videor.
920 4037 1117 4120 Quanquam
1146 4045 1256 4102 autem
1284 4038 1371 4121 cogi-
1424 4034 1621 4099 mortalitate
1652 4036 1801 4117 praedita
1825 4060 1884 4119 per
1913 4059 1948 4103 so
1976 4061 2044 4104 non
2071 4040 2166 4119 11111;
2195 4041 2267 4106 1616
2283 4040 2403 4106 ι1611166

392 4120 494 4186 tando
517 4123 648 4187 animus
669 4123 744 4204 plus
765 4123 860 4202 valet,
882 4145 981 4206 quam
1009 4124 1123 4207 lingua
1148 4123 1370 4207 exprimendo,
1423 4120 1556 4185 11111166
1577 4120 1697 4184 dicitur
1719 4143 1804 4204 quae
1830 4125 1918 4189 vitae
1947 4124 2153 4207 plenitudine
2181 4127 2313 4208 perlusa
2339 4134 2400 4204 cst,

393 4207 442 4271 161
469 4215 581 4272 tamen
603 4207 831 4292 magnitudine
858 4209 914 4273 ille
943 4230 1069 4292 quoque
1092 4209 1238 4275 vincitur
1260 4210 1371 4274 61611-
1424 4227 1523 4288 quam
1545 4205 1587 4270 ad
1608 4226 1669 4271 nos
1689 4210 1935 4275 transmitteret.
1980 4212 2023 4275 In
2045 4233 2141 4294 quem
2164 4233 2296 4277 sensum
2317 4211 2400 4275 illud

393 4295 510 4357 ruitur.
562 4294 679 4376 Itaque
700 4293 784 4358 nihil
806 4293 939 4358 demum
961 4304 1063 4360 restat
1091 4296 1157 4359 nisi
1180 4301 1217 4359 ut
1243 4296 1279 4359 in
1302 4296 1371 4360 eius
1425 4291 1550 4356 Christi
1572 4292 1697 4364 dictum
1719 4295 1843 4360 cumO
1886 4296 1941 4361 illo
1960 4299 2173 4380 interpretor:
2197 4300 2279 4362 sicut
2301 4305 2400 4382 pater

393 4379 545 4462 mysterii
572 4378 820 4444 admirationem
846 4400 1074 4462 prorumpam,
1108 4382 1162 4445 cui
1189 4403 1250 4446 nec
1277 4403 1371 4445 mens
1423 4379 1529 4442 vitam
1550 4378 1651 4443 habet
1677 4380 1712 4443 in
1739 4393 1928 4464 semetrpso,
1952 4384 1999 4448 ita
2026 4392 2060 4448 et
2085 4383 2154 4448 filio
2181 4383 2269 4446 dedit
2294 4384 2402 4447 vitam

393 4463 490 4545 plane
523 4464 712 4542 coritando,
746 4485 808 4530 nec
840 4466 955 4547 lingua
986 4466 1179 4548 explicando
1212 4489 1272 4550 par
1300 4488 1371 4532 esse
1423 4463 2081 4552 16161616661116111166(Ι66611626).
2118 4469 2191 4534 Illic
2212 4469 2301 4533 enim
2321 4489 2401 4549 pro-

393 4557 510 4631 potest.
556 4519 747 4616 §amentiae
776 4557 891 4615 tamen
912 4571 1004 4615 meae
1026 4573 1189 4617 summam
1208 4573 1371 4635 exponam
1422 4551 1493 4631 prio
1520 4550 1561 4613 de
1588 4550 1657 4614 suis
1685 4549 1814 4618 dotibus
1847 4553 1991 4633 disserit,
2026 4576 2093 4619 non
2126 4574 2205 4636 quas
2233 4555 2273 4619 ab
2305 4554 2402 4620 initio

392 4643 574 4718 utcunque:
598 4658 698 4719 quam
718 4644 755 4700 ut
775 4637 860 4701 nihil
879 4635 992 4701 dubito
1010 4659 1123 4701 1616111
1141 4658 1220 4717 esse,
1240 4640 1288 4703 ita
1308 4639 1372 4721 piis
1424 4636 1511 4718 apud
1530 4643 1661 4719 patrem
1681 4637 1882 4720 possidebat,
1906 4640 1963 4705 sed
1984 4640 2103 4723 quibus
2124 4646 2260 4705 61116166
2281 4640 2344 4703 fuit
2366 4641 2402 4704 in

393 4721 579 4802 pectoribus
601 4743 668 4785 non
686 4723 907 4804 improbatum
928 4723 971 4785 iri
994 4722 1130 4788 confido.
1423 4742 1463 4786 ea
1484 4723 1555 4803 11166
1576 4743 1675 4786 66166
1696 4723 1732 4787 16
1755 4746 1820 4806 qua
1840 4727 2005 4808 apparuit,
2027 4725 2164 4808 proinde
2182 4727 2217 4789 in
2241 4747 2300 4791 sua
2322 4748 2403 4808 quo·

480 4811 509 4871 8.
528 4808 679 4872 Primum
698 4808 847 4872 omnium
864 4828 882 4871 6
901 4808 1072 4891 scripturis
1091 4807 1253 4888 docemur,
1273 4809 1371 4874 Chri·
1424 4829 1486 4890 que
1506 4808 1712 4871 humanitate
1730 4809 1817 4873 vitae
1828 4810 2067 4893 plenitudinem
2077 4812 2228 4876 habitare
2240 4811 2400 4876 ostendit:

394 4897 482 4955 stum
504 4891 544 4955 ab
565 4893 658 4957 initio
686 4893 855 4959 vivificum
876 4894 959 4957 illud
979 4896 1081 4977 patris
1103 4895 1241 4959 verbum
1262 4896 1370 4974 fuisse,
1424 4903 1462 4959 ut
1489 4893 1636 4976 quisquis
1663 4895 1755 4957 carni
1785 4916 1865 4959 suae
1895 4917 1932 4961 ac
1962 4897 2116 4980 sanguini
2144 4898 2404 4975 communicarit,

394 4975 483 5040 ritae
511 4977 634 5041 fontem
655 4985 688 5042 et
710 4979 885 5062 originem,
908 4979 995 5045 unde
1024 4980 1135 5044 onmia
1162 4987 1200 5043 ut
1221 4981 1372 5045 viverent
1424 4980 1513 5044 vitae
1534 4977 1782 5059 participatione
1803 4982 1903 5046 simul
1924 4982 2062 5047 fruatur.
2104 4984 2145 5047 Id
2162 4985 2257 5066 quale
2279 4985 2330 5063 sit,
2353 4985 2406 5049 fa·

396 5080 526 5143 semper
547 5073 749 5146 acceperunt.
786 5063 899 5144 Quare
917 5065 1059 5131 Ioannes
1076 5085 1166 5130 nunc
1188 5087 1373 5130 sermonem
1425 5064 1547 5129 miliari
1585 5063 1735 5146 exemplo
1778 5068 1941 5149 explicare
1974 5069 2058 5133 licet.
2116 5068 2406 5150 Quemadmodum

395 5147 485 5211 11166
502 5157 671 5230 66666161
693 5151 725 5235 (l
751 5151 865 5216 Ioann.
889 5156 915 5230 l,
941 5151 989 5235 1),
1012 5174 1099 5218 nunc
1120 5153 1156 5217 in
1177 5152 1248 5235 ipso
1270 5153 1373 5216 vitam
1426 5151 1515 5216 enim
1533 5148 1651 5213 alonte
1669 5170 1753 5232 aqua
1770 5175 1857 5220 nunc
1875 5153 2008 5234 bibitur,
2028 5176 2116 5221 nuno
2134 5155 2295 5234 hauritur,
2313 5177 2406 5222 nunc

395 5232 496 5317 firisse
518 5232 631 5298 scribit
653 5236 783 5320 (Ioann.
813 5241 845 5313 l,
871 5239 921 5320 4),
946 5238 1135 5320 significans
1156 5238 1252 5303 illum
1273 5238 1394 5311 etiam¹
1425 5258 1485 5320 per
1513 5234 1642 5300 canales
1672 5236 1850 5321 irrigandis
1878 5243 1967 5325 agris
1994 5239 2182 5321 deducitur,
2212 5243 2269 5324 qui
2292 5249 2407 5306 tamen

394 5325 465 5383 tum
494 5325 662 5386 creaturas
688 5342 800 5386 omnes
827 5323 1036 5402 influentem,
1064 5325 1133 5389 vim
1160 5322 1307 5406 spirandi
1335 5344 1373 5388 ac
1424 5345 1491 5388 non
1514 5343 1534 5386 6
1554 5340 1590 5385 66
1609 5321 1680 5403 ipso
1703 5323 1862 5391 exuberat
1882 5328 1917 5391 in
1936 5334 1985 5391 tot
2002 5348 2091 5405 usus,
2110 5327 2168 5392 sed
2186 5325 2316 5410 abipsa
2332 5346 2407 5392 sca·

395 5404 529 5470 vivendi
551 5406 597 5470 eis
619 5406 805 5470 instillasse.
851 5406 946 5487 Idem
966 5415 1078 5473 tamen
1099 5417 1214 5492 postea
1232 5409 1371 5487 subiicit,
1424 5411 1583 5494 turigino,
1605 5428 1687 5489 quae
1713 5413 1852 5491 perenni
1878 5414 1973 5476 fluxu
1994 5432 2115 5478 novam
2142 5411 2280 5479 subinde
2302 5413 2408 5496 largi-

1425 5502 1527 5561 tatem
1548 5492 1597 5559 illi
1619 5495 1739 5560 sufficit
1766 5517 1804 5561 ac
1831 5498 2073 5576 subministrat,
2096 5500 2145 5564 ita
2172 5496 2299 5563 Christi
2326 5519 2407 5565 caro

479 5582 567 5587 ””“
581 5581 599 5586 “
1424 5583 1531 5647 instar
1551 5581 1651 5644 fontis
1672 5589 1722 5645 est
1744 5579 1855 5648 divitis
1876 5592 1910 5648 et
1930 5584 2128 5663 inexhausti,
2174 5605 2235 5648 uae
2257 5584 2363 5649 vitam
2387 5607 2410 5651 a

465 5674 494 5743 1)
511 5678 607 5747 Neque
626 5678 698 5730 enim
717 5675 792 5731 1607.
812 5675 887 5732 1617.
1425 5666 1597 5733 divinitate
1618 5667 1654 5729 in
1681 5667 1843 5749 seipsam
1872 5669 2105 5735 scaturientem
2204 5691 2265 5736 nos
2293 5679 2409 5739 11666-
