5600 6809
396 754 481 818 1063
703 793 704 796 ¹
759 748 762 753 ’
1041 740 1307 824 INSTITUTIO
1324 742 1435 853 REI».
1458 741 1638 810 CHRIS'P.
1663 749 1755 811 1559.
2314 748 2403 809 1064

397 937 513 1022 quibus
542 935 690 1019 placetur
710 929 821 1017 13001)
845 929 961 1017 (Hebr.
984 935 1031 1010 13,
1055 932 1117 1015 16).
1164 931 1220 997 Sic
1241 931 1369 1014 Philip·
1424 937 1457 994 66
1484 931 1685 1014 simplicibus
1715 931 1842 1011 verbis,
1877 934 1983 1016 qualis
2010 936 2053 1000 sit
2086 936 2292 1001 sanctissima
2324 936 2402 1019 ipsa

396 1023 548 1106 pensium
569 1019 765 1103 benignitas,
784 1040 849 1101 qua
865 1017 963 1083 Pauli
983 1017 1128 1100 inopiam
1149 1018 1368 1094 sublevarent,
1422 1017 1541 1082 missac
1563 1017 1732 1095 sanctitas3
1751 1015 1792 1081 ob
1809 1039 1907 1100 quam
1924 1020 2004 1085 adeo
2022 1020 2207 1103 spectabilis
2229 1042 2300 1087 esse
2321 1029 2401 1086 tan·

397 1108 505 1172 hostia
530 1107 634 1171 bonae
662 1105 861 1188 fragrantiae
892 1102 993 1187 (Phil.
1012 1110 1047 1182 4,
1071 1104 1134 1187 18).
1180 1102 1236 1169 Sic
1258 1102 1370 1168 omnia
1423 1110 1519 1184 taque
1536 1103 1572 1167 16
1593 1103 1805 1168 veneratione
1827 1103 1940 1169 haberi
1961 1106 2086 1189 aliquot
2106 1107 2244 1172 saeculis
2264 1108 2401 1171 meruit

396 1191 541 1258 fidelium
569 1193 654 1256 bona
676 1211 783 1272 opera,
805 1189 990 1272 spirituales
1010 1188 1145 1254 hostiae.
1424 1188 1511 1251 Nam
1532 1195 1566 1252 et
1586 1194 1681 1252 tanta
1698 1188 1779 1254 haec
1796 1191 1954 1275 mysteria
1969 1214 2029 1274 pro
2047 1191 2205 1276 dignitate
2227 1191 2401 1271 illustrari,

487 1283 535 1342 17.
578 1279 625 1342 Et
646 1276 724 1360 quid
745 1276 849 1340 multa
868 1274 1067 1358 persequor?
1112 1271 1259 1341 Subinde
1282 1275 1371 1338 enim
1423 1275 1555 1338 maioris
1576 1275 1683 1356 operis
1705 1275 1803 1338 166616
1810 1298 1818 1355 ;
1840 1282 1873 1339 ct
1893 1276 1966 1342 illas
1983 1277 2157 1344 obscoenas
2180 1279 2289 1344 sordes
2310 1299 2403 1360 quae

398 1365 434 1429 in
461 1363 632 1446 scripturis
660 1363 799 1428 recurrit
826 1362 906 1426 haec
933 1359 1087 1441 loquendi
1114 1360 1228 1424 forma.
1280 1359 1371 1440 Quin
1424 1366 1500 1423 ante
1528 1360 1636 1424 oculos
1665 1380 1785 1442 oraque
1813 1362 1959 1427 omnium
1993 1371 2183 1442 vorsantur,
2217 1364 2403 1429 admiscere

399 1451 499 1516 etiam
521 1449 599 1513 dum
621 1448 728 1512 adhuc
745 1446 806 1513 sub
826 1454 963 1510 externa
984 1446 1066 1529 legis
1085 1446 1283 1530 paedagogia
1305 1444 1371 1509 Dei
1423 1444 1512 1509 nolo:
1532 1452 1571 1508 ut
1580 1465 1692 1509 omnes
1703 1446 1898 1530 intelligant,
1910 1449 2044 1514 missam
2053 1450 2089 1512 in
2102 1449 2317 1515 selectissima
2327 1470 2401 1527 sua,

398 1536 538 1620 populus
559 1533 795 1612 continebatur,
817 1533 896 1597 satis
917 1539 1029 1596 tamen
1052 1533 1280 1613 exprimebant
1295 1552 1370 1614 pro-
1424 1539 1457 1594 66
1478 1549 1541 1611 666
1561 1531 1705 1595 maxime
1731 1531 1895 1596 venditari
1922 1542 2042 1616 potest,
2070 1536 2260 1619 integritate
2282 1557 2402 1618 accep-

399 1623 533 1706 phetae,
555 1619 685 1685 subesse
706 1618 771 1683 illis
792 1618 980 1683 carnalibus
1002 1618 1167 1682 sacrificiis
1188 1619 1369 1694 veritatem,
1423 1624 1506 1694 tam,
1528 1617 1598 1681 sine
1620 1617 1689 1680 suis
1710 1618 1955 1700 appendicibus,
1979 1641 1999 1684 a
2019 1620 2128 1686 radice
2149 1620 2192 1685 ad
2217 1622 2401 1705 fastigium,

399 1729 483 1791 quae
510 1706 707 1771 christianae
734 1704 887 1770 ccclesiae
917 1723 992 1767 oum
1014 1701 1143 1767 iudaica
1164 1711 1262 1786 gente
1284 1724 1371 1768 com·
1424 1702 1513 1765 omni
1542 1722 1662 1784 genere
1688 1703 1880 1785 impietatis,
1913 1705 2150 1788 blasphemiae,
2182 1707 2401 1785 idololatriae,

400 1793 510 1857 munis
537 1798 595 1855 cst.
645 1788 720 1870 Qua
745 1791 871 1854 ratione
902 1789 1097 1873 precabatur
1126 1788 1236 1854 David
1266 1788 1369 1873 (Psal.
1423 1787 1585 1871 sacrilegii
1607 1795 1740 1852 scatere.

404 1884 472 1956 141,
497 1876 531 1955 2)
549 1884 587 1939 66
604 1876 707 1940 oratio
725 1896 792 1954 sua,
812 1877 896 1940 sicut
912 1875 1091 1952 incensum,
1109 1873 1146 1937 in
1163 1886 1371 1956 conspectum
1512 1878 1559 1936 19.
1611 1876 1635 1958 1)
1647 1873 1781 1938 Habent
1801 1873 1938 1940 lectores
1959 1877 1995 1939 in
2012 1876 2240 1960 compendium
2262 1877 2403 1943 collecta

399 1963 465 2027 Dei
485 1962 681 2026 ascenderet.
710 1961 772 2025 'Et
794 1959 897 2026 Oseas
917 1959 983 2043 (14,
1004 1960 1038 2044 3)
1057 1960 1238 2043 gratiarum
1271 1961 1370 2025 actio-
1424 1977 1460 2022 ea
1482 1960 1549 2023 fere
1571 1960 1681 2022 omnia
1703 1980 1786 2040 quae
1808 1961 1883 2025 sciri
1900 1960 1941 2025 de
1963 1961 2088 2027 duobus
2115 1963 2186 2027 16616
2208 1984 2401 2028 sacramen·

403 2070 462 2114 nes
480 2047 608 2112 dicebat
625 2047 745 2112 vitulos
767 2044 937 2123 labiorum,
956 2067 1037 2128 quas
1055 2045 1132 2109 alibi
1144 2045 1256 2110 David
1267 2045 1368 2130 (Psal.
1422 2045 1465 2108 tis
1487 2044 1608 2108 referre
1631 2044 1793 2123 duximus,
1817 2067 1956 2128 quorum
1977 2069 2058 2113 usus
2080 2049 2294 2130 aprimordio
2318 2049 2401 2115 novi

401 2138 450 2213 50,
471 2133 527 2218 23)
549 2132 707 2199 sacrificia
727 2132 833 2197 laudis
856 2139 1032 2213 nuncupat.
1078 2129 1185 2210 Quem
1207 2131 1371 2213 apostolus
1422 2131 1609 2194 testamenti
1638 2129 1679 2193 ad
1708 2133 2019 2197 consummationem
2039 2154 2143 2215 usquo
2164 2133 2285 2198 saeculi
2309 2134 2399 2199 chri·

399 2221 561 2296 imitatus,
583 2219 707 2283 hostias
728 2217 834 2282 laudis
855 2216 953 2281 etiam
974 2218 1044 2299 ipsc
1065 2223 1161 2282 vocat
1183 2216 1298 2299 (Hebr.
1322 2219 1369 2295 13,
1423 2215 1549 2279 stianae
1577 2215 1730 2280 ecclesiae
1753 2222 1803 2281 est
1822 2216 1975 2283 traditus:
2005 2225 2043 2283 66
2067 2219 2191 2285 scilieet
2212 2216 2399 2302 baptismus

402 2305 474 2390 15);
497 2311 530 2368 66
546 2305 782 2386 interpretatur
803 2304 945 2368 fructum
967 2301 1128 2366 labiorum
1146 2302 1371 2367 confitentium
1422 2299 1554 2383 quidam
1575 2301 1669 2383 quasi
1688 2302 1854 2384 ingressus
1876 2303 1911 2367 in
1935 2304 2041 2386 ipsam
2063 2311 2158 2380 esset,
2180 2312 2214 2369 66
2233 2305 2311 2369 fidei
2334 2307 2399 2370 ini-

399 2390 525 2455 nomini
551 2391 630 2455 eius.
680 2388 790 2453 Huius
817 2389 946 2471 generis
978 2388 1133 2453 sacrificio
1167 2407 1277 2451 carere
1303 2408 1371 2450 non
1422 2387 1529 2465 datio,
1554 2407 1654 2451 coena
1684 2407 1762 2452 vero
1789 2387 1958 2453 assiduum
1984 2389 2076 2454 velut
2102 2390 2304 2470 alimentum,
2332 2412 2398 2473 quo
2449 2440 2456 2449 .

398 2483 506 2559 potest
527 2495 628 2538 coena
649 2473 798 2538 Domini:
821 2474 854 2538 in
878 2494 943 2555 qua
965 2470 1043 2536 dum
1065 2474 1135 2537 eius
1156 2480 1295 2537 mortem
1312 2492 1371 2536 an·
1423 2470 1576 2536 Christus
1596 2471 1742 2537 fidelium
1764 2472 1898 2537 suorum
1914 2475 2073 2539 familiam
2090 2476 2304 2557 spiritualiter
2321 2498 2397 2559 pas-

400 2561 600 2637 nuntiamus,
624 2566 656 2623 et
678 2560 860 2642 gratiarum
887 2558 1047 2623 actionem
1078 2559 1264 2636 referimus,
1287 2557 1371 2621 nihil
1423 2557 1474 2621 cit.
1519 2555 1645 2636 Quare,
1674 2564 1797 2622 utnon
1815 2559 1880 2624 nisi
1900 2581 1987 2625 unus
2008 2568 2059 2626 est
2078 2561 2187 2640 Deus,
2217 2583 2284 2627 una
2302 2562 2395 2642 fides,

401 2646 491 2711 aliud
518 2666 616 2727 quam
644 2644 811 2708 offerimus
840 2644 1034 2709 sacrificium
1061 2643 1177 2708 laudis.
1228 2644 1281 2708 Ab
1310 2644 1371 2707 hoc
1422 2664 1508 2706 unus
1531 2641 1693 2722 Christus,
1716 2665 1782 2707 una
1803 2644 1938 2710 ecclesia
1959 2647 2028 2711 eius
2050 2667 2180 2728 corpus:
2204 2648 2251 2712 ita
2271 2647 2397 2731 baptis·

401 2729 604 2797 sacrificandi
625 2751 762 2793 munere
779 2730 890 2813 regale
907 2728 1122 2794 sacerdotium
1144 2750 1372 2810 nuncupamur
1422 2748 1496 2791 mus
1517 2747 1584 2791 non
1605 2728 1668 2791 nisi
1690 2750 1776 2794 unus
1798 2737 1861 2809 est,
1891 2752 1951 2796 nec
1973 2751 2070 2814 saepe
2091 2732 2239 2797 iteratur.
2285 2733 2398 2798 Coena

400 2837 513 2882 omnes
536 2816 715 2881 Christiani
737 2815 769 2899 (l
789 2815 878 2880 Petr.
897 2817 926 2892 2,
946 2814 995 2897 9);
1018 2813 1182 2898 6661666
1200 2813 1372 2879 Christum
1423 2819 1532 2877 autem
1550 2811 1686 2878 subinde
1703 2812 1919 2894 distribuitur,
1942 2824 1979 2881 ut
1999 2817 2189 2901 intelligant
2209 2840 2243 2883 66
2261 2818 2396 2885 Christo

401 2903 568 2967 offerimus
588 2901 688 2978 illam,
707 2898 747 2964 de
768 2922 833 2983 qua
853 2900 998 2984 loquitur
1026 2901 1204 2983 apostolus,
1229 2901 1371 2964 hostiam
1423 2898 1552 2963 assidue
1572 2899 1672 2982 pasci,
1702 2900 1757 2982 qui
1784 2901 1885 2965 semel
1906 2903 1942 2965 in
1970 2902 2140 2969 ecclesiam
2169 2904 2274 2969 allecti
2303 2913 2394 2970 6666

399 2986 506 3051 laudis
527 2986 609 3064 Deo,
632 2986 775 3050 fructum
802 2985 964 3050 labiorum
990 2987 1215 3050 confitentium
1246 2985 1372 3049 nomini
1422 2984 1560 3048 Praeter
1578 2984 1659 3049 haec
1676 2983 1740 3049 duo
1757 2992 1795 3050 ut
1811 2986 1941 3050 nullum
1963 2987 2053 3053 aliud
2076 2987 2184 3054 aDeo
2205 2990 2395 3054 institutum

399 3073 477 3138 eius.
522 3072 636 3153 Neque
658 3071 747 3134 enim
764 3093 825 3136 nos
843 3093 919 3135 cum
935 3073 1056 3136 nostris
1077 3071 1276 3150 muneribus,
1299 3073 1370 3135 sine
1422 3076 1480 3148 est,
1501 3070 1549 3134 ita
1570 3091 1630 3135 nec
1653 3070 1755 3135 ullum
1773 3093 1948 3155 agnoscere
1965 3072 2061 3139 debet
2081 3074 2226 3139 fidelium
2246 3075 2394 3140 ecclesia

397 3159 619 3235 intercessore,
641 3157 676 3222 in
695 3163 905 3238 conspectum
934 3157 998 3221 Dei
1025 3156 1226 3241 apparemus.
1272 3156 1370 3220 Chri·
1421 3155 1507 3219 Rem
1540 3156 1628 3220 euim
1659 3178 1726 3220 666
1759 3178 1829 3222 csse
1855 3158 1993 3224 humani
2020 3159 2162 3238 arbitrii,
2197 3162 2322 3244 erigere
2357 3182 2395 3226 ao

397 3249 467 3308 stus
489 3250 548 3321 est,
568 3263 631 3324 quo
653 3242 831 3307 mediatore
858 3241 1087 3321 intercedente,
1115 3264 1176 3308 nos
1198 3264 1236 3307 ac
1258 3251 1371 3308 nostra
1422 3246 1566 3306 statuere
1592 3262 1679 3307 nova
1699 3251 1916 3321 sacramenta,
1943 3244 2037 3310 facile
2058 3245 2221 3329 intelliget
2247 3247 2303 3328 qni
2324 3268 2394 3311 me-

395 3329 482 3412 patri
512 3328 686 3393 offerimus.
730 3327 793 3391 Ille
814 3328 961 3410 pontifex
989 3335 1114 3406 noster,
1137 3329 1193 3410 qui
1214 3329 1249 3392 in
1275 3348 1370 3393 sanc-
1421 3326 2215 3413 (616666666166666666166166666611666616
2236 3332 2312 3396 fuit:
2341 3353 2393 3396 sa-

396 3414 540 3479 tuarium
560 3413 640 3478 coeli
661 3415 827 3496 ingressus
849 3434 1015 3479 accessum
1036 3413 1130 3478 nobis
1152 3414 1265 3496 aperit.
1307 3413 1369 3478 Ille
1419 3419 1586 3477 eramenta
1617 3412 1654 3475 in
1675 3413 1738 3480 hoc
1766 3414 1879 3479 aDeo
1906 3416 2012 3497 posita
2040 3437 2120 3495 esse,
2149 3424 2187 3480 ut
2214 3417 2254 3482 de
2285 3417 2394 3501 aliqua

397 3498 509 3579 altare,
533 3501 585 3564 cui
608 3499 742 3563 donaria
763 3506 876 3563 nostra
896 3499 1103 3581 imponimus,
1126 3501 1220 3562 utin
1241 3499 1298 3563 illo
1310 3518 1368 3562 au·
1420 3499 1490 3562 eius
1517 3498 1730 3583 promissione
1751 3521 1811 3564 nos
1832 3499 2002 3581 edoceant,
2032 3509 2065 3566 et
2093 3502 2210 3566 bonam
2233 3524 2312 3587 erga
2333 3525 2394 3568 nos

397 3583 531 3651 deamus
558 3584 715 3667 quidquid
742 3584 909 3650 audemus.
954 3584 1030 3665 Ille,
1058 3585 1208 3668 inquam,
1236 3591 1286 3650 est
1312 3584 1369 3666 qui
1418 3583 1619 3649 voluntatem
1642 3585 1736 3650 nobis
1753 3585 1982 3666 testificentur;
2000 3588 2055 3670 qui
2072 3594 2242 3670 practerea
2263 3590 2393 3672 cogitet,

397 3692 456 3735 nos
482 3670 569 3754 patri
596 3692 735 3754 regnum
764 3691 801 3736 ac
824 3669 1007 3735 sacerdotes
1029 3670 1105 3734 fecit
1127 3670 1242 3769 (Apoc.
1270 3676 1297 3749 1,
1322 3669 1367 3820 631.
1419 3669 1547 3733 nullum
1578 3669 1677 3733 finsse
1699 3669 1772 3734 Deo
1799 3671 2035 3751 consiliarium,
2063 3673 2120 3756 qui
2143 3673 2237 3739 nobis
2265 3682 2394 3740 certum

486 3759 535 3821 18.
558 3755 586 3839 ²)
594 3755 683 3835 Quid
701 3764 857 3838 superest,
876 3757 941 3820 nisi
958 3762 996 3820 ut
1008 3755 1095 3821 caeci
1112 3755 1257 3835 videant,
1276 3777 1333 3821 sur
1358 3755 1364 3768 '
1419 3754 1542 3837 aliquid
1563 3753 1604 3819 de
1625 3755 1695 3819 eius
1714 3755 1883 3821 voluntate
1909 3756 2068 3840 spondere
2081 3759 2206 3841 possit,
2237 3766 2296 3824 aut
2322 3781 2393 3826 cer-

397 3839 546 3921 audiant,
575 3843 669 3925 pueri
688 3842 751 3924 ipsi
764 3840 794 3925 8)
820 3841 1006 3926 intelligant
1033 3841 1119 3907 hanc
1146 3842 1265 3907 missae
1290 3841 1366 3905 abo-
1419 3840 1517 3903 tiores
1551 3859 1745 3922 securosque
1778 3840 1913 3908 reddere
1947 3863 2010 3926 quo
2038 3844 2082 3909 sit
2109 3845 2143 3907 in
2171 3865 2231 3909 nos
2262 3846 2392 3925 affectu,

396 3926 633 3990 minationem?
662 3948 745 4009 quae
771 3928 807 3991 in
828 3927 927 3993 calice
959 3948 1058 3992 aureo
1094 3929 1266 4010 propinata
1297 3948 1366 3992 om·
1418 3923 1496 4009 quid
1517 3923 1604 4005 dare,
1627 3924 1707 4008 quid
1734 3948 1856 4011 negare
1883 3928 1971 4008 velit.
2017 3927 2125 3995 Simul
2151 3951 2294 4013 namque
2316 3953 2393 3997 con-

396 4030 456 4076 666
477 4031 572 4094 reges
594 4019 701 4076 terrae
723 4020 756 4077 et
775 4013 921 4096 populos,
945 4033 1110 4078 asummo
1128 4033 1231 4096 usque
1249 4013 1291 4078 ad
1307 4034 1366 4077 no·
1419 4011 1582 4090 stituitur,
1605 4012 1770 4077 neminem
1797 4013 1929 4097 signum
1956 4036 2136 4098 proponere
2164 4036 2274 4098 posse,
2307 4017 2395 4099 quod

394 4097 576 4176 vissimum,
599 4097 645 4163 sic
662 4097 843 4178 inebriavit,
867 4099 913 4164 sic
930 4099 1091 4182 percussit
1106 4120 1220 4182 sopore
1237 4119 1275 4164 ac
1292 4120 1366 4164 ver·
1418 4097 1488 4161 cius
1508 4095 1688 4163 voluntatis
1710 4105 1744 4163 et
1764 4099 1987 4181 promissionis
2007 4101 2145 4166 alicuius
2166 4103 2394 4167 testimonium

394 4183 507 4266 tigine,
530 4190 567 4247 ut
586 4179 698 4249 brutis
706 4185 792 4266 ‘ipsis
809 4184 1004 4267 stupidiores
1024 4206 1155 4266 proram
1176 4195 1210 4250 et
1229 4185 1365 4268 puppim
1417 4183 1566 4247 futurum
1593 4183 1653 4263 sit,
1683 4183 1772 4249 solus
1796 4186 1867 4269 ipsc
1888 4192 1952 4266 est,
1980 4187 2036 4269 qui
2058 4188 2152 4269 signo
2174 4186 2249 4253 dato
2282 4187 2322 4253 de
2354 4208 2391 4252 se

395 4289 473 4333 snae
495 4268 610 4333 salutis
632 4269 748 4334 inhao
769 4291 837 4334 una
859 4270 982 4334 exitiali
1001 4270 1157 4354 voragine
1180 4272 1364 4335 statuerint
1417 4267 1504 4350 apud
1535 4289 1595 4333 nos
1620 4271 1736 4334 testari
1762 4278 1876 4353 potest.
1926 4271 2046 4337 Dicam
2073 4271 2217 4352 brevius,
2244 4279 2277 4338 et
2303 4273 2391 4337 forte

395 4353 494 4419 Certe
515 4354 773 4438 nnlla'unquam
797 4354 951 4421 validiore
981 4357 1135 4421 machina
1155 4362 1250 4421 satan
1271 4356 1365 4421 incu-
1417 4353 1542 4432 rudius,
1564 4353 1622 4419 sed
1644 4356 1801 4437 apertius:
1825 4363 2065 4423 sacramentum
2087 4358 2158 4423 sine
2176 4359 2291 4425 salutis
2311 4377 2391 4440 pro-

395 4440 466 4504 buit
483 4440 525 4505 ad
541 4440 799 4523 oppugnandum
815 4438 1133 4524 expugnandumque
1152 4439 1277 4506 Christi
1290 4463 1365 4525 reg·
1417 4439 1571 4504 missione
1594 4461 1665 4505 esse
1692 4463 1862 4524 nunquam
1877 4449 1993 4526 potest
2038 4440 2163 4509 Omnes
2185 4444 2332 4508 homines
2353 4443 2391 4507 in

394 4547 483 4589 num.
532 4526 624 4591 Haec
652 4534 701 4591 est
724 4526 862 4605 Helena,
891 4547 950 4608 pro
974 4547 1039 4608 qua
1072 4527 1221 4592 veritahs
1254 4526 1364 4591 hostes
1417 4546 1520 4589 unum
1542 4524 1642 4594 simul
1663 4527 1772 4607 666661,
1795 4527 1880 4591 nihil
1901 4549 1922 4592 a
1943 4549 1978 4593 66
1998 4528 2092 4594 nobis
2115 4530 2260 4610 polliceri
2278 4529 2319 4594 de
2337 4550 2391 4594 sa-

395 4616 488 4675 tanta
519 4611 616 4675 hodie
650 4611 755 4690 rabie,
788 4618 883 4676 tanto
913 4611 1037 4690 furore,
1072 4619 1163 4677 tanta
1195 4613 1365 4678 atrocitate
1417 4609 1486 4675 lute
1495 4618 1608 4675 nostra
1623 4621 1767 4694 possunt
1800 4614 1891 4696 Ergo
1909 4634 1969 4678 neo
1985 4635 2006 4679 a
2023 4635 2058 4679 se
2075 4613 2171 4680 edere
2189 4623 2246 4680 ant
2263 4616 2390 4698 erigere

395 4694 625 4779 digladiantur.
675 4697 720 4761 Et
744 4718 821 4762 vere
844 4697 987 4776 Helena,
1022 4718 1096 4762 cum
1118 4718 1182 4780 qna
1203 4697 1365 4780 spirituali
1417 4704 1666 4761 sacramentum.

393 4781 605 4847 fornicatione
628 4782 725 4867 (quae
746 4782 892 4847 omnium
910 4790 961 4848 est
977 4783 1120 4848 maxime
1141 4781 1364 4868 exsecrabilis)
1504 4784 1553 4844 20.
1598 4781 1662 4846 His
1694 4803 1771 4865 ergo
1799 4781 1924 4848 duobus
1951 4791 2105 4850 contenta
2132 4787 2177 4851 sit
2208 4785 2390 4852 christiana

393 4867 439 4930 aa
460 4887 493 4931 se
513 4873 725 4948 consperserat.
768 4868 845 4933 Non
867 4868 920 4935 hic
941 4869 993 4935 vol
1020 4868 1157 4932 minimo
1185 4867 1287 4952 digito
1315 4875 1365 4933 66
1417 4867 1567 4945 66616616;
1595 4887 1656 4932 nec
1683 4867 1779 4931 modo
1807 4866 1935 4932 nullum
1964 4868 2054 4934 aliud
2076 4872 2209 4935 tertium
2232 4871 2274 4936 ad
2294 4892 2389 4953 prae-

394 4951 485 5034 tingo
507 4973 631 5018 crassos
651 4952 724 5018 illos
747 4953 866 5018 abusus
884 4955 999 5038 quibus
1017 4973 1128 5019 sacrae
1147 4974 1225 5019 suae
1245 4955 1365 5019 missae
1417 4972 1493 5016 sens
1515 4950 1668 5015 admittat
1689 4961 1747 5016 aut
1767 4960 1937 5036 agnoscat;
1958 4954 2016 5020 sod
2033 4977 2076 5021 ne
2093 4964 2225 5040 appetat
2245 4955 2388 5040 quidem,

393 5037 601 5118 profanatam
632 5039 810 5120 puritatem
842 5039 1056 5122 praetendere
1087 5046 1233 5122 possent;
1265 5058 1363 5122 quam
1419 5043 1477 5101 aut
1508 5044 1688 5119 exspectet,
1716 5035 1757 5102 ad
1781 5042 2095 5106 consummationem
2122 5064 2226 5125 usquc
2257 5041 2388 5108 saeculi

473 5142 508 5187 cs
525 5123 690 5188 nundinas
722 5139 904 5204 exerceant,
927 5142 1025 5209 quam
1047 5124 1193 5190 sordidos
1210 5131 1364 5208 quaestus
1416 5121 1504 5187 Nam
1524 5120 1611 5204 quod
1638 5123 1769 5190 diversa
1790 5125 1914 5208 aliquot
1934 5127 2080 5205 Iudaeis,
2108 5149 2168 5210 pro
2189 5129 2282 5193 varia
2303 5135 2388 5193 tem·

394 5208 515 5274 166666
536 5209 605 5275 6616
625 5211 881 5289 missationibus,
915 5217 1037 5295 quanta
1058 5213 1236 5294 rapacitate
1256 5209 1363 5275 avari-
1416 5229 1533 5292 porum
1560 5208 1786 5290 inclinatione,
1813 5220 1944 5295 praeter
1965 5232 2024 5278 sua
2044 5214 2102 5277 illa
2123 5213 2289 5279 ordinaria
2310 5213 2388 5278 data

395 5293 474 5358 tiam
494 5314 588 5359 suam
609 5297 770 5379 expleant.
816 5296 961 5361 [fantum
982 5296 1103 5376 indico,
1132 5295 1230 5380 idque
1250 5295 1363 5380 paucis
1417 5302 1496 5360 sunt
1517 5293 1570 5378 (ut
1590 5317 1683 5377 man,
1713 5317 1799 5380 aqua
1819 5318 1837 5363 6
1858 5304 1952 5380 petra
1972 5300 2152 5382 profluens,
2175 5321 2310 5383 serpens
2332 5320 2388 5363 ao-

1416 5403 1513 5461 6666,
1542 5387 1576 5446 66
1602 5380 1736 5468 similia)
1763 5382 1826 5450 hac
1852 5384 2035 5450 venatione
2064 5384 2324 5451 admonebantur
2344 5405 2388 5449 66

465 5583 493 5650 1)
511 5585 584 5637 Deus
604 5581 792 5639 1590-1637.
862 5583 892 5649 2)
914 5585 983 5639 olim
1020 5585 1085 5639 .59.
1163 5587 1192 5654 3)
1210 5588 1263 5656 1661
1280 5589 1364 5643 omitt.
2315 5626 2317 5631 ·

395 5649 471 5704 1590.
490 5650 565 5706 1592.
585 5651 660 5704 1607.
680 5652 754 5706 1617.
774 5651 848 5705 1656
867 5651 935 5706 1667
953 5659 979 5707 et
1056 5656 1072 5709 l.
1088 5656 1231 5724 procerior.
1485 5654 1513 5723 1)
1534 5653 1665 5709 01666616
1681 5657 1772 5708 matri
1790 5653 1900 5725 066166
1914 5673 1948 5711 ea
1966 5659 1988 5725 ξ.
2007 5657 2041 5711 68
2058 5674 2127 5728 seqq.
2146 5661 2260 5727 repetes
2276 5665 2323 5714 ecl.
