5600 6809
395 773 457 834 639
1039 762 1306 831 INSTI'PU'PIO
1327 764 1433 830 REL.
1456 762 1639 832 OHR-IST.
1666 767 1757 829 1559.
1975 800 1978 805 -
2341 768 2404 828 640

393 978 488 1041 mane
508 958 605 1021 arctis
631 938 765 1019 bimulis
789 952 955 1017 constricta
976 952 1019 1016 sit
1039 957 1147 1015 nostra
1168 953 1368 1036 inpratitndo,
1418 952 1537 1032 pediut,
1554 952 1630 1016 dum
1646 971 1761 1016 moreru
1779 956 1889 1034 qnunt
1900 951 1964 1016 Dei
1981 952 2140 1029 mandato,
2163 953 2218 1033 qui
2235 952 2406 1017 obedientia

394 1043 447 1108 ubi
473 1044 553 1107 inter
580 1047 646 1107 tam
677 1060 764 1104 aeres
794 1039 936 1103 stimulos
965 1035 1066 1127 adbuc
1091 1039 1230 1121 pipritia
1264 1044 1370 1103 nostra
1423 1036 1504 1101 nibil
1524 1037 1586 1101 sibi
1606 1037 1732 1120 qratius
1753 1054 1818 1101 esse
1833 1039 2033 1119 pronuntiat.
2079 1037 2165 1101 Hinc
2187 1058 2302 1102 rursus
2322 1039 2405 1120 quod

393 1133 562 1194 cunctatur.
602 1128 707 1209 05555
733 1126 769 1190 55
796 1124 927 1188 auribus
956 1123 1072 1188 nostris
1093 1143 1213 1206 semper
1231 1129 1371 1189 resonent
1418 1123 1515 1203 prius
1537 1123 1608 1187 dini
1629 1123 1749 1186 eburius
1770 1124 1924 1187 elucescit:
1946 1125 2042 1205 probe
2064 1143 2135 1187 curn
2156 1128 2252 1202 metu,
2268 1144 2405 1189 reveren

393 1215 451 1279 bae
467 1232 568 1278 voces:
582 1233 682 1294 prope
703 1216 746 1276 est
763 1209 921 1275 Dominus
938 1207 1081 1273 erunibus
1098 1209 1311 1274 invocantibus
1328 1230 1369 1287 se,
1423 1209 1479 1286 tia,
1501 1208 1712 1273 sollicitudine
1733 1209 1890 1290 quadrare
1911 1209 2103 1289 intrepidum
2128 1211 2277 1290 precaruli
2304 1212 2404 1292 spiri-

392 1298 606 1365 iuoocantrbus
634 1300 669 1362 in
697 1297 823 1361 ueritate
848 1293 951 1380 (Psal.
978 1298 1047 1373 145,
1074 1298 1138 1359 18.
1184 1294 1264 1359 Item
1292 1316 1371 1376 quas
1423 1298 1503 1372 tmn,
1536 1314 1632 1373 neque
1661 1314 1731 1357 vero
1758 1294 1930 1358 absurdum
1962 1314 2027 1360 esse
2053 1296 2084 1365 si
2110 1300 2285 1375 prostratos
2313 1295 2405 1360 Deus

393 1407 431 1451 en
452 1385 562 1450 Iesaiu
583 1389 611 1450 et
633 1383 713 1448 Ioele
734 1382 907 1458 citavimus,
930 1379 1043 1462 quibus
1063 1381 1104 1461 af
1123 1386 1206 1445 rmat
1228 1381 1317 1444 Deus
1339 1400 1371 1445 se
1424 1380 1532 1460 eriqat.
1577 1379 1644 1444 Hoc
1664 1381 1754 1444 niodo
1781 1380 1863 1448 belle,
1880 1381 1961 1443 inter
1987 1401 2020 1444 se
2046 1382 2246 1460 consentiunt,
2267 1403 2347 1462 quae
2368 1383 2405 1446 iu

393 1473 543 1538 tueouu
560 1491 625 1535 esse
641 1469 684 1533 ad
703 1465 916 1532 montaneas
927 1485 1045 1546 preces,
1066 1467 1202 1547 adeoque
1219 1465 1370 1544 oblectari,
1424 1465 1555 1546 speciem
1575 1471 1751 1548 repupnant
1771 1466 1916 1546 loquendi
1934 1466 2064 1546 formae.
2109 1468 2229 1532 Dicunt
2250 1467 2405 1531 Ieremias

393 1558 488 1641 quasi
514 1557 598 1640 prati
618 1556 723 1621 odoris
744 1550 908 1632 sacrificio,
930 1552 984 1616 ubi
1005 1571 1100 1615 curas
1121 1557 1246 1618 nostras
1267 1553 1302 1616 in
1323 1553 1372 1632 ip
1425 1554 1452 1614 et
1470 1549 1588 1615 Daniel
1606 1551 1684 1634 (Ier.
1697 1554 1748 1628 42,
1770 1558 1804 1629 9;
1828 1551 1913 1615 Dan.
1928 1560 1956 1629 9,
1980 1553 2043 1636 18),-
2069 1573 2102 1616 55
2117 1558 2315 1633 prosternere
2330 1575 2404 1635 pre-

363 1663 469 1720 ,sum
499 1643 688 1708 coniicimus.
733 1638 827 1702 Hunc
858 1637 1050 1720 imputarem
1077 1639 1272 1719 percipimus
1297 1659 1373 1720 pro-
1425 1656 1473 1700 ces
1494 1656 1600 1700 eoram
1622 1637 1698 1700 Deo.
1742 1637 1833 1701 Alibi
1854 1637 2009 1703 Ieremias
2031 1637 2097 1722 (42,
2121 1638 2172 1720 2).·
2193 1640 2285 1703 cadat
2303 1641 2404 1705 oratio

397 1730 583 1794 missionum
603 1726 667 1792 Dei
684 1725 832 1806 fructeem,
855 1723 909 1788 ubi
930 1743 991 1787 555
1011 1723 1189 1788 dubitanter
1209 1729 1236 1788 et
1255 1723 1373 1806 trepide
1425 1723 1586 1785 nostruin
1607 1727 1767 1804 conspeetu
1789 1721 1852 1787 Dei
1873 1727 1908 1786 ut
1931 1724 2117 1788 misereatrm
2139 1725 2285 1789 residuae
2300 1725 2405 1805 plebis

397 1815 587 1895 concipimus
601 1831 725 1892 preces.-
745 1811 800 1876 sed
816 1810 885 1873 eius
901 1808 989 1873 uerbo
1004 1808 1087 1889 freti,
1109 1809 1199 1874 cuius
1219 1830 1275 1874 nos
1297 1809 1373 1874 alio
1425 1828 1507 1871 suae.
1547 1807 1675 1872 Rursus
1696 1829 1788 1888 saepe
1805 1809 1911 1889 fideles
1933 1809 2082 1873 dicuntur
2103 1811 2273 1874 orationem
2295 1811 2402 1876 levare.

397 1901 453 1981 qni
474 1902 599 1963 terreret
618 1898 778 1975 maiestas,
808 1896 960 1960 audernus
980 1914 1051 1958 enm
1072 1896 1215 1959 invocare
1236 1900 1371 1975 patrone,
1428 1892 1481 1956 Sic
1508 1893 1644 1972 loquitur
1673 1893 1828 1958 Eeecbios
1855 1895 1889 1978 (2
1908 1894 2013 1978 chg.
2041 1900 2091 1972 20,
2121 1893 2190 1979 10),
2218 1895 2403 1976 proplietam

393 1984 516 2068 quando
538 1983 592 2048 boe
612 1982 839 2047 suavissimum
865 2000 974 2045 nomen
999 2000 1162 2063 supperere
1188 1981 1277 2044 55055
1306 1981 1372 2063 dip
1424 1999 1540 2060 repens
1556 1985 1592 2043 ut
1608 1980 1813 2044 intercedendi
1830 1981 1911 2044 oe'ces
1927 1982 2087 2061 suscipiat.
2122 1980 2401 2065 EtDaoid(Peal.

332 2099 338 2105 ·
393 2075 499 2135 natur.
545 2069 655 2135 Restat
675 2073 710 2132 ut
731 2065 847 2131 talibus
873 2067 1085 2130 incitamentis
1107 2067 1262 2147 praediti,
1292 2067 1372 2130 scia
1428 2068 1497 2141 141,
1518 2063 1553 2148 2)
1575 2085 1813 2145 precem-suam
1834 2067 1995 2130 5555555555
2015 2068 2100 2147 cupit
2120 2068 2214 2131 siniti
2235 2068 2401 2133 incensum.

392 2176 464 2220 mus
495 2155 569 2220 inde
600 2155 680 2219 satis
713 2173 778 2218 esse
803 2151 891 2216 nobis
919 2151 1067 2215 materiae
1094 2152 1137 2215 55
1162 2153 1372 2216 exorandum:
1427 2149 1546 2229 Nempe
1573 2152 1717 2231 quamuis
1746 2151 1783 2216 de
1809 2156 1941 2232 paterno
1967 2151 2032 2217 Dei
2059 2173 2165 2217 amore
2188 2154 2338 2232 persuasi
2365 2155 2403 2217 in

393 2242 518 2324 quando
540 2261 648 2323 preces
674 2244 797 2303 nostrae
817 2237 904 2302 nullo
925 2238 1032 2300 merito
1053 2239 1213 2316 nituntur,
1236 2239 1290 2302 sed
1311 2242 1372 2301 tota
1425 2236 1494 2299 eius
1516 2237 1610 2316 fidem
1632 2256 1664 2300 se
1686 2236 1833 2302 alamiter
1860 2238 2033 2318 consuant,
2063 2259 2116 2301 nec
2143 2238 2290 2303 dubitent
2305 2259 2403 2320 quam

394 2348 503 2393 earum
525 2327 664 2409 diqnitas
686 2330 714 2388 et
734 2343 804 2404 spes
824 2322 1016 2403 impetrandi
1034 2323 1169 2403 fundato
1191 2328 1236 2387 est
1254 2324 1290 2387 in
1309 2322 1372 2386 Dei
1425 2321 1507 2384 ultro
1524 2341 1611 2402 opem
1626 2323 1783 2403 promittit
1799 2323 1984 2402 implorare,
2008 2345 2068 2387 non
2091 2329 2192 2388 tamen
2213 2326 2331 2406 supina
2353 2345 2403 2390 eos

388 2412 663 2496 promissionibus,
686 2414 778 2490 atque
794 2407 834 2472 ab
851 2410 897 2472 eis
912 2408 1042 2490 pendet:
1064 2413 1099 2471 ut
1119 2429 1214 2488 neque
1235 2409 1373 2492 indiqoat
1425 2408 1518 2487 quusi
1534 2409 1674 2487 proiecta
1693 2408 1796 2488 fronte
1812 2411 1963 2472 securitas
1977 2409 2097 2486 attollit,
2120 2411 2176 2474 sed
2192 2409 2237 2473 ita
2250 2431 2310 2491 per
2329 2433 2402 2494 qra-

395 2499 463 2563 alia
482 2498 616 2579 fultura,
639 2515 735 2577 neque
751 2514 879 2558 sursum
900 2493 958 2561 buc
979 2495 1027 2557 vel
1044 2494 1119 2558 illuc
1135 2495 1372 2574 circumspiciat.
1425 2492 1487 2557 dns
1507 2494 1755 2575 pariseorum
1775 2514 1904 2558 sursum
1926 2495 2108 2574 ascendunt,
2139 2501 2175 2559 ut
2201 2500 2302 2560 tamen
2328 2517 2403 2578 sup-

396 2583 508 2664 Itaque
536 2603 606 2647 cum
634 2581 752 2646 5555555
779 2580 896 2644 nostris
927 2579 1125 2643 statuendum
1156 2586 1215 2658 est,
1249 2579 1373 2644 etiamsi
1420 2579 1523 2659 plioes
1542 2584 1687 2641 maneant
1708 2581 1744 2642 55
1765 2582 1817 2644 sui
1837 2580 2008 2645 deiectione.

395 2690 457 2733 nou
479 2667 656 2732 excellimus
672 2667 750 2748 pari
771 2666 934 2739 sanctitate
955 2685 1033 2745 quae
1056 2665 1210 2729 landatur
1229 2666 1266 2729 in
1286 2686 1373 2729 sono
1515 2667 1563 2727 15.
1610 2663 1672 2727 Hic
1691 2685 1753 2728 non
1774 2686 1841 2729 nna
1862 2665 2007 2731 obiicitur
2027 2668 2181 2746 quaestio:
2211 2689 2285 2731 nom
2306 2670 2404 2751 scrip-

396 2756 438 2819 tis
460 2753 622 2835 potribus,
645 2751 806 2833 prophetis
828 2757 855 2814 et
876 2751 1036 2832 apostolis,
1064 2751 1143 2831 quia
1167 2755 1270 2814 tamen
1296 2771 1374 2815 com
1426 2753 1499 2812 tura
1522 2749 1631 2830 refert,
1665 2751 1744 2814 uotis
1764 2751 1955 2833 quibusdam¹
1980 2752 2086 2818 Deum
2116 2773 2232 2817 morem
2262 2756 2404 2836 pessisse,

396 2861 488 2904 mune
509 2843 553 2903 est
579 2839 664 2902 nobis
687 2838 799 2902 orandi
822 2841 1025 2918 praeceptum
1045 2841 1074 2901 et
1095 2838 1267 2900 eommunis
1286 2837 1372 2916 fides,
1425 2855 1505 2915 quae
1531 2839 1633 2898 155555
1662 2856 1700 2899 en
1729 2838 1835 2900 animo
1864 2838 1992 2902 minime
2024 2839 2129 2903 sedato
2161 2840 2208 2904 cel
2241 2841 2405 2921 composito

395 2927 427 2992 si
448 2925 536 2990 uerbo
556 2923 621 2988 Dei
644 2923 824 3000 innitimur,
854 2942 911 2986 nos
936 2922 973 2985 in·
999 2921 1053 2986 boc
1079 2923 1150 2986 iure
1176 2943 1283 2986 eorum
1309 2942 1373 2987 esse
1426 2925 1599 3000 eruperant.
1645 2920 1738 2985 Iusta
1766 2923 1891 3003 quidem
1922 2924 1960 2987 de
1989 2945 2087 2988 cansa
2115 2923 2260 2990 Ioatlam
2285 2927 2404 2990 incolas

332 3013 335 3030 '
395 3012 502 3077 socios.
546 3009 636 3074 Deus
657 3009 755 3086 enim,
784 3011 816 3071 ut
838 3013 908 3072 onte
929 3009 1033 3071 cisum
1054 3013 1114 3086 est,
1136 3029 1168 3072 55
1188 3008 1315 3088 facilem
1337 3027 1373 3072 ac
1428 3004 1550 3070 Sicbem
1576 3005 1659 3069 cladi
1686 3028 1774 3086 quae
1791 3012 1900 3088 postea
1926 3010 2103 3089 superuenit
2128 3011 2286 3074 55555555
2313 3009 2402 3092 (Iud.

388 3089 826 3260 urunt
846 3093 1374 3261 55055595.
1425 3090 2404 3262 tt⁰tdtllt½m⁷bnttb⁰tt

395 3203 471 3333 ider?
485 3265 640 3330 notandae
660 3270 734 3329 sunt
752 3265 912 3347 qenerales
936 3265 1065 3345 formae,
1088 3265 1201 3345 quibus
1221 3285 1317 3343 nemo,
1339 3269 1374 3328 ut
1425 3228 1507 3326 male
1528 3263 1685 3327 ordinatos
1698 3262 1842 3343 probare.
1880 3265 1971 3329 Talis
1987 3268 2082 3330 etium
2100 3231 2204 3346 denar
2223 3264 2404 3347 Samsorrem

395 3352 485 3434 culpo
507 3352 621 3429 dicunt,
644 3371 665 3414 a
681 3352 789 3431 primo
811 3351 854 3414 ad
869 3349 1016 3413 ultimum
1037 3351 1231 3428 55555555,
1253 3355 1373 3415 tantum
1425 3349 1548 3429 rapuit,
1576 3369 1672 3429 quum
1693 3349 1804 3413 diceret
1826 3348 1917 3434 (ibid.
1941 3356 1988 3430 16,
2008 3350 2081 3435 28).·
2107 3352 2220 3417 robora
2245 3373 2294 3416 nie
2314 3351 2404 3418 Deus

396 3439 480 3503 adsit
505 3437 607 3502 cordis
633 3436 810 3515 sinceritas,
842 3437 1042 3516 displicentia
1069 3438 1183 3515 nostri,
1211 3436 1374 3500 bumilitas
1426 3439 1461 3498 ut
1481 3454 1606 3497 minam
1626 3434 1772 3498 cultionem
1792 3435 1831 3500 de
1851 3437 2089 3502 incircumcisis.
2134 3438 2209 3502 Etsi
2235 3438 2318 3502 enim
2346 3439 2404 3502 ali-

396 3523 536 3604 55555,
564 3543 601 3587 ne
619 3522 794 3605 hypocrisis
815 3526 920 3585 nostra
941 3521 1006 3585 Dei
1027 3542 1136 3586 555555
1156 3522 1267 3603 fallaci
1290 3524 1374 3586 inno-
1426 3519 1505 3601 quid
1529 3518 1593 3599 fuit
1614 3519 1708 3602 probi
1733 3521 1794 3584 reli
1819 3522 2008 3602 5555555555,
2040 3525 2166 3605 semida
2189 3528 2290 3587 tanuen
2315 3530 2404 3606 atque

396 3611 513 3676 catioree
530 3608 693 3690 mofanet:
714 3628 775 3672 non
796 3612 919 3689 respiret
939 3608 1073 3688 optimus
1089 3612 1192 3688 pater,
1215 3628 1292 3689 quos
1312 3628 1374 3672 555
1427 3606 1495 3669 ideo
1512 3606 1625 3669 vitiosa
1642 3606 1800 3687 cupiditas
1817 3607 1971 3673 uindictae
1988 3609 2056 3674 illic
2073 3611 2235 3674 dominata
2251 3615 2303 3674 est.
2335 3611 2404 3675 Arc·

396 3695 484 3761 modo
506 3696 548 3758 ad
570 3715 602 3759 se
623 3694 727 3758 venire
754 3692 909 3772 bortatur,
938 3694 993 3759 55
1021 3693 1253 3774 quibuscunque
1273 3697 1375 3774 potest
1426 3691 1497 3754 nuit
1523 3689 1646 3755 Deus..
1673 3691 1760 3757 Unde
1786 3693 1889 3776 eolliqi
1908 3714 2002 3776 posse
2028 3696 2164 3774 videtur,
2191 3696 2336 3777 quomens
2361 3696 2404 3760 ad

258 3799 267 3825 ⁸
396 3780 497 3845 555555
529 3779 681 3844 sollicitat.
730 3777 816 3842 Hinc
848 3779 907 3843 illa
934 3780 1088 3861 preearrdi
1120 3768 1202 3843 ratio
1235 3778 1375 3844 Doridis
1426 3775 1511 3840 uerbi
1526 3778 1761 3856 praescriptum
1780 3779 1934 3860 furiatae
1955 3801 2017 3844 uon
2035 3783 2100 3845 sint
2116 3801 2238 3862 preces,
2268 3783 2405 3863 effectum

397 3887 493 3949 quem
514 3885 616 3944 nuper
636 3864 764 3928 recitavi
786 3863 820 3948 (2
841 3862 931 3929 Sum.
951 3868 979 3942 l,
1000 3868 1071 3948 27):
1104 3885 1142 3928 en
1161 3865 1321 3946 pollicitus
1342 3884 1375 3930 es
1427 3866 1531 3925 tamen
1562 3864 1714 3943 oorusequi.
1771 3864 1970 3946 despondeo,
2006 3867 2224 3950 sinqnlaribus
2257 3869 2405 3951 ecernplis

397 3952 536 4016 Domine
555 3970 642 4013 servo
663 3954 732 4029 tuo,·
752 3969 822 4013 earu
843 3950 877 4015 ob
899 3970 965 4014 rem
985 3951 1101 4032 colliqit
1123 3952 1265 4014 animum
1285 3949 1375 4016 leodio
1427 3968 1488 4011 non
1500 3945 1614 4011 5055555
1625 3955 1809 4030 perpetuam
1826 3951 1936 4033 leqem;
1956 3952 2067 4016 deinde
2083 3954 2235 4035 speciales
2251 3955 2405 4019 interdum

397 4055 508 4101 servus
524 4041 598 4099 tuus
614 4039 642 4098 et
658 4035 773 4099 incenit
793 4035 875 4117 quod
895 4040 997 4100 oraret
1016 4057 1121 4102 coram
1141 4041 1169 4100 te
1174 4060 1189 4115 ‚·.
1206 4056 1289 4101 nunc
1305 4057 1375 4118 erqo
1427 4037 1528 4096 55555
1549 4034 1664 4098 inditos
1680 4036 1796 4116 paucis
1815 4035 1992 4101 bominibus
2009 4039 2125 4119 fuisse,
2155 4039 2266 4119 quibus
2285 4041 2405 4121 sactum

397 4120 534 4185 Domine
556 4121 658 4199 Deus,
690 4126 725 4184 tn
747 4141 779 4185 es
800 4121 905 4199 Deus,
934 4126 962 4185 et
982 4120 1076 4186 verba
1097 4127 1152 4186 tua
1173 4142 1247 4186 oerc
1269 4127 1375 4202 erunt;
1427 4123 1472 4183 est
1489 4123 1526 4182 ut
1546 4119 1714 4184 dissimilis
1734 4121 1861 4185 diuum
1880 4127 1957 4186 esset
1977 4128 2068 4204 atque
2094 4123 2180 4207 culpi
2205 4125 2294 4189 ratio.
2342 4125 2406 4190 No

396 4207 540 4287 loquutus
562 4227 594 4270 es
614 4227 701 4271 servo
722 4211 774 4270 tuo
795 4207 832 4271 de
853 4207 904 4272 bis
925 4207 1095 4288 beneficiis,
1125 4208 1225 4289 incipe
1252 4229 1322 4291 erqo
1349 4213 1377 4273 et
1427 4205 1558 4269 5555555
1578 4211 1623 4269 est
1643 4207 1726 4269 enim
1748 4227 1929 4288 responsum
1945 4208 2027 4274 illud
2046 4208 2174 4288 Obristi,
2194 4230 2292 4291 quum
2312 4211 2407 4274 disci-

395 4292 456 4375 fac.
504 4292 593 4356 Siout
614 4293 707 4357 etiam
728 4291 807 4357 alibi
829 4291 931 4375 (Psnl.
955 4296 1024 4371 119,
1044 4292 1118 4376 76)·
1134 4298 1266 4375 praesta
1287 4314 1375 4359 seruo
1421 4291 1498 4372 puli
1518 4291 1690 4372 euernplum
1711 4291 1808 4357 Eliae
1828 4294 2052 4360 inconsiderate
2072 4296 2229 4360 aemulari
2252 4301 2404 4376 cuperent,

396 4383 447 4443 tuo
469 4379 639 4443 seeundum
660 4377 815 4458 eloquium
836 4384 933 4442 tuunr.
976 4377 1021 4442 Et
1037 4400 1140 4445 omnes
1156 4380 1253 4444 55555
1271 4379 1376 4445 Israe-
1427 4395 1479 4440 eos
1503 4378 1620 4441 nescire
1646 4397 1705 4458 qno
1732 4379 1849 4458 spiritu
1875 4386 1973 4445 essent
1991 4382 2136 4460 praediti
2158 4380 2252 4465 (Luc.
2277 4383 2306 4458 9,
2337 4382 2404 4466 55).

397 4463 483 4543 litae,
512 4465 629 4546 quoties
655 4483 688 4527 se
713 4463 848 4544 foederis
874 4463 1083 4529 recordatione
1107 4466 1266 4544 muniunt,
1295 4467 1376 4531 satis
1430 4461 1592 4526 Caeterum
1613 4463 1699 4528 ultra
1722 4465 1872 4547 propredi
1892 4486 2011 4530 necesse
2031 4472 2089 4545 est,
2115 4486 2176 4530 uon
2196 4485 2316 4547 semper
2331 4467 2406 4549 pla-

397 4550 558 4615 declarunt
574 4569 636 4614 non
653 4569 718 4613 esse
735 4549 842 4613 tirnide
859 4549 1021 4628 mondum,
1041 4551 1095 4615 ubi
1113 4551 1203 4615 Deus
1220 4553 1266 4616 ita
1283 4571 1376 4634 prae·
1427 4566 1495 4612 cere
1515 4547 1584 4613 Deo
1604 4554 1673 4613 cota
1692 4549 1806 4630 quibem
1825 4553 1954 4630 annnit;
1979 4552 2034 4618 sed
2059 4556 2213 4634 quaternus
2240 4552 2283 4616 55
2307 4573 2405 4618 enan

342 4646 350 4659 ’
397 4636 513 4701 scribit.
557 4635 661 4717 Atque
687 4636 721 4698 in
750 4633 805 4698 boc
829 4635 947 4699 imitati
975 4643 1048 4701 sunt
1069 4642 1200 4718 patrum
1225 4638 1374 4720 exempla,
1421 4633 1515 4713 plum
1527 4636 1669 4715 pertinet,
1686 4637 1785 4701 elaris
1795 4636 1982 4702 documentis
1992 4639 2106 4719 palam
2121 4638 2192 4718 fieri
2209 4639 2290 4720 quod
2307 4640 2405 4721 scrip-

390 4722 580 4803 praesertim
608 4719 715 4785 Iacobi
737 4719 837 4806 (Gen.
861 4725 911 4797 32,
939 4721 1008 4805 10),
1036 4724 1092 4804 qui
1115 4728 1283 4805 postquam
1309 4744 1376 4788 con·
1426 4725 1501 4784 tura
1521 4721 1619 4785 docet:
1645 4742 1714 4785 eum
1734 4721 1852 4786 scilieet
1871 4724 1998 4788 miseris
2023 4743 2217 4804 snucurrem,
2246 4729 2274 4788 et
2299 4745 2405 4790 eonem

395 4808 499 4888 fessus
516 4811 567 4885 est,
590 4826 623 4870 se
643 4807 794 4871 minorem
814 4827 879 4872 esse
899 4811 941 4872 tot
961 4810 1188 4874 misericordiis
1208 4829 1288 4890 quas
1307 4830 1375 4874 sus-
1427 4805 1577 4870 eraudire
1596 4809 1737 4888 perudus,
1760 4809 1816 4888 qui
1837 4808 1953 4873 iniuste
1974 4810 2085 4890 aftlidi
2103 4829 2192 4890 opem
2212 4811 2281 4875 eius
2297 4808 2405 4892 impio

396 4896 517 4970 ceperat
538 4913 554 4955 e
575 4911 672 4955 manu
688 4892 766 4971 Dei,
796 4894 839 4958 ad
860 4894 982 4957 maiora
1003 4899 1108 4958 tamen
1128 4894 1322 4974 postulanda
1342 4916 1375 4961 se
1427 4896 1515 4970 raret,·
1539 4892 1608 4956 ideo
1630 4894 1757 4972 eusequi
1776 4913 1837 4957 sua
1858 4894 1993 4974 iudicia,
2022 4895 2099 4960 dum
2120 4896 2163 4959 ad
2183 4917 2253 4961 eum
2273 4900 2405 4980 5559551

398 4976 540 5041 arnimari
571 4977 659 5055 dicit,
692 4979 770 5058 quia
803 4977 892 5044 Deus
924 5000 957 5044 se
986 4979 1148 5060 sactmum
1174 4983 1374 5061 prmnmuat.
1426 4978 1556 5075 inopum
1577 4978 1795 5075 querimoniae,
1818 4983 1962 5078 quamuis
1978 4982 2130 5065 indiquae
2148 5002 2228 5064 quoe
2246 4982 2404 5081 tantillum

398 5058 1039 5235 fflffolbblb'ldmb
1054 5064 1375 5232 tdtcftd
1422 5063 2405 5236 555555055555555555555555

397 5252 460 5298 non
487 5233 664 5315 requirunt,
692 5256 745 5301 nee
771 5238 840 5302 eius
867 5257 953 5319 opem
981 5238 1165 5319 implorant,
1194 5257 1256 5301 non
1281 5239 1376 5303 aliter
1427 5253 1527 5312 mens,
1559 5253 1748 5317 compescens
1775 5238 1945 5303 andaciam
1971 5240 2176 5321 ettamen,
2208 5241 2405 5323 tyrannicam

397 5318 589 5471 §grauiam
609 5341 679 5385 eum
701 5322 836 5407 leqitimo
857 5322 983 5402 bonore,
1012 5343 1107 5404 quam
1133 5323 1164 5386 si
1184 5321 1376 5405 fabricarent
1427 5340 1544 5401 555555
1566 5323 1738 5402 potentiam
1759 5329 1909 5405 5555555,
1939 5325 2067 5408 indique
2086 5326 2298 5407 oppressisse
2319 5345 2406 5409 opem

423 5405 460 5418 '‘
488 5426 581 5471 55555
607 5404 693 5472 Deos
720 5412 748 5474 et
774 5408 875 5487 idola·
901 5408 1056 5489 siquidem
1082 5408 1137 5475 boc
1161 5409 1250 5474 modo
1270 5409 1375 5475 Deum
1425 5407 1509 5488 terre
1531 5411 1660 5473 testatus
1681 5413 1733 5488 est,
1761 5411 1816 5492 qni
1842 5415 1946 5476 tamen
1971 5412 2121 5475 incertum
2147 5431 2261 5475 umnec
2287 5413 2405 5477 555555

397 5489 461 5556 sibi
488 5490 636 5557 bononem
663 5495 802 5560 ornnium
830 5497 969 5558 autorem
995 5514 1061 5560 esse
1088 5499 1209 5580 neqant¹
1261 5493 1376 5562 Oontra
1427 5499 1529 5558 555555
1561 5493 1782 5560 commane
1826 5495 1872 5560 Et
1900 5495 2052 5581 Psalmus
2083 5516 2167 5560 unus
2195 5495 2290 5580 (107)
2322 5496 2406 5562 ctare

398 5574 481 5641 nibil
500 5579 642 5643 calidius
663 5579 705 5643 ad
720 5580 796 5660 pios
812 5579 896 5643 omni
913 5581 1058 5661 scrupulo
1073 5581 1257 5662 liberandos,
1279 5602 1376 5666 pram
1426 5578 1511 5644 docet
1529 5599 1591 5644 non
1607 5600 1713 5645 carere
1729 5580 1836 5662 effectu
1850 5601 1967 5661 preces,
1989 5602 2071 5662 qnae
2091 5586 2193 5646 tamen
2208 5579 2271 5660 fide
2291 5582 2327 5645 in
2343 5602 2405 5647 coe·

399 5664 1376 5748 mmanuuqouionemmeueuuuuannuauu
1427 5663 1763 5747 lumnonpenetraut.
1802 5665 2405 5750 Oodiqtenimquasincredulirnon
