5600 6809
428 726 491 795 aar
969 675 973 681 ’
1070 726 1337 794 assumento
1358 729 1465 794 ann.
1487 726 1668 794 onnrsr.
1694 732 1785 792 sao.
1853 720 1857 726 ’
2375 737 2436 796 cce

427 939 636 1002 provocasse,
664 940 764 1001 quum
791 919 899 1002 prima
927 926 1040 984 nostra
1062 916 1103 982 ad
1131 916 1212 981 bene
1241 917 1406 1000 agendum
1459 916 1601 981 inimicis
1622 915 1768 1000 prodeat,
1791 938 1871 999 quos
1889 925 1974 983 totos
1993 940 2068 984 eum
2086 917 2236 984 omnibus
2253 918 2320 984 suis
2342 922 2436 985 factis

427 1005 574 1089 potentia
606 1026 648 1069 ex
680 1007 925 1088 regeneratione
953 1004 1054 1067 fluat?
1098 1002 1147 1068 Ut
1172 1004 1260 1067 enim
1287 1009 1407 1068 natura
1459 1002 1652 1066 aversatur?
1698 1000 1838 1081 Omnes,
1870 1005 2017 1087 inquam,
2046 1026 2106 1069 nos
2128 1025 2199 1068 esse
2221 1005 2377 1087 capitales
2399 1030 2436 1073 ae

427 1090 549 1155 conditi
571 1112 699 1169 sumus,
723 1093 818 1156 citius
841 1113 882 1155 ex
904 1089 1011 1171 lapide
1033 1089 1142 1153 oleum
1163 1110 1262 1171 quam
1284 1111 1325 1153 ex
1347 1111 1406 1153 no·
1458 1089 1619 1169 professos
1640 1088 1791 1153 inimicos
1809 1088 1875 1153 Dei
1894 1091 1999 1154 nostri
2019 1098 2160 1154 testatur
2181 1092 2312 1169 veritas,
2336 1092 2437 1157 donec

427 1176 478 1241 bis
511 1197 592 1258 opus
625 1176 747 1241 bonum
780 1178 990 1258 exprimetur.
1044 1175 1169 1238 Mirum
1201 1176 1344 1257 profecto
1378 1176 1405 1240 si
1458 1173 1627 1238 iustificati
1658 1174 1694 1237 in
1728 1176 1904 1239 amicitiam
1937 1176 2121 1258 recipimur.
2167 1173 2204 1240 si
2240 1177 2437 1260 principium

428 1262 540 1341 homo,
571 1271 683 1327 tantae
705 1264 902 1346 ignominiae
925 1261 1114 1338 damnatus,
1145 1259 1243 1325 audet
1264 1261 1326 1325 sibi
1348 1260 1406 1324 ad·
1460 1258 1641 1323 dilectionis
1675 1266 1725 1323 est
1758 1261 1960 1337 iustificatio,
2000 1281 2082 1342 quac
2120 1281 2255 1343 operum
2293 1264 2437 1330 iustitiae

429 1347 495 1413 huc
523 1348 683 1430 reliquum
712 1347 834 1430 aliquid
859 1348 972 1412 facere.
1017 1346 1198 1410 Fateamur
1224 1367 1303 1429 ergo
1332 1368 1407 1411 cum
1459 1344 1550 1408 illam
1576 1344 1794 1426 praecedent?
1839 1347 1905 1423 Ita,
1940 1353 1979 1409 ut
2005 1346 2213 1429 pestilentem
2233 1348 2324 1411 illam
2347 1371 2436 1414 arro-

317 1482 327 1491 ..
427 1434 597 1516 praeclaro
618 1435 681 1499 isto
703 1454 838 1515 organo,
868 1455 926 1496 nos
950 1454 970 1496 a
990 1432 1135 1496 Domino
1156 1442 1289 1498 vocatos
1310 1453 1406 1498 voea—
1459 1430 1607 1513 gantiam
1629 1438 1757 1495 avertat
1773 1432 1923 1507 Ioannes,
1947 1432 2121 1515 diligenter
2143 1453 2204 1497 nos
2226 1443 2339 1498 monet
2357 1457 2436 1519 quo-

428 1520 517 1583 tione
545 1527 671 1597 sancta3
701 1541 767 1582 non
796 1517 975 1583 secundum
1001 1539 1100 1599 opera
1120 1525 1247 1596 nostra,
1276 1517 1333 1583 sed
1356 1541 1406 1583 se·
1458 1514 1555 1580 modo
1576 1535 1643 1579 non
1664 1518 1790 1599 priores
1812 1539 1886 1582 eum
1904 1517 2114 1582 dilexerimus
2131 1518 2164 1602 (1
2185 1519 2300 1583 Ioann.
2320 1527 2349 1599 4,
2372 1525 2434 1605 10).

429 1603 577 1670 cundum
598 1606 799 1687 propositum
820 1626 857 1669 ac
879 1603 1020 1687 gratiam
1043 1605 1127 1683 eius;
1161 1625 1198 1669 ao
1223 1603 1407 1687 benignita-
1458 1602 1505 1666 Et
1531 1600 1565 1664 id
1592 1602 1702 1685 ipsum
1723 1603 1792 1666 iam
1810 1603 1888 1666 olim
1909 1625 1969 1685 per
1989 1604 2185 1686 prophetam
2207 1604 2302 1688 (Hos.
2325 1611 2373 1684 14,
2401 1608 2435 1690 5)

429 1697 497 1755 tem
526 1689 792 1772 dilectionemque
821 1711 901 1773 erga
930 1710 989 1754 nos
1017 1690 1189 1755 salvatoris
1215 1692 1320 1755 nostri
1342 1691 1407 1754 Dei
1459 1709 1558 1752 suum
1574 1686 1739 1753 Dominus
1757 1687 1925 1752 docuerat:
1952 1689 2097 1773 diligam,
2120 1690 2236 1772 inquit,
2261 1711 2318 1755 eos
2340 1713 2436 1774 spon-

430 1777 635 1859 apparuisse;
675 1777 750 1857 quia
790 1797 857 1839 non
892 1797 934 1839 ex
967 1775 1119 1857 operibus
1151 1776 1293 1841 iustitiae
1324 1797 1408 1858 quae
1458 1780 1558 1837 tanea
1590 1773 1777 1852 dilectione,
1813 1777 1889 1857 quia
1920 1796 2098 1841 conversus
2130 1782 2180 1840 est
2211 1777 2303 1841 furor
2334 1800 2435 1846 meus.

429 1861 601 1927 fecerimus
630 1883 703 1940 nos,
737 1861 794 1925 sed
823 1861 1005 1926 secundum
1031 1882 1125 1925 suam
1150 1862 1407 1927 misericordiam
1460 1856 1623 1941 Operibus
1650 1865 1737 1924 certe
1770 1880 1837 1924 nou
1868 1861 2060 1943 instigatur,
2095 1863 2123 1926 si
2155 1870 2270 1944 sponte
2303 1863 2346 1928 ad
2377 1886 2436 1929 nos

429 1947 538 2013 salvos
560 1968 620 2011 nos
647 1948 733 2026 feeit,
762 1955 800 2011 ut
825 1947 994 2011 iustificati
1021 1946 1111 2012 illius
1141 1948 1262 2030 gratia,
1292 1948 1407 2011 haere-
1459 1944 1630 2009 inelinavit
1669 1967 1703 2009 se
1738 1946 1809 2010 eius
1845 1945 1981 2010 dilectio.
2037 1945 2105 2012 Sed
2143 1947 2225 2012 rude
2265 1948 2436 2014 hominum

429 2033 487 2098 des
509 2033 713 2098 efficeremur
739 2034 826 2096 vitae
854 2040 1005 2097 aeternae
1027 2033 1062 2116 (2
1082 2033 1164 2097 Tim.
1188 2037 1214 2111 l,
1234 2038 1269 2114 93
1292 2034 1361 2108 'Pit
1376 2037 1405 2111 3,
1458 2030 1580 2113 vulgus
1608 2030 1693 2094 nihil
1721 2030 1755 2095 id
1783 2030 1872 2095 aliud
1898 2053 1969 2097 esse
1990 2038 2086 2114 putat
2105 2033 2170 2098 nisi
2198 2033 2291 2115 quod,
2319 2043 2357 2098 nt
2383 2058 2434 2100 re-

428 2118 473 2204 4).
518 2118 592 2183 Hac
620 2119 836 2196 confessione,
870 2119 960 2182 omni
990 2118 1249 2201 iustitiamque
1277 2118 1319 2182 ad
1345 2121 1406 2182 mi·
1460 2115 1681 2200 demptionem
1702 2124 1848 2180 nostram
1869 2126 2042 2201 perageret
2058 2116 2220 2196 Christus,
2243 2140 2346 2192 nemo,
2359 2142 2434 2202 pro-

427 2204 554 2269 nimam
575 2204 770 2286 particulam
791 2204 959 2267 hominem
980 2204 1175 2286 spoliamus,
1208 2203 1309 2270 donec
1338 2207 1408 2271 sola
1458 2203 1596 2266 meritus
1615 2202 1727 2281 fuerit;
1756 2208 1795 2266 ut
1813 2210 1923 2267 autem
1944 2203 2177 2287 redemptionis
2197 2207 2434 2287 possessionem

427 2289 651 2355 misericordia
689 2291 725 2353 in
764 2311 856 2371 spem
887 2290 976 2355 vitae
1009 2297 1161 2354 aeternae
1194 2300 1407 2373 regeneratus
1459 2286 1630 2365 adeamus,
1653 2288 1803 2370 operibus
1826 2290 1948 2353 nostris
1971 2289 2127 2354 adiuvari.
2170 2290 2243 2354 Imo
2265 2312 2357 2370 vero,
2380 2302 2434 2356 ut

427 2377 540 2455 luerit;
576 2375 718 2457 quando,
753 2377 780 2439 si
809 2375 932 2457 aliquid
958 2396 1093 2458 operum
1119 2376 1246 2440 iustitia
1277 2376 1318 2441 ad
1346 2397 1406 2441 nos
1458 2393 1586 2455 cunque
1608 2395 1628 2437 a
1649 2373 1783 2438 Christo
1804 2372 1964 2457 redempti
1983 2376 2099 2453 simus,
2121 2375 2222 2440 donec
2244 2383 2356 2441 tamon
2377 2399 2435 2442 vo·

426 2460 652 2526 iustificandos
674 2462 813 2539 confert,
835 2460 917 2525 falso
940 2459 1080 2526 dicimur
1101 2463 1208 2545 gratia
1228 2463 1406 2528 iustificari.
1458 2460 1585 2524 catione
1604 2460 1708 2543 patris
1728 2460 1907 2524 inserimur
1928 2460 1963 2524 in
1985 2460 2074 2524 illius
2096 2462 2375 2541 communionem,
2402 2470 2435 2528 et

427 2547 504 2612 Non
526 2545 694 2611 exciderat
719 2568 798 2610 sane
819 2545 879 2610 sibi
908 2547 1073 2629 apostolus
1100 2568 1200 2629 quum
1228 2550 1407 2631 gratuitam
1458 2545 1612 2609 tenebrae
1629 2554 1663 2609 et
1679 2547 1793 2610 mortis
1811 2545 1967 2611 haeredes
1988 2553 2022 2611 et
2037 2546 2101 2611 Dei
2117 2545 2296 2611 adversarii
2312 2568 2434 2614 sumus.

428 2633 569 2698 asseruit
589 2632 867 2709 iustificatiouem,
891 2633 947 2714 qui
970 2632 1034 2697 alio
1055 2632 1125 2698 loco
1146 2640 1405 2716 argumentatur,
1457 2629 1533 2694 Non
1566 2632 1655 2695 enim
1688 2630 1729 2695 ab
1761 2631 1979 2697 immunditiis
2006 2633 2127 2697 nostris
2154 2634 2289 2716 purgari
2315 2655 2376 2698 nos
2403 2643 2436 2699 et

429 2718 570 2802 gratiam
587 2718 654 2781 iam
672 2739 738 2782 non
756 2739 826 2782 esse
847 2718 989 2798 gratiam
1007 2717 1036 2782 si
1054 2718 1131 2801 quid
1153 2739 1253 2800 opera
1273 2719 1407 2785 valeant
1459 2716 1548 2780 ablui
1569 2716 1695 2781 Paulus
1717 2717 1749 2800 (l
1771 2715 1845 2782 Cor.
1866 2721 1895 2796 6,
1917 2718 1971 2802 11)
1999 2718 2093 2783 docet
2115 2718 2240 2784 Christi
2266 2720 2435 2803 sanguine,

430 2803 540 2888 (Rom.
563 2807 611 2881 ll,
640 2803 683 2887 6).
728 2804 774 2867 Et
804 2803 882 2884 quid
916 2803 1004 2866 aliud
1039 2804 1100 2869 sibi
1129 2804 1203 2867 vult
1230 2805 1405 2886 Dominus,
1458 2802 1523 2864 nisi
1540 2801 1620 2866 dum
1640 2803 1869 2886 purgationem
1888 2803 1980 2868 illam
1997 2804 2131 2886 spiritus
2152 2805 2189 2868 in
2209 2802 2304 2870 nobis
2326 2806 2433 2871 efficit.

429 2910 531 2972 quum
552 2896 652 2970 negat
673 2910 707 2953 se
727 2890 855 2953 venisse
872 2888 914 2952 ad
932 2888 1097 2953 vocandos
1118 2891 1230 2968 iustos,
1252 2888 1310 2954 sed
1330 2912 1406 2973 pec·
1460 2885 1557 2966 Quod
1583 2886 1671 2952 idem
1699 2887 1807 2953 dicere
1833 2888 1948 2954 volens
1969 2890 2090 2955 Petrus
2107 2889 2139 2973 (l
2160 2889 2253 2954 Petr.
2274 2894 2301 2967 l,
2321 2891 2356 2975 2)
2379 2891 2433 2955 de·

428 2982 556 3041 catores
583 2974 718 3058 (Matth.
743 2979 771 3052 9,
797 2973 874 3056 13)?
920 2972 958 3039 Si
987 2975 1047 3039 soli
1073 2983 1258 3057 peccatores
1287 2976 1406 3041 admit-
1459 2973 1563 3037 clarat
1590 2973 1723 3056 spiritus
1751 2974 2041 3040 sanctificationem
2073 2974 2182 3055 valere
2212 2976 2249 3039 in
2281 2975 2432 3040 obedien-

429 3067 561 3137 tuntur,
600 3059 679 3142 quid
719 3081 777 3142 per
810 3059 944 3124 fictitias
976 3061 1118 3125 iustitias
1151 3061 1277 3125 aditum
1307 3083 1406 3145 quae-
1459 3059 1554 3136 tiam,
1580 3066 1614 3122 et
1634 3060 1855 3142 aspersionem
1876 3061 2048 3146 sanguinis
2070 3059 2204 3126 Christi
2248 3058 2286 3126 si
2308 3059 2433 3125 Christi

428 3144 565 3211 ramus?
1459 3145 1618 3227 sanguine
1639 3145 1675 3209 in
1696 3145 1957 3228 purificationem
1975 3147 2203 3229 perspiritum
2220 3147 2431 3229 aspergimur,

517 3234 545 3295 6.
590 3230 692 3295 Redit
718 3230 832 3295 eadem
858 3230 942 3293 mihi
963 3230 1101 3296 subinde
1124 3233 1291 3314 cogitatio,
1318 3235 1406 3317 peri-
1459 3251 1501 3294 ne
1526 3233 1680 3313 putemus
1706 3231 1788 3296 alios
1812 3251 1873 3297 nos
1900 3252 1971 3297 esse
1998 3238 2075 3296 ante
2101 3231 2289 3297 huiusmodi
2315 3232 2432 3315 irriga-

428 3315 541 3383 oulum
563 3338 633 3382 esse
654 3337 697 3381 ne
718 3317 783 3381 Dei
808 3315 1050 3381 misericordiae
1077 3318 1139 3381 sim
1166 3318 1320 3397 iniurius,
1349 3319 1407 3401 qui
1459 3316 1596 3396 tionem,
1627 3337 1728 3400 quam
1755 3318 1903 3382 estsine
1931 3315 2064 3382 Christo
2095 3325 2254 3399 peccator.
2299 3318 2434 3383 Maneat
2557 3383 2564 3389 ,

428 3409 523 3467 tanta
549 3404 713 3467 anxietate
741 3403 775 3466 in
805 3422 844 3466 ea
870 3402 1047 3467 asserenda
1077 3402 1236 3483 laborem,
1269 3405 1406 3486 perinde
1458 3423 1477 3467 e
1552 3401 1648 3467 illud:
1677 3402 1875 3485 principium
1892 3409 2024 3467 nostrae
2042 3402 2157 3467 salutis
2179 3423 2250 3468 esse
2269 3403 2434 3487 quandam

429 3508 467 3554 ac
495 3490 523 3552 si
550 3489 648 3553 dubia
673 3489 852 3554 obscurare
879 3488 971 3552 foret.
1016 3486 1085 3553 Sed
1111 3489 1265 3571 quoniam
1292 3510 1332 3555 ea
1357 3498 1408 3556 est
1457 3499 1550 3553 veut
1575 3509 1596 3553 a
1621 3493 1728 3552 morte
1758 3489 1794 3551 in
1821 3489 1925 3552 vitam
1951 3490 2239 3567 resurrectionem,
2272 3490 2350 3570 qaia
2381 3490 2434 3553 abi

429 3584 542 3639 nostra
569 3574 775 3658 malignitas,
809 3594 891 3656 quae
918 3595 1088 3656 nunquam
1115 3576 1180 3639 nisi
1205 3573 1406 3642 validissime
1451 3578 1582 3655 propter
1615 3571 1774 3638 Christum
1803 3574 1890 3638 nobis
1921 3573 2029 3638 wem
2061 3580 2106 3638 est
2137 3575 2172 3637 ia
2202 3595 2272 3639 eum
2304 3576 2433 3654 credere,

371 3662 378 3675 ‘
430 3659 566 3742 depulsa
587 3659 742 3726 concedat
762 3660 834 3724 Deo
863 3659 949 3743 quod
971 3680 1069 3725 suum
1090 3667 1156 3740 est,
1185 3681 1285 3745 cogor
1307 3661 1406 3744 paulo
1457 3663 1529 3722 tuac
1548 3660 1721 3742 incipimus
1741 3658 1866 3723 &mam
1885 3660 2021 3724 transire
2043 3681 2065 3724 c
2085 3661 2238 3725 mortain
2256 3661 2362 3724 citam

429 3745 560 3827 longius
586 3746 744 3810 insistere.
798 3744 886 3825 Quia
912 3751 1024 3809 tamen
1051 3746 1131 3813 satis
1157 3747 1329 3830 perspicua
1356 3754 1407 3811 est
1544 3748 1572 3808 7.
1618 3743 1688 3809 Sub
1717 3744 1779 3809 hae
1805 3745 1947 3823 ratione,
1976 3745 2033 3827 qui
2061 3745 2225 3811 secundus
2253 3755 2287 3810 et
2316 3748 2433 3810 tertius

298 3882 308 3895 .
430 3830 467 3894 in
489 3830 551 3895 hao
573 3851 609 3895 re
631 3833 806 3913 scriptura,
837 3832 909 3895 eius
936 3831 1044 3913 potius
1070 3831 1180 3897 verbis
1202 3852 1302 3914 quam
1323 3833 1406 3898 meis
1457 3831 1493 3895 in
1512 3829 1670 3895 divisione
1688 3850 1788 3911 supra
1847 3830 1911 3895 sita
1927 3837 2059 3896 notatus
2076 3832 2139 3896 fuit
2154 3831 2325 3895 hominum
2344 3831 2431 3909 ordo,

430 3916 593 3998 pugnabo.
638 3916 760 3981 Iosaias
782 3916 848 4000 (59,
872 3916 926 4001 15)
947 3917 1007 3983 ubi
1028 3916 1200 4000 descripsit
1220 3918 1407 3984 universale
1458 3914 1754 3999 comprehenditur.
1822 3916 2121 3981 onscientiaeenim
2138 3917 2311 3999 impuritas
2326 3925 2433 3981 utros·

432 4002 563 4084 generis
590 4001 726 4065 hnmani
753 4003 906 4081 exitium,
934 4002 1072 4085 pulchre
1097 4003 1246 4068 ordinem
1275 4005 1406 4069 restitu-
1459 4023 1521 4084 que
1551 4000 1698 4065 nondum
1727 4021 1798 4065 esse
1823 4002 1890 4067 Dei
1922 4002 2039 4084 spiritu
2071 4011 2280 4085 regeneratos
2314 4005 2430 4085 arguit

432 4086 531 4150 tionis
553 4087 711 4151 subtexit:
741 4088 825 4152 vidit
845 4088 1024 4163 Dominus,
1054 4099 1088 4152 et
1107 4088 1233 4153 malum
1254 4090 1408 4173 apparuit
1457 4087 1605 4152 Rursum
1626 4092 1746 4165 autem,
1776 4087 2057 4170 regenerationem
2077 4087 2115 4151 in
2136 4088 2184 4152 eis
2204 4087 2329 4152 nullam
2351 4107 2429 4162 esse,

431 4171 468 4235 in
498 4171 600 4236 oculis
625 4172 721 4252 eiusp
738 4185 781 4239 et
791 4171 876 4239 vidit
897 4173 973 4256 quia
993 4193 1060 4238 non
1082 4181 1132 4238 est
1152 4174 1219 4253 vir,
1247 4182 1281 4239 et
1303 4175 1407 4239 admi-
1457 4173 1521 4238 hoo
1542 4171 1704 4238 defectum
1724 4171 1834 4255 prodit
1853 4171 1939 4238 fidei
1983 4172 2080 4241 Unde
2108 4173 2224 4255 liquet,
2251 4173 2323 4236 Deo
2350 4193 2430 4235 non-

432 4264 525 4322 ratus
548 4265 612 4337 est,
641 4257 718 4340 quia
741 4278 809 4322 non
833 4264 883 4322 est
905 4259 960 4340 qui
982 4259 1177 4336 intercedat3
1207 4266 1241 4324 et
1267 4261 1408 4326 salutem
1458 4259 1537 4324 dum
1558 4258 1796 4338 reconciliatos,
1827 4258 1973 4323 nondum
1994 4259 2121 4322 ineius
2142 4264 2315 4339 conspeetu
2336 4256 2430 4320 iusti-

453 4344 541 4408 osuit
561 4344 597 4408 in
617 4343 752 4410 brachio
775 4364 842 4420 suo,
866 4350 900 4408 et
919 4343 1045 4428 iustitia
1062 4365 1173 4410 suase
1191 4347 1405 4411 confirmavit.
1457 4345 1584 4410 ficatos:
1614 4343 1745 4426 quando
1774 4343 1815 4409 ad
1842 4344 1925 4410 hacc
1951 4344 2037 4409 bona
2063 4344 2126 4407 nisi
2154 4364 2213 4425 per
2238 4339 2336 4405 fidem
2364 4361 2430 4404 non

485 4429 496 4492 i
526 4437 604 4494 sunt
624 4435 755 4494 nostrae
782 4430 940 4506 iustitiae,
969 4430 997 4494 si
1024 4450 1142 4495 verum
1169 4438 1220 4496 est
1246 4430 1333 4514 quod
1360 4433 1407 4497 ait
1458 4430 1657 4513 pervenitur.
1702 4428 1792 4510 Quid
1823 4430 1955 4512 pariant
1985 4433 2170 4510 peccatores
2202 4445 2222 4489 a
2249 4425 2321 4489 Deo
2352 4425 2429 4487 alie-

430 4514 605 4598 propheta,
638 4517 805 4581 neminem
838 4536 908 4579 esse
961 4515 996 4578 ui
1029 4516 1065 4580 in
1095 4517 1319 4600 recuperanda
1347 4540 1407 4583 sua
1458 4517 1543 4593 nati,
1572 4516 1636 4579 nisi
1663 4515 1753 4580 illius
1780 4514 1900 4581 iudicio
1927 4510 2145 4578 exsecrabile?
2194 4510 2269 4576 Hac
2299 4508 2430 4592 quidem

430 4599 536 4666 salute
546 4601 689 4665 Domino
710 4599 908 4685 opituletur?
941 4536 1002 4664 bic
1024 4602 1108 4667 alius
1129 4602 1289 4685 propheta
1309 4603 1404 4688 (Hos.
1458 4600 1576 4666 stolida
1597 4599 1792 4666 confidentia
1817 4620 1893 4665 cum
1920 4599 2013 4681 impii
2040 4616 2152 4660 omnes
2178 4602 2325 4680 turgent,
2358 4605 2431 4660 tum

432 4688 462 4765 2,
490 4689 528 4749 19
553 4695 586 4751 et
603 4689 675 4770 23),
705 4687 762 4751 ubi
788 4687 971 4752 Dominum
999 4685 1038 4751 de
1068 4688 1316 4753 reconciliandis
1343 4689 1406 4754 sibi
1457 4686 1650 4770 praesertim
1678 4684 1882 4768 hypocritae,
1920 4682 2020 4766 quod,
2048 4688 2213 4763 uteunque
2241 4688 2347 4745 totum
2375 4702 2432 4746 cor

430 4772 652 4854 peccatoribus
685 4779 838 4856 agentem
869 4771 1007 4837 inducit:
1043 4771 1258 4855 desponsabo,
1288 4775 1404 4857 inquit,
1457 4794 1557 4839 suum
1589 4771 1805 4836 obscoenitate
1838 4775 1962 4833 scatere
1993 4766 2119 4843 norint,
2161 4768 2189 4831 si
2221 4788 2286 4850 qua
2318 4775 2429 4831 tamen

430 4863 466 4920 te
487 4856 568 4919 mihi
589 4857 626 4920 in
647 4869 842 4941 perpetuum
861 4858 897 4921 in
917 4858 1055 4938 iustitia,
1083 4857 1217 4937 iudicio,
1245 4860 1351 4943 gratia
1372 4867 1406 4926 et
1458 4858 1561 4924 edunt
1587 4856 1732 4939 speciosa
1760 4874 1874 4937 opera,
1902 4852 2003 4936 digna
2029 4852 2203 4917 aestimant
2228 4873 2310 4934 quae
2337 4853 2430 4917 Deus

430 4940 667 5021 misericordia3
690 4942 793 5007 dicam
816 4942 1069 5008 misericordiam
1091 4965 1158 5008 non
1179 4952 1404 5027 conseqnutae,
1457 4964 1524 5008 non
1545 4948 1745 5023 aspernetur.
1790 4939 1878 5004 Hinc
1898 4939 2100 5021 perniciosus
2126 4937 2182 5003 illo
2208 4959 2313 5017 error,
2345 4937 2430 5020 quod

431 5025 686 5090 misericordiam
713 5036 918 5111 consequuta.
962 5027 1135 5095 Eiusmodi
1160 5029 1288 5108 foedus,
1320 5029 1406 5113 quod
1458 5027 1632 5094 sceleratae
1654 5032 1687 5089 et
1707 5025 1850 5089 nefariae
1872 5025 1991 5089 mentis
2018 5023 2171 5102 convicti,
2201 5022 2290 5106 adigi
2317 5032 2429 5087 tamen

431 5110 574 5195 primam
591 5110 684 5175 nobis
705 5134 775 5178 esse
797 5135 871 5178 cum
892 5114 964 5178 Deo
985 5115 1244 5181 coniunctionem
1266 5122 1404 5195 constat,
1457 5117 1623 5195 nequeunt
1651 5117 1689 5174 ut
1716 5131 1751 5175 se
1779 5110 1902 5175 iustitia
1930 5131 2050 5175 vacuos
2077 5109 2257 5188 fumantum
2293 5107 2351 5172 sed
2377 5110 2428 5171 iu·

426 5195 461 5261 ¹si
483 5195 705 5260 misericordia
725 5197 790 5262 Dei
816 5199 948 5278 nititur,
975 5199 1105 5264 nullum
1133 5199 1329 5283 relinquitur
1354 5202 1405 5265 iu·
1457 5201 1558 5263 iustos
1569 5217 1604 5261 se
1622 5202 1844 5280 agnoscentes,
1866 5197 1943 5279 quia
1958 5194 2128 5261 infitiando
2144 5216 2211 5260 non
2228 5202 2313 5272 sunt,
2336 5193 2429 5257 iusti·

432 5281 540 5346 stitiae
569 5291 701 5346 nostrae
732 5283 991 5350 fundamentum.
1035 5286 1082 5350 Et
1112 5306 1190 5353 vero
1222 5285 1406 5370 intelligere
1457 5284 1660 5349 tiamtamen
1670 5280 2110 5366 nonnullamsibiarrogant
2142 5281 2238 5346 Hanc
2248 5279 2429 5346 vanitatem

432 5386 475 5432 er
496 5367 536 5432 iis
558 5367 614 5450 qui
635 5367 801 5432 hominem
823 5391 897 5434 oum
915 5370 1025 5454 aliqua
1040 5392 1177 5454 operum
1193 5370 1317 5436 iustitia
1332 5373 1406 5437 Deo
1457 5369 1588 5454 egregie
1612 5368 1777 5435 Dominus
1803 5368 1926 5433 refutat
1950 5388 2009 5450 por
2034 5365 2228 5450 prophetam
2254 5363 2427 5463 (11³ng

433 5452 562 5517 obviam
579 5453 753 5536 procedere
773 5456 906 5538 fingunt
926 5456 1065 5538 cupiam,
1086 5478 1130 5522 an
1151 5457 1282 5521 omniuo
1303 5457 1407 5523 ullam
1460 5459 1496 5519 11
1523 5454 1620 5539 θος.)
1652 5455 1834 5539 interroga,
1862 5455 1983 5536 inquit,
2012 5450 2208 5529 sacerdotes,
2241 5448 2365 5527 dicens,
2400 5448 2427 5511 si

310 5617 312 5621 ἲ
432 5537 591 5603 iustitiam
614 5561 684 5605 osse
704 5547 821 5624 putent
841 5541 906 5605 nisi
927 5561 1009 5623 quae
1030 5543 1075 5607 sit
1092 5548 1225 5624 accepta
1234 5541 1329 5607 Deo?
1364 5542 1406 5608 Id
1456 5541 1570 5607 tulerit
1589 5543 1687 5607 homo
1702 5560 1836 5607 carnem
1853 5540 2088 5604 sancnficatam
2108 5536 2143 5600 in
2164 5555 2221 5600 ora
2241 5533 2429 5600 vestimenti

433 5622 577 5706 cogitare
599 5625 626 5690 si
653 5626 808 5691 insanum
836 5631 899 5705 est,
928 5624 1008 5709 quid
1026 5628 1099 5692 Deo
1120 5635 1251 5711 gratum
1273 5627 1315 5693 ab
1336 5628 1406 5695 eius
1458 5629 1517 5708 sui,
1540 5633 1574 5692 et
1593 5646 1713 5710 panem
1734 5633 1792 5690 aut
1813 5625 1914 5688 alium
1931 5622 2039 5688 cibum
2060 5620 2248 5699 admoverit,
2269 5618 2429 5702 numquid
