5600 6809
381 764 444 824 649
624 759 715 824 LIB.
737 758 801 822 1Π.
846 757 910 823 DE
932 753 1067 822 MODO
1089 753 1440 848 PERGIPIEINDAE
1463 754 1654 821 CHRISTI
1676 755 1893 825 aarum.
1939 759 2039 826 OAP.
2061 759 2141 825 XX.
2319 765 2384 826 650

380 953 504 1014 nostroe
531 947 629 1012 soloti
655 946 840 1028 praeficem
871 947 952 1010 ande
979 949 1005 1008 et
1033 964 1138 1008 666166
1167 947 1267 1008 codas
1293 943 1355 1024 frc-
1407 944 1444 1021 16
1476 944 1565 1008 hunc
1596 945 1729 1009 modum
1762 966 1822 1029 pro
1850 947 1943 1012 nobis
1971 966 2065 1012 61616
2092 947 2282 1026 concedam,
2316 971 2384 1014 non

381 1039 542 1116 66661661,
565 1038 592 1097 61
613 1033 737 1098 molesia
759 1031 826 1095 illis
845 1031 998 1096 theatrum
1020 1034 1076 1107 est,
1100 1030 1215 1110 ioque
1236 1029 1357 1093 miroa-
1409 1036 1520 1094 tamen
1541 1030 1608 1094 ideo
1630 1052 1651 1095 a
1671 1051 1731 1095 aia
1753 1033 1851 1113 quiete
1870 1033 2032 1098 (1166611661
2054 1039 2091 1097 61
2110 1032 2329 1100 distralrantar
2349 1037 2385 1100 ia

380 1121 576 1185 ternariam
597 1121 625 1182 et
645 1117 844 1198 multiplicem
863 1114 928 1181 Dei
949 1116 1145 1196 6661611166.
1181 1114 1268 1195 Quod
1289 1113 1357 1200 illis
1408 1120 1547 1180 16116666
1567 1137 1676 1196 atras,
1698 1136 1735 1181 oc
1751 1119 1847 1183 multo
1869 1119 1976 1183 micae
1997 1141 2018 1183 a
2034 1118 2128 1183 nobis
2145 1118 2218 1184 ideo
2235 1120 2385 1201 protinus

375 1207 539 1287 peculiare
560 1210 617 1281 cst,
646 1204 689 1269 od
711 1204 791 1267 alios
812 1201 866 1282 qai
887 1202 1095 1282 transferant,
1118 1204 1195 1264 certe
1216 1199 1357 1291 ordicosa
1408 1201 1583 1267 invocandi
1604 1211 1709 1266 erunt.
1753 1202 1868 1285 Neque
1896 1202 1932 1266 id
1959 1204 2124 1288 agendum
2148 1226 2190 1269 ex
2212 1225 2249 1268 eo
2271 1226 2384 1271 conse-

284 1312 286 1316 ’
382 1315 403 1356 6
423 1290 492 1356 Deo
507 1291 661 1372 positum,
690 1289 745 1369 qui
766 1287 959 1352 inviolabilis
976 1307 1041 1352 esse
1062 1286 1198 1364 deamat,
1227 1286 1356 1366 carsae-
1408 1287 1528 1369 quitur,
1551 1287 1637 1370 quod
1659 1289 1715 1370 qui
1736 1288 1772 1352 in
1793 1290 1890 1354 terris
1912 1288 2037 1372 degunt
2058 1290 2217 1367 homines,
2240 1291 2385 1356 vicissim

380 1378 459 1441 duat
480 1397 517 1441 oc
532 1380 720 1458 6616611661.
764 1373 886 1438 Eadem
908 1373 1085 1439 1661611616
1106 1371 1295 1453 6616611116
1316 1372 1357 1434 oi·
1408 1373 1462 1436 alii
1486 1373 1624 1437 aliorum
1645 1374 1795 1455 precibus
1816 1375 2045 1440 commendare
2066 1397 2100 1441 se
2122 1384 2267 1459 possunt
2311 1377 2385 1442 Hoc

381 1463 487 1528 1611116
504 1463 581 1526 aliis
598 1461 789 1525 testimoniis.
816 1459 976 1524 Ieremias
993 1457 1120 1522 dicebat
1132 1457 1297 1540 Deus(15,
1307 1454 1353 1540 l):
1408 1459 1496 1522 enim
1524 1458 1659 1523 alendae
1687 1460 1723 1523 in
1745 1461 1823 1542 ipsis
1845 1461 1973 1526 caritati
1999 1462 2143 1526 officium
2163 1463 2281 1539 servit,
2305 1462 2384 1527 dum

382 1549 410 1613 si
438 1547 590 1613 steterint
618 1547 727 1610 Moses
754 1554 787 1610 et
809 1541 946 1610 Samuel
974 1563 1083 1609 coram
1110 1564 1179 1620 me,
1213 1563 1280 1606 666
1308 1550 1357 1606 661
1408 1566 1484 1608 suas
1509 1544 1596 1608 inter
1623 1568 1657 1609 66
1679 1548 1889 1611 necessitates
1911 1547 2016 1611 veluti
2042 1548 2231 1629 partiuntur
2258 1555 2291 1611 et
2311 1571 2384 1612 mu-

382 1634 494 1698 anima
505 1653 579 1698 mea
596 1632 638 1696 ad
655 1630 813 1714 populum
824 1631 934 1695 istum.
965 1627 1134 1710 Quomodo
1152 1629 1198 1693 sic
1216 1627 1256 1691 de
1270 1649 1356 1692 mor·
1409 1638 1466 1693 1116
1489 1631 1678 1712 6666161661.
1713 1633 1822 1713 Atque
1842 1632 1877 1696 id
1894 1631 2025 1713 quidem
2046 1632 2170 1698 faciunt
2191 1655 2233 1697 ex
2247 1632 2385 1698 Domini

382 1721 463 1797 tuis,
482 1718 653 1800 inquiunt,
676 1717 832 1798 loquutus
852 1716 950 1795 foret,
980 1716 1052 1785 6161,
1066 1734 1126 1797 616
1148 1714 1233 1778 11116
1254 1715 1357 1779 inter·
1409 1723 1590 1798 praecepto,
1610 1738 1714 1797 neque
1731 1718 1946 1798 promissione
1960 1718 2197 1797 destituuntur,
2220 1739 2303 1801 quae
2321 1718 2385 1784 duo

383 1805 497 1871 cedere
519 1803 592 1868 11166
614 1801 782 1868 novisset?
826 1802 899 1885 Ego
921 1822 999 1866 vero
1021 1807 1134 1865 contra
1156 1800 1203 1864 616
1225 1799 1357 1884 colligo:
1411 1822 1539 1883 semper
1559 1802 1595 1865 16
1617 1803 1763 1866 oratione
1781 1803 1904 1884 primas
1921 1810 2043 1868 166661
2078 1801 2204 1869 Omnes
2226 1804 2386 1870 eiusmodi

383 1912 485 1974 quum
506 1888 582 1954 inde
605 1894 761 1972 appareat
782 1907 889 1970 neque
906 1887 1024 1951 Mosen
1048 1906 1153 1967 neque
1171 1883 1359 1951 Samuelem
1410 1888 1553 1951 rationes
1587 1910 1607 1952 a
1633 1889 1772 1953 mortuis
1799 1890 1934 1953 absunt:
1968 1910 2049 1971 quos
2082 1911 2103 1953 a
2130 1896 2242 1955 nostro
2270 1897 2385 1955 contu·

382 1975 605 2040 intercessisse
617 1996 676 2057 pro
687 1972 807 2056 populo
818 1972 1000 2050 israelitico,
1020 1978 1099 2034 tunc
1117 1970 1243 2035 nullam
1260 1972 1359 2038 161666
1410 1973 1523 2037 1611116
1554 1972 1641 2036 duur
1660 1973 1817 2038 subduxit
1837 1975 2013 2052 Dominus,
2039 1974 2169 2039 nullum
2194 1975 2288 2039 nobis
2310 1997 2385 2040 cum

381 2082 516 2144 prorsus
533 2067 739 2125 mortuorum
754 2060 1027 2124 intercessionem.
1062 2055 1146 2136 Quis
1160 2057 1249 2120 enim
1266 2078 1359 2122 sanc·
1410 2059 1475 2122 illis
1497 2058 1628 2140 reliquit
1649 2061 1879 2125 commercium
1902 2060 2005 2144 OEcch
2026 2065 2055 2138 9,
2075 2065 2103 2124 11
2123 2058 2172 2144 6),
2196 2082 2234 2126 ao
2256 2082 2297 2124 ne
2319 2060 2386 2125 illis

383 2155 493 2212 torum
513 2146 553 2211 dc
575 2145 686 2229 populi
710 2144 816 2209 salute
837 2144 987 2209 laborare
1009 2141 1193 2208 credendus
1215 2144 1266 2220 sit,
1290 2165 1359 2209 ces·
1383 2093 1386 2220 l
1410 2144 1540 2226 quidem
1562 2145 1741 2223 nobiscum,
1763 2153 1923 2227 quantum
1941 2148 2070 2228 assequi
2087 2146 2164 2211 11661
2180 2146 2384 2211 coniecturis.

383 2240 477 2298 66616
498 2233 601 2310 Mose,
624 2232 680 2313 qui
703 2230 782 2295 alios
804 2251 917 2294 616666
938 2231 975 2293 16
997 2228 1060 2292 hac
1081 2236 1175 2311 66116
1193 2228 1358 2311 16116616-
1411 2228 1557 2310 Quodsi
1580 2231 1653 2312 quis
1675 2239 1835 2307 causetur,
1857 2233 1928 2297 fieri
1951 2253 2018 2296 non
2038 2252 2134 2314 posse
2151 2232 2231 2314 quin
2249 2231 2386 2296 eandem

382 2319 530 2396 tervallo,
554 2317 632 2381 dum
643 2317 780 2392 viveret,
804 2313 991 2398 superavit?
1025 2314 1116 2398 Ergo
1134 2315 1163 2378 si
1180 2314 1358 2379 minutulas
1411 2337 1490 2398 erga
1512 2337 1571 2380 nos
1593 2317 1764 2380 caritatem
1781 2319 1952 2396 retineant,
1975 2324 2014 2380 ut
2035 2326 2113 2381 sunt
2130 2338 2197 2380 una
2214 2317 2387 2382 nobiscum

382 2406 463 2468 istas
486 2404 631 2487 argutias
653 2409 834 2487 sectantur:
864 2401 986 2466 mortui
1014 2421 1072 2482 pro
1094 2399 1282 2465 viventibus
1307 2402 1358 2463 in-
1410 2400 1474 2465 fide
1496 2402 1668 2479 coniuncti,
1692 2403 1763 2484 quis
1784 2411 1897 2468 tamen
1918 2424 1956 2468 66
1977 2424 2079 2485 usque
2096 2401 2211 2485 longas
2232 2403 2297 2466 illis
2315 2423 2386 2468 6666

382 2488 563 2567 tercedunt,
587 2489 739 2570 quoniam
757 2485 840 2551 dixit
859 2487 1034 2551 Dominus:
1059 2486 1086 2549 si
1104 2485 1357 2564 intercesserint,
1411 2508 1506 2551 aures
1527 2487 1695 2564 revelavit,
1718 2509 1806 2570 quae,
1823 2488 1865 2553 ad
1886 2510 1981 2554 16666
2004 2498 2133 2553 nostras
2154 2486 2385 2570 porriguntur?
2486 2522 2490 2535 .
2519 2488 2523 2500 “

383 2596 444 2659 ego
466 2575 563 2657 longe
581 2573 760 2657 speciosius
779 2573 1033 2657 argumentabor
1050 2571 1087 2634 in
1104 2571 1192 2635 hunc
1210 2571 1356 2636 modum:
1411 2572 1521 2636 666166
1554 2573 1654 2636 611616
1686 2584 1754 2638 tam
1793 2576 2009 2657 perspicaces,
2048 2574 2105 2657 qui
2136 2573 2386 2638 necessitatibus

357 2666 358 2670 ’
382 2663 419 2725 16
442 2671 591 2725 extrema
610 2659 722 2741 populi
744 2659 937 2723 necessitate
959 2658 1068 2722 Moses
1090 2678 1156 2722 non
1178 2656 1359 2721 intercede-
1411 2659 1531 2723 6661116
1549 2655 1750 2741 advigilent?
1780 2659 1835 2724 Nu
1878 2670 1956 2724 ntur
1973 2660 2104 2743 quidem
2121 2661 2157 2723 in
2171 2660 2240 2724 suis
2258 2659 2384 2724 umbris

381 2748 446 2824 bat,
470 2746 511 2810 de
534 2767 597 2828 quo
618 2745 752 2809 dicitur:
775 2745 804 2807 61
820 2744 1049 2809 intercesserit.
1081 2742 1172 2826 Ergo
1194 2744 1359 2808 neminem
1405 2745 1519 2808 nescio
1535 2742 1614 2826 quid
1631 2741 1672 2806 de
1688 2744 1815 2827 fulgore
1833 2682 1937 2810 divini
1953 2746 2065 2810 vultus
2086 2745 2174 2828 ipsos
2195 2743 2383 2824 irradiante,

383 2833 484 2897 alium
502 2829 703 2896 intercedere
718 2829 894 2895 verisimile
904 2830 951 2908 fit,
975 2849 1076 2911 quum
1089 2849 1202 2892 616666
1224 2829 1360 2894 6116616
1411 2830 1447 2893 16
1463 2850 1535 2911 quo,
1559 2848 1619 2893 ceu
1640 2830 1675 2892 in
1697 2829 1835 2912 speculo,
1859 2854 1912 2895 res
1933 2831 2104 2896 hominum
2125 2852 2168 2895 ex
2190 2831 2256 2895 alto
2277 2830 2384 2912 despi-

381 2919 601 2994 humanitate,
628 2916 772 2981 bonitate
800 2920 827 2979 et
850 2920 988 2995 paterno
1011 2914 1218 2979 sollicitudine
1247 2914 1360 2996 procul
1411 2915 1508 2980 ciant
1553 2914 1680 2979 Verum
1707 2914 1741 2977 id
1765 2916 1944 2994 affirmare,
1972 2938 2036 2998 qua
2063 2917 2258 2999 praesertim
2284 2916 2385 2981 confi·

381 3004 497 3069 absint.
543 3001 583 3066 Id
612 3001 735 3066 scilicet
763 2998 946 3065 cavillando
967 3007 1225 3082 consequuntur,
1254 3007 1293 3063 ut
1319 3001 1360 3064 116
1412 2999 1524 3066 dentis
1545 2999 1594 3065 illi
1616 2998 1750 3079 audent,
1778 3001 1858 3084 quid
1886 3011 1936 3066 est
1962 3002 2025 3066 nisi
2051 3023 2110 3082 per
2130 3000 2314 3066 temulenta
2334 3021 2386 3066 ce-

380 3090 481 3154 armis
502 3087 728 3164 vulnerentur,
751 3087 869 3168 quibus
891 3107 925 3149 66
942 3085 1080 3168 pulchre
1101 3086 1246 3149 munitos
1263 3093 1359 3169 puta·
1411 3085 1499 3151 rebri
1521 3087 1624 3150 nostri
1646 3088 1774 3151 somnia
1794 3087 1879 3151 velle
1896 3088 1933 3151 in
1950 3085 2062 3150 abdita
2078 3087 2142 3150 Dei
2164 3084 2292 3162 iudicia,
2316 3087 2386 3151 sine

378 3177 469 3241 bant.
505 3175 552 3238 ht
571 3194 649 3238 1616
673 3172 853 3255 simplicem
871 3171 1069 3235 sententiam
1086 3171 1133 3236 616
1151 3172 1360 3253 contorqueri
1412 3173 1482 3236 eius
1503 3170 1611 3249 verbo,
1634 3182 1807 3254 penetrare
1829 3181 1863 3238 61
1883 3192 2103 3257 perrumpere,
2129 3192 2166 3237 66
2190 3172 2387 3252 scripturam

380 3259 476 3325 valde
490 3258 666 3323 ridiculum
683 3265 747 3336 est;
765 3257 842 3340 quia
853 3264 981 3321 tantum
993 3256 1184 3339 pronuntiat
1196 3255 1360 3321 Dominus
1412 3257 1623 3322 concmcare?
1651 3278 1734 3339 quae
1762 3259 1859 3325 toties
1886 3259 1993 3323 earnis
2020 3265 2151 3321 6661166
2177 3254 2387 3339 prudentiam

380 3344 491 3428 populi
510 3343 643 3426 flagitiis
661 3365 695 3408 se
713 3364 780 3408 non
795 3343 1007 3425 parciturum,
1031 3342 1282 3407 61161661Μο666
1300 3343 1360 3407 ali·
1411 3344 1589 3426 sapientiae
1611 3343 1676 3409 Dei
1696 3344 1864 3408 inimicam
1886 3365 1957 3410 6666
1977 3343 2183 3425 pronuntiat,
2208 3342 2388 3407 vanitatem

382 3433 453 3514 quis
474 3439 631 3512 patronus
653 3428 718 3492 illis
736 3429 950 3513 contingeret,
974 3435 1032 3492 aut
1053 3426 1198 3506 Samuel,
1220 3449 1360 3510 quorum
1411 3450 1527 3493 sensus
1547 3431 1651 3494 666111
1671 3431 1707 3493 16
1728 3431 1921 3495 6611616661
1943 3430 2091 3506 damnat,
2111 3434 2276 3511 616611616
2297 3428 2388 3491 66161

380 3516 531 3600 precibus
554 3536 588 3579 66
611 3523 779 3597 tantopere
797 3513 1025 3598 indulgentem
1041 3513 1258 3596 praestiterat.
1293 3511 1360 3593 Qui
1411 3521 1524 3580 666116
1544 3516 1685 3592 ratione,
1715 3515 1817 3581 solam
1838 3517 1905 3581 Dei
1927 3513 2132 3582 voluntatem
2160 3535 2180 3577 a
2201 3513 2295 3578 nobis
2316 3511 2388 3578 vult

381 3623 494 3668 sensus
517 3623 560 3666 ex
582 3600 681 3665 simili
703 3600 885 3665 Ezechielis
903 3599 970 3681 (14,
992 3599 1046 3684 14)
1068 3598 1138 3664 loco
1159 3597 1359 3665 lucidissime
1411 3602 1558 3684 spectari.
1648 3618 1651 3625 ·

381 3689 517 3754 elicitur.
553 3685 590 3751 si
612 3687 744 3763 fuerint,
765 3687 872 3768 inquit
891 3685 1066 3763 Dominus,
1094 3686 1149 3750 isti
1169 3693 1236 3750 tres
1257 3686 1293 3748 in
1314 3687 1359 3751 ci·
1498 3691 1549 3751 25.
1594 3685 1688 3768 Quae
1710 3708 1787 3752 vero
1809 3687 1877 3752 olio
1898 3688 2078 3770 scripturae
2104 3685 2293 3751 testimonia
2312 3706 2388 3769 pro·
2457 3742 2471 3760 q

381 3778 482 3840 vitate
505 3774 578 3850 viri,
601 3772 706 3851 Noha,
730 3770 850 3836 Daniel
873 3780 906 3835 et
926 3771 995 3850 Iob,
1023 3770 1108 3836 filios
1130 3780 1163 3835 et
1184 3770 1269 3836 filias
1291 3793 1359 3837 666
1410 3770 1587 3856 pugnando
1609 3773 1687 3839 huic
1709 3795 1768 3837 suo
1779 3772 1948 3838 mendacio
1959 3775 2132 3852 asciscunt,
2153 3771 2293 3854 66661166
2310 3792 2388 3836 666·
2435 3854 2437 3857 ¹

381 3860 568 3925 liberabunt
589 3859 625 3921 in
649 3878 708 3922 sua
729 3858 869 3937 iustitia;
899 3855 957 3921 sed
976 3857 1104 3921 animas
1125 3863 1257 3921 tantum
1282 3879 1359 3923 suas
1411 3865 1571 3940 torquent.
1617 3856 1809 3936 Sedenim,
1837 3859 2003 3942 inquiunt,
2033 3856 2132 3924 Iacob
2153 3864 2192 3921 ut
2212 3876 2387 3938 suumpa-

381 3945 575 4010 liberabunt.
621 3943 687 4009 Ubi
709 3942 845 4009 dubium
870 3951 1010 4007 nonest
1033 3944 1113 4025 quin
1134 3942 1279 4007 indicare
1300 3964 1358 4009 vo-
1410 3953 1563 4026 trumque
1579 3943 1751 4008 Abraham
1768 3949 1802 4009 et
1819 3944 1914 4010 Isaac
1934 3965 2055 4010 nomen
2076 3963 2177 4025 snper
2197 3963 2293 4007 suam
2312 3963 2388 4026 666-

380 4032 493 4109 166111,
522 4030 770 4095 6116111166616
797 4028 877 4093 duos
900 4048 942 4091 ex
962 4027 1027 4093 illis
1049 4028 1226 4111 contingat.
1271 4028 1359 4094 Nam
1410 4030 1575 4094 toritatem
1606 4030 1777 4095 invocetur
1802 4038 1898 4114 rogat
1923 4029 2023 4115 (Gen.
2044 4033 2101 4109 48,
2127 4026 2192 4114 16).
2236 4028 2389 4095 Primum

381 4118 498 4182 tertius
532 4138 570 4180 66
598 4127 745 4198 16166616
772 4123 937 4197 superstes
963 4123 1050 4191 6161,
1083 4113 1203 4178 Ι)66161
1226 4113 1357 4193 scilicet,
1410 4114 1580 4181 videamus
1613 4115 1718 4197 qualis
1748 4117 1813 4180 1616
1843 4116 1886 4180 611
1916 4116 2133 4183 invocationis
2163 4114 2270 4180 forma
2300 4115 2389 4180 inter

382 4225 480 4288 quem
510 4211 581 4266 tum
609 4209 737 4266 constat
765 4202 801 4264 in
822 4200 928 4282 primo
948 4197 1184 4264 adolescentiae
1206 4200 1285 4263 flore
1305 4200 1358 4263 in·
1410 4199 1585 4265 Israelitas.
1630 4200 1705 4265 Non
1732 4202 1821 4266 enim
1871 4209 1958 4267 61166
1987 4221 2063 4267 61166
2091 4200 2134 4265 ad
2154 4197 2304 4266 ferendas
2326 4199 2388 4266 sibi

382 4287 599 4378 comparabile
629 4286 755 4351 dedisse
783 4285 914 4369 pietDis
943 4286 1118 4367 specimen.
1162 4285 1230 4349 Eos
1257 4285 1359 4368 igitur
1411 4286 1577 4368 suppetias
1594 4286 1786 4369 implorant3
1808 4224 1869 4351 sed
1883 4288 1993 4353 Deum
2011 4287 2215 4352 obtestantur
2235 4303 2300 4366 quo
2317 4304 2387 4348 ser·

381 4377 586 4452 omittamus,
608 4394 689 4455 quos
713 4372 877 4456 scriptura
898 4369 985 4435 clare
1007 4369 1209 4434 demonstrat
1227 4392 1359 4435 cursum
1411 4392 1529 4436 vorum
1547 4393 1691 4452 suorum,
1712 4371 1891 4450 Abraham,
1913 4373 2008 4438 16666
2025 4380 2059 4437 61
2074 4370 2173 4436 Iacob
2189 4369 2386 4451 meminerit.

329 4516 330 4519 ,
380 4480 740 4526 666166666661616666.
769 4457 849 4522 Ideo
861 4456 987 4522 Paulus
1000 4456 1088 4539 (Act
1105 4458 1153 4531 13,
1167 4456 1233 4540 36),
1256 4477 1359 4538 quum
1411 4457 1538 4521 Eorum
1564 4479 1642 4541 ergo
1669 4458 1856 4542 exemplum
1884 4459 1967 4523 nihil
1994 4458 2036 4522 iis
2061 4456 2301 4540 patrocinatur,
2330 4456 2386 4536 qui

380 4546 420 4608 de
437 4545 566 4612 Davide
582 4545 736 4628 loquitur,
754 4566 823 4609 non
840 4543 935 4608 docet
951 4542 1101 4624 precibus
1118 4541 1228 4624 ipsum
1245 4542 1359 4608 invare
1412 4542 1454 4607 ed
1476 4551 1605 4609 sanctos
1627 4544 1714 4628 16666
1736 4566 1920 4610 6611666661
1940 4542 2125 4609 habuerint.
2161 4540 2290 4604 Verum
2310 4540 2388 4623 quia

380 4632 619 4712 posteritatem,
653 4628 711 4696 sed
738 4630 901 4696 duntaxat
927 4628 1027 4692 aetati
1055 4648 1134 4692 suae
1161 4627 1357 4693 inserviisse.
1412 4629 1538 4711 stipites
1554 4629 1619 4709 isti,
1642 4652 1707 4713 qua
1723 4637 1801 4695 sunt
1815 4629 2022 4706 hebetudine,
2044 4648 2105 4691 666
2122 4624 2202 4707 quid
2212 4625 2255 4690 sit
2265 4645 2387 4690 nomen

468 4719 517 4779 24.
562 4715 738 4798 Excipiant
765 4736 909 4781 aarum:
936 4736 1013 4797 ergo
1043 4734 1097 4778 eos
1119 4714 1207 4778 61661
1228 4713 1359 4795 pietatis
1410 4714 1679 4796 Iacobinvocare,
1702 4738 1763 4782 nec
1784 4739 1844 4781 cur
1855 4713 2075 4781 invocandum
2096 4711 2140 4775 611
2155 4710 2297 4793 6661661,
2320 4733 2386 4776 666

323 4868 325 4871 .
381 4807 458 4866 1616
485 4821 655 4879 exuemus,
684 4803 740 4883 qui
767 4802 852 4866 nihil
879 4807 948 4864 1616
973 4801 1062 4865 11166
1092 4798 1232 4865 decursu
1260 4821 1360 4883 quam
1410 4801 1532 4865 mirum
1558 4802 1587 4866 61
1614 4803 1651 4867 16
1677 4804 1748 4886 ipsa
1770 4822 1896 4885 quoque
1923 4800 2029 4863 forma
2050 4798 2096 4861 sic
2117 4795 2287 4879 pueriliter
2308 4797 2386 4862 titu-

381 4888 538 4971 pietatem
559 4893 593 4950 et
615 4887 871 4953 misericordiam
892 4884 1082 4970 spirarunt?
1127 4885 1299 4968 Equidem,
1322 4893 1360 4951 ut
1410 4885 1499 4951 bant
1533 4887 1696 4970 Loquutio
1718 4889 1799 4953 haec
1821 4907 1888 4957 non
1909 4882 2009 4950 semel
2031 4884 2066 4947 in
2083 4882 2253 4965 scripturis
2274 4902 2386 4949 oecur-

383 4973 540 5036 curiosius
563 4979 717 5035 excutere
739 4973 842 5036 nolim
863 4972 940 5054 quid
961 4979 1077 5056 agant,
1107 4982 1164 5036 aut
1190 4971 1269 5054 quid
1289 4994 1359 5036 me·
1411 4973 1463 5036 rit.
1507 4973 1630 5039 1666166
1664 4975 1752 5039 enim
1783 4974 1928 5038 virorum
1959 4990 2078 5033 nomen
2109 4969 2257 5034 invocari
2288 4991 2387 5053 super

383 5058 539 5136 ditentur,
562 5057 609 5120 ita
630 5076 837 5138 nequaquam
858 5065 908 5121 est
926 5057 1092 5141 probabile
1110 5059 1211 5124 variis
1233 5066 1267 5124 et
1282 5079 1359 5142 par·
1410 5058 1565 5124 mulieres
1594 5059 1673 5126 dicit
1699 5058 1751 5143 (4,
1778 5057 1826 5140 1),
1855 5056 1934 5121 dum
1962 5076 2016 5119 eos
2043 5054 2167 5120 habent
2192 5056 2388 5120 maritorum

382 5142 574 5209 ticularibus
603 5141 689 5207 16116
717 5140 782 5206 166
808 5141 886 5206 illuc
915 5143 1117 5208 circumferri
1124 5168 1132 5222 ;
1165 5143 1222 5209 sed
1250 5145 1359 5227 potius
1410 5143 1481 5210 1666
1504 5147 1564 5211 661
1586 5165 1725 5228 quorum
1745 5142 1811 5208 fide
1833 5151 1866 5206 et
1886 5141 1989 5206 tutela
2011 5139 2140 5224 degant
2180 5141 2271 5224 Ergo
2292 5141 2387 5206 invo-

383 5237 471 5295 stata
493 5238 591 5312 atque
612 5229 748 5291 immota
777 5226 946 5290 voluntate
966 5227 1003 5289 in
1024 5226 1090 5291 Dei
1111 5250 1251 5312 regnum
1273 5231 1359 5313 aspi·
1411 5231 1495 5295 catio
1517 5231 1659 5295 nominis
1679 5228 1850 5296 Abraham
1872 5248 1970 5310 super
1991 5227 2158 5292 Israelitas
2183 5226 2220 5291 in
2241 5227 2303 5291 hcc
2324 5227 2388 5290 6116

382 5338 465 5394 1616,
489 5315 575 5398 quod
592 5334 660 5378 non
682 5312 793 5377 minus
810 5310 987 5391 1166161616
1011 5312 1137 5376 interitu
1160 5334 1259 5395 quam
1278 5315 1359 5380 fide-
1411 5323 1477 5392 est,
1511 5315 1589 5380 dum
1617 5315 1746 5398 generis
1777 5315 1828 5379 sui
1860 5314 2020 5397 originem
2052 5312 2094 5377 ad
2121 5333 2198 5376 eum
2229 5312 2385 5392 referunt,

383 5403 466 5466 lium
499 5402 603 5467 salute
636 5406 772 5465 constat.
823 5394 920 5477 Quod
949 5397 977 5460 si
1004 5417 1119 5461 verum
1147 5407 1212 5476 est,
1245 5420 1359 5463 eorum
1412 5421 1550 5482 eumque
1571 5422 1631 5482 pro
1653 5406 1765 5464 autore
1786 5410 1820 5465 et
1839 5408 1976 5483 parente
2003 5419 2062 5464 suc
2089 5397 2246 5462 memoria
2267 5395 2387 5463 celebri

386 5509 515 5570 quoque
542 5487 713 5552 caritatem
741 5484 777 5547 in
806 5481 1033 5546 communione
1061 5483 1205 5565 corporis
1233 5482 1361 5549 Christi
1412 5485 1531 5550 colunt.
1565 5481 2386 5567 Ν6666161611116611Ι6661,66611611116616-

384 5594 453 5639 non
481 5573 617 5639 dubium
640 5569 887 5647 661666116611,
915 5590 975 5634 666
1001 5566 1102 5632 latius
1126 5575 1240 5650 patere
1261 5589 1361 5650 quam
1413 5570 1565 5652 paganda
1586 5572 1728 5637 nominis
1746 5573 1798 5638 sui
1814 5572 2003 5648 celebritate
2015 5569 2189 5646 sollicitus3
2211 5568 2268 5633 sed
2284 5589 2387 5651 quum

385 5659 450 5723 lert
470 5659 707 5724 communionis
734 5656 824 5755 illius
852 5661 980 5719 natura
1024 5653 1098 5719 Iam
1125 5674 1204 5719 1616
1229 5655 1362 5718 16166161
1413 5662 1515 5719 tetam
1525 5663 1730 5738 posterorum
1745 5657 2145 5726 beatitudinem‘constare
2163 5653 2292 5720 6616111
2307 5653 2387 5720 1166-
