5600 6809
365 795 427 858 593
588 788 677 854 LIB.
700 788 763 851 ΠΙ.
809 787 872 852 DE
895 784 1030 851 MODO
1052 784 1404 854 Puaoffmttanu
1426 786 1618 855 aflalsrl
1639 787 1858 854 aalma.
1903 786 2003 855 OAP.
2026 789 2139 853 XVIL
2305 795 2370 855 594

364 989 419 1045 tus
441 987 525 1058 erat;
553 977 665 1043 eodem
694 975 812 1057 spiritu
835 975 1088 1053 sanctificatum,
1119 976 1174 1057 qui
1195 976 1342 1039 iustitiae
1393 975 1495 1040 verba
1527 984 1560 1041 et
1585 997 1604 1039 a
1632 976 1793 1041 Nehemia
1821 975 1865 1059 (l,
1889 976 1922 1059 5)
1951 984 2152 1058 repetuntur.
2198 976 2370 1059 Siquidem

363 1065 469 1131 cultor
496 1072 583 1142 erat,
611 1083 710 1145 quam
736 1060 824 1124 illius
851 1060 1069 1124 certissimum
1098 1081 1169 1124 esse
1196 1061 1341 1126 fructum
1393 1069 1432 1124 ut
1459 1062 1495 1126 in
1522 1062 1672 1126 omnibus
1700 1062 1941 1126 misericordiae
1968 1082 2046 1126 suae
2073 1063 2177 1142 pactis
2197 1065 2369 1147 integrita-

363 1150 528 1233 apostolus
551 1149 644 1214 docet
664 1147 754 1229 (Gal.
776 1151 810 1222 5,
831 1144 874 1229 5).
919 1145 971 1209 Ea
994 1146 1102 1227 itaque
1125 1147 1236 1210 omnia
1258 1166 1341 1228 quae
1393 1156 1460 1210 tem
1488 1169 1526 1212 ae
1552 1147 1803 1212 sanctimoniam
1830 1147 1917 1210 vitae
1949 1146 2094 1214 vicissim
2123 1169 2142 1210 a
2168 1150 2273 1214 servis
2301 1151 2370 1215 suis

362 1238 435 1302 Deo
461 1236 622 1319 placuisse
650 1234 687 1297 in
715 1253 753 1297 eo
781 1232 982 1307 referuntur,
1019 1229 1160 1296 habebat
1184 1231 1224 1295 ab
1252 1231 1341 1296 ditas
1393 1233 1486 1297 Deus
1514 1233 1703 1315 stipulatur,
1732 1255 1774 1297 ne
1800 1232 1940 1297 ludibrio
1970 1235 2013 1297 sit
2033 1253 2093 1296 sua
2114 1232 2256 1313 benitas,
2285 1255 2370 1299 neve

363 1322 483 1404 gratia;
516 1328 646 1384 tantum
674 1319 766 1383 abest
792 1324 831 1380 ut
858 1315 899 1381 ad
927 1338 1000 1380 eam
1028 1316 1247 1400 recipiendam
1274 1316 1340 1382 illis
1392 1318 1465 1400 quis
1495 1319 1586 1383 inani
1617 1318 1752 1382 obeam
1785 1316 2002 1382 exsultatione
2038 1318 2200 1400 turgidus,
2236 1319 2369 1385 benedi-

363 1427 422 1472 sue
439 1413 544 1470 marte
562 1426 597 1469 se
613 1411 831 1487 praepararet.
865 1402 965 1466 Nulla
983 1422 1062 1467 sane
1072 1402 1252 1485 scripturae
1274 1402 1341 1486 syl·
1392 1414 1446 1469 cat
1484 1405 1611 1468 animae
1645 1425 1738 1481 suae,
1774 1402 1945 1467 ambulans
1979 1403 2111 1467 interim
2144 1405 2179 1467 in
2207 1407 2370 1487 pravitate

362 1492 438 1556 laba
458 1493 649 1574 proferetur,
673 1509 754 1570 quae
777 1508 842 1552 uon
860 1488 935 1553 huic
953 1486 1119 1553 doetrinae
1141 1489 1337 1553 consentiat:
1392 1488 1498 1555 eordis
1520 1491 1585 1555 sni:
1612 1491 1659 1554 ita
1687 1489 1722 1553 in
1749 1488 1888 1553 foederis
1915 1489 2178 1553 communionem
2201 1489 2369 1568 admissos,

362 1600 428 1642 non
451 1599 520 1642 esse
543 1576 641 1641 aliam
655 1574 727 1638 Deo
750 1594 882 1638 eausam
896 1573 1037 1638 hominis
1059 1571 1102 1637 ad
1115 1572 1340 1656 serecipiendi
1391 1575 1466 1639 vult
1486 1575 1549 1640 hac
1572 1577 1624 1640 via
1644 1575 1680 1637 in
1702 1575 1807 1638 officio
1830 1575 2005 1639 continere.
2040 1573 2152 1638 Nihilo
2175 1583 2285 1640 tamen
2307 1576 2371 1640 mi·

363 1663 428 1728 nisi
449 1664 525 1744 quia
547 1659 651 1726 medis
677 1659 828 1725 omnibns
853 1657 1019 1741 perditum
1042 1659 1131 1723 videt
1153 1659 1182 1724 si
1204 1659 1266 1724 sibi
1287 1681 1339 1735 ree
1390 1683 1454 1725 uus
1475 1661 1590 1726 foedus
1611 1661 1721 1743 ipsum
1742 1669 1775 1724 et
1792 1660 1975 1742 gratuitum
1989 1659 2083 1723 initio
2095 1660 2219 1738 feritur,
2242 1668 2277 1724 et
2293 1683 2368 1744 per·

363 1749 545 1830 linquatur;
572 1745 736 1828 perditum
757 1751 866 1809 autem
888 1745 1048 1826 quianon
1071 1744 1157 1820 vult,
1188 1766 1282 1809 suam
1303 1744 1339 1808 in
1390 1754 1491 1829 petuo
1519 1747 1584 1811 tale
1611 1754 1731 1810 manet
1779 1744 1955 1810 Secundam
1982 1744 2062 1809 boae
2083 1746 2237 1811 rationem
2256 1746 2370 1812 David

363 1835 434 1916 ipso
455 1831 623 1897 liberando
644 1829 902 1895 misericordiam
922 1849 1083 1895 exercere.
1128 1830 1225 1895 Nune
1248 1829 1339 1894 vide-
1391 1830 1426 1914 (2
1452 1830 1541 1896 Sam.
1566 1835 1622 1908 22,
1654 1830 1726 1913 20),
1758 1831 1902 1912 quamvis
1928 1831 2089 1910 praedicet
2120 1829 2182 1895 sibi
2213 1832 2370 1897 redditam

364 1941 437 1983 mus
459 1927 497 1983 ut
517 1919 582 1982 ista
603 1917 745 1999 acceptio
767 1936 833 1978 nen
855 1915 996 1978 bortrinis
1022 1914 1184 1980 iustitiam
1206 1923 1337 1997 spectet,
1388 1917 1491 1998 faisse
1517 1919 1683 1982 mercam
1704 1917 1861 1995 puritatis
1887 1935 2052 1993 manuam,
2080 1937 2143 1980 asoa
2169 1921 2271 1982 tamea
2300 1918 2369 1999 soa

365 2005 422 2069 sed
444 2025 563 2086 purum
590 2003 634 2067 sit
655 2000 785 2065 divinae
807 2021 886 2083 erga
908 1999 1043 2065 miseros
1066 2008 1220 2082 tantaque
1240 2000 1339 2065 bene-
1389 2007 1450 2066 tem
1471 2002 1563 2067 111616
1583 2023 1674 2084 quan
1694 2003 1799 2066 aotoei
1817 2002 1976 2082 praeteri,
1999 2003 2080 2081 qued
2097 2006 2252 2067 extractas
2267 2004 2369 2085 suerit

364 2091 437 2154 ficio
458 2090 556 2172 longe
582 2086 825 2170 indignissimos
853 2096 1038 2168 peccatores
1066 2085 1220 2150 bonitatis
1242 2086 1339 2151 docu-
1391 2088 1431 2152 eb
1452 2094 1552 2165 141616,
1582 2089 1661 2169 qaia
1681 2087 1771 2150 Deus
1793 2108 1862 2151 eam
1884 2086 2009 2151 dilecti:
2037 2086 2092 2151 abi
2114 2088 2160 2150 ite
2180 2089 2370 2153 mmrneadet

363 2183 455 2239 ment
514 2225 520 2238 .
1390 2194 1503 2238 666666
1523 2194 1600 2238 sacae
1621 2173 1797 2250 1661161616,
1828 2177 1861 2236 ut
1887 2170 1971 2236 nibil
1992 2174 2113 2254 deroget
2132 2173 2290 2254 gratuitae
2311 2175 2370 2238 mi·

452 2265 480 2323 5.
514 2260 694 2340 Postquam
706 2278 783 2324 vere
795 2257 957 2321 Dominus
979 2257 1145 2341 hominem
1163 2278 1205 2321 ex
1223 2257 1340 2341 abysse
1390 2260 1587 2338 scricordioe,
1609 2280 1689 2338 qliae
1705 2259 1788 2323 done
1805 2261 1920 2336 emate,
1943 2278 2076 2339 quorum
2097 2258 2182 2339 oripo
2204 2265 2258 2338 est,
2275 2281 2370 2342 proe-

364 2346 555 2430 perditionis
577 2344 749 2409 reductum
772 2343 832 2406 sibi
848 2363 907 2424 per
924 2344 1064 2425 gretiam
1083 2340 1265 2424 adoptionis
1288 2364 1339 2407 se·
1390 2347 1482 2409 66611.

365 2433 544 2515 gregravit,
578 2430 654 2512 quia
681 2429 774 2493 illum
802 2429 1008 2510 regeneravit
1034 2450 1071 2493 ae
1092 2429 1283 2493 reformavit
1304 2429 1339 2491 iu
1479 2433 1507 2493 6.
1552 2431 1661 2510 Atque
1690 2429 1744 2495 hic
1766 2429 1871 2494 obiter
1891 2438 2005 2493 uetare
2027 2429 2184 2510 profuerit
2205 2429 2282 2510 quid
2304 2430 2371 2495 dis·

364 2538 483 2581 novam
506 2517 622 2591 vitam,
649 2515 714 2577 iam
741 2524 779 2578 ut
807 2534 926 2579 nevam
949 2521 1148 2592 creaturam,
1177 2535 1252 2579 curn
1274 2514 1340 2597 spi·
1392 2523 1464 2578 tent
1491 2517 1572 2579 istae
1599 2514 1750 2596 loquendi
1772 2518 1896 2580 formae
1926 2513 2126 2598 alegalibus
2148 2516 2372 2597 promissioni-

295 2656 302 2666 .
365 2604 447 2666 ritus
475 2603 526 2666 sui
553 2601 646 2664 donis
675 2600 889 2681 amplectitur.
934 2599 1026 2665 Haec
1048 2600 1105 2665 illa
1126 2608 1177 2664 est
1197 2600 1340 2682 acceptio
1392 2600 1461 2665 bns.
1496 2600 1637 2683 Legales
1658 2601 1891 2683 promissiones
1904 2601 2040 2683 appello,
2064 2620 2130 2664 non
2152 2621 2233 2682 quac
2252 2601 2372 2683 ubique

365 2689 457 2752 cuius
483 2687 634 2750 meminit
660 2686 794 2762 Petrus,
823 2704 889 2766 qua
917 2693 990 2767 post
1017 2707 1110 2750 suam
1138 2686 1340 2750 vocationem
1393 2708 1526 2769 sparsae
1549 2697 1627 2750 sunt
1647 2684 1793 2750 inlibris
1811 2686 1961 2750 mosaicis
1984 2686 2128 2769 (quando
2149 2687 2184 2749 in
2206 2686 2271 2750 illis
2293 2708 2373 2768 quo-

364 2774 437 2837 Dee
459 2771 573 2837 fideles
595 2771 831 2854 approbantur,
862 2791 996 2851 operum
1024 2793 1151 2852 quoque
1173 2779 1340 2853 respectu;
1394 2793 1458 2855 que
1475 2772 1683 2855 evangelicae
1702 2771 1824 2835 multae
1837 2773 2036 2852 occurrunt),
2060 2770 2117 2836 sed
2138 2792 2221 2852 quae
2243 2773 2373 2854 proprie

365 2860 443 2940 quia
469 2858 632 2921 Dominus
663 2878 729 2919 non
757 2877 866 2919 amare
899 2863 932 2919 et
964 2856 1102 2921 oseulari
1130 2878 1195 2921 nen
1225 2866 1340 2938 potest,
1394 2857 1436 2923 ad
1463 2857 1545 2940 legis
1573 2857 1790 2921 ministerium
1819 2857 1991 2937 pertinent.
2036 2855 2205 2922 Eiusmodi
2234 2860 2372 2940 promis-

366 2965 449 3026 quae
476 2965 535 3024 per
561 2943 714 3024 spiritum
740 2962 838 3005 suum
864 2942 900 3004 in
928 2940 993 3004 illis
1016 2942 1115 3006 efficit
1136 2943 1229 3007 bona.
1273 2943 1342 3006 Ve-
1394 2944 1515 3020 sioncs,
1544 2963 1738 3024 quoeunque
1765 2942 1899 3006 nomine
1929 2963 2043 3007 vocare
2070 2942 2183 3017 libeat,
2213 2944 2272 3007 sub
2295 2964 2373 3008 con·

366 3052 441 3093 rum
458 3029 493 3092 id
515 3049 643 3110 semper
666 3027 822 3091 memoria
843 3026 1057 3109 repetendum
1081 3035 1139 3104 est,
1161 3029 1343 3092 non-aliter
1395 3028 1531 3105 ditione,
1564 3029 1593 3091 si
1625 3029 1740 3093 feceris
1768 3027 1855 3110 qued
1887 3028 1947 3092 tibi
1975 3027 2188 3109 praecipitur,
2224 3038 2374 3110 paratam

366 3136 501 3197 eperum
533 3115 659 3177 ratione
692 3112 764 3176 illes
798 3134 868 3177 esse
896 3114 968 3176 Deo
996 3121 1142 3194 acceptos
1173 3114 1239 3177 uisi
1267 3113 1343 3196 quia
1395 3137 1466 3180 esse
1488 3115 1787 3178 remunerationem
1809 3113 2012 3178 denuntiant.
2051 3113 2098 3176 At
2120 3133 2220 3193 quum
2243 3113 2373 3191 dieitur,

366 3201 497 3264 illorum
519 3221 618 3264 causa
640 3207 673 3263 61
693 3199 900 3281 ingratiam,
927 3199 1083 3278 quidquid
1110 3199 1257 3263 bamam
1276 3219 1343 3279 epe-
1394 3201 1575 3264 Dominum
1598 3199 1761 3264 custodire
1783 3205 1917 3282 pactum
1937 3196 2176 3264 nuseneordiee
2198 3198 2238 3262 iis
2260 3199 2316 3279 qui
2338 3221 2374 3263 se

367 3306 441 3356 ram
462 3285 595 3363 66116111,
618 3283 832 3348 liberalitatem
852 3304 944 3348 mam
965 3285 1118 3367 66966116,
1147 3305 1206 3348 sua
1227 3304 1343 3366 qaoque
1396 3286 1546 3368 diligunt,
1570 3287 1675 3368 magis
1697 3285 1941 3350 demonstratur
1962 3284 2074 3366 quales
2087 3283 2262 3348 sentillius
2276 3285 2372 3360 servi,

369 3371 555 3453 acceptione
582 3369 743 3453 dignatur.
788 3368 884 3434 Unde
917 3371 1004 3433 enim
1031 3370 1095 3433 illis
1123 3371 1209 3434 bona
1237 3389 1343 3452 opera,
1396 3372 1453 3454 qui
1474 3371 1560 3436 bena
1580 3370 1645 3436 fide
1672 3373 1741 3436 eius
1763 3370 1876 3436 foedus
1898 3369 2114 3452 susceperint,
2142 3390 2242 3451 quam
2263 3371 2374 3451 expri-

368 3457 434 3520 nisi
465 3455 552 3538 quod
579 3456 742 3519 Dominus
775 3455 862 3532 illos,
897 3455 1173 3537 quemadmodum
1201 3477 1281 3521 vasa
1307 3457 1343 3518 in
1396 3468 1506 3521 matur
1538 3478 1637 3522 causa
1669 3479 1728 3522 cur
1758 3458 1824 3522 illis
1851 3455 2015 3521 Dominus
2047 3454 2235 3519 benefaciat.
2280 3454 2374 3520 Hace

370 3542 527 3606 honorem
560 3540 672 3623 elegit,
705 3541 753 3604 ita
783 3540 855 3605 vult
882 3563 961 3605 vera
993 3543 1135 3623 puritate
1162 3539 1342 3605 exornare?
1395 3564 1492 3626 porro
1515 3542 1800 3608 demonstrationis
1817 3542 1915 3606 ratio:
1939 3540 2213 3625 quemadmodum
2231 3542 2267 3604 in
2285 3541 2374 3606 hunc

369 3627 465 3694 Unde
488 3628 586 3693 etiarn
609 3627 694 3691 bona
713 3633 906 3708 reputantur
924 3628 999 3692 acsi
1017 3627 1101 3690 nihil
1120 3627 1185 3691 illis
1203 3626 1343 3705 deesset;
1395 3630 1496 3693 finem
1526 3637 1678 3693 aeternae
1709 3630 1796 3693 vitae
1825 3629 1932 3711 gratia
1960 3649 2020 3691 nos
2042 3625 2199 3710 dignatur
2221 3626 2312 3690 Deus
2340 3636 2378 3692 nt

369 3714 432 3777 uisi
454 3711 539 3794 quod
561 3712 673 3777 naevis
695 3720 729 3775 et
739 3712 883 3789 maculis,
906 3734 988 3795 quae
1010 3713 1076 3778 illis
1098 3712 1345 3790 adhaerescunt,
1397 3714 1568 3797 diligatur,
1592 3715 1759 3792 timeatur,
1783 3714 1910 3779 celatur
1932 3736 1952 3777 a
1972 3713 2073 3788 nobis,
2097 3714 2144 3775 ita
2166 3732 2377 3794 quaeeunque

363 3800 499 3862 reniam
529 3797 690 3880 benignus
716 3804 810 3879 pater
831 3797 1003 3881 indulget?
1047 3798 1089 3862 In
1111 3819 1241 3863 summa
1262 3797 1346 3862 nihil
1397 3799 1637 3865 misericordiae
1675 3801 1711 3863 in
1743 3801 1905 3883 scriptura
1937 3798 2169 3882 promissiones
2204 3797 2376 3875 habentur,

370 3884 460 3948 aliud
482 3884 645 3965 significat
672 3883 734 3947 hoe
760 3883 830 3948 lece
859 3906 957 3966 quam
984 3894 1095 3967 gratos
1120 3905 1191 3949 esse
1213 3883 1285 3949 Dee
1312 3893 1346 3949 61
1397 3885 1514 3950 merito
1537 3885 1689 3950 adhunc
1712 3884 1900 3968 dirigrmtur
1922 3886 2031 3962 finem,
2053 3891 2092 3947 ut
2112 3903 2322 3947 revereamur
2343 3891 2378 3948 et

369 3969 525 4033 amabiles
553 3988 629 4032 suos
657 3969 741 4033 filies
768 3969 941 4052 inquibus
964 3978 1057 4034 notas
1086 3977 1120 4034 et
1147 3969 1346 4035 lineamenta
1397 3971 1542 4038 celamus
1565 3971 1796 4035 beneficiorum
1820 3976 1976 4035 autorem.
2023 3967 2160 4049 Quoties
2182 3989 2261 4052 ergo
2283 3968 2377 4033 audi·

368 4055 481 4119 vultus
504 4054 553 4119 sui
577 4054 673 4118 videt.
718 4054 1015 4137 Regencratieuem
1037 4057 1124 4120 enim
1147 4056 1239 4134 alibi,
1263 4055 1345 4120 ima·
1397 4079 1471 4122 mus
1492 4058 1597 4135 specim
1614 4055 1803 4122 benefacere
1825 4057 1866 4120 iis
1885 4057 1940 4137 qui
1958 4055 2065 4138 legem
2080 4076 2175 4119 suam
2192 4052 2376 4132 observant,

369 4141 456 4223 ginis
479 4140 609 4204 divinae
631 4140 870 4221 reparationem
892 4142 927 4204 in
950 4140 1042 4206 nobis
1064 4163 1143 4218 esse,
1167 4141 1343 4206 docuimus.
1396 4141 1643 4207 meminerimus
1672 4143 1736 4206 Dei
1763 4142 1847 4207 filios
1875 4141 1916 4206 ab
1944 4142 2049 4207 officio
2077 4140 2257 4223 designari,
2288 4138 2376 4221 quod

371 4224 536 4306 Quoniam
563 4247 640 4309 ergo
672 4223 858 4306 ubieunque
885 4227 1000 4290 faeiem
1027 4247 1121 4291 suam
1148 4227 1241 4292 Dens
1268 4247 1345 4292 con·
1396 4228 1434 4292 in
1454 4227 1518 4290 illis
1538 4233 1735 4309 perpetuum
1756 4248 1826 4292 esse
1849 4226 1959 4291 debet:
1988 4228 2051 4292 hac
2073 4227 2200 4290 ratione
2222 4245 2282 4288 nos
2303 4243 2375 4288 esse

370 4311 558 4394 templatur,
581 4320 614 4375 et
635 4311 751 4374 merito
774 4317 869 4388 amat,
893 4312 983 4375 etin
1005 4312 1128 4375 honere
1150 4311 1257 4389 habet,
1279 4333 1346 4376 non
1397 4313 1580 4394 adoptatos,
1619 4319 1657 4376 ut
1687 4314 1795 4395 ipsum
1826 4313 1929 4396 patris
1962 4319 2033 4378 loco
2067 4331 2268 4376 veneremur.
2323 4309 2375 4372 Ne

371 4399 439 4462 sine
462 4418 560 4462 eausa
582 4396 701 4461 dieitur
717 4396 766 4459 illi
783 4397 911 4478 placere
930 4396 1075 4461 fidelium
1093 4398 1169 4474 vite,
1193 4397 1235 4461 ad
1252 4418 1345 4461 sanc·
1398 4420 1476 4482 ergo
1502 4399 1566 4481 ipsi
1594 4398 1777 4481 adoptionis
1798 4400 1869 4463 iure
1891 4418 1952 4463 nos
1974 4397 2174 4473 abdicemus,
2204 4396 2269 4459 huc
2289 4413 2375 4456 sem-

371 4485 497 4547 titatem
523 4493 556 4546 et
583 4482 744 4547 iustitiam
771 4483 957 4564 composita.
1003 4480 1070 4547 Sed
1092 4483 1169 4564 quia
1191 4482 1236 4565 pii
1258 4503 1345 4546 mor·
1398 4507 1457 4566 per
1478 4484 1669 4548 enitendum
1690 4506 1754 4566 quo
1775 4484 1883 4548 tendit
1903 4492 2014 4548 nostra
2033 4482 2168 4549 vocatio.
2202 4480 2243 4543 Id
2263 4486 2376 4542 tamen

371 4568 429 4631 tali
443 4590 540 4633 earne
553 4567 754 4645 circumdati,
778 4568 884 4632 adhuc
896 4577 1179 4651 suutpeccatores‚
1202 4577 1236 4632 et
1246 4589 1346 4650 opera
1397 4591 1532 4634 rursum
1548 4576 1727 4647 teneamus,
1750 4592 1816 4635 non
1837 4568 1980 4653 pendere
2002 4570 2041 4633 ab
2061 4566 2211 4648 operibus
2228 4562 2376 4628 fidelium

371 4674 482 4717 eornm
501 4655 594 4730 bona,
617 4654 770 4719 inchoata
781 4654 950 4730 duntaxat,
973 4665 1007 4718 61
1028 4655 1135 4718 earnis
1157 4654 1276 4719 vitium
1293 4675 1345 4718 re-
1398 4654 1672 4738 complementum
1689 4657 1928 4722 misericordiae
1940 4654 2090 4730 Domini;
2112 4649 2169 4714 scd
2180 4652 2285 4731 ipsam
2303 4648 2376 4715 idee'

371 4738 527 4813 dolentia,
550 4761 655 4821 neque
675 4740 741 4803 illis
763 4762 867 4823 neque
895 4740 947 4803 his
967 4740 1126 4822 propitius
1149 4761 1219 4805 esse
1239 4747 1346 4823 potest
1398 4741 1515 4807 salutis
1543 4742 1791 4824 promissionem
1817 4741 1994 4823 adimplere
2021 4739 2061 4801 iis
2091 4737 2147 4817 qui
2169 4736 2255 4799 vitae
2280 4735 2376 4800 recti·

371 4825 433 4888 nisi
455 4824 490 4886 iu
510 4822 642 4887 Christe
663 4827 768 4908 magis
794 4848 893 4907 quam
915 4827 950 4890 in
972 4848 1007 4891 se
1029 4826 1107 4908 ipsis
1131 4827 1344 4909 amplexetur.
1398 4827 1512 4891 tudine
1534 4848 1612 4891 suae
1634 4829 1796 4894 vocationi
1818 4825 2029 4909 respondent,
2058 4823 2135 4904 quia
2156 4821 2192 4884 in
2213 4820 2280 4885 illis
2302 4841 2377 4903 ger·

369 4911 411 4974 In
434 4910 521 4973 hunc
543 4907 676 4971 modum
698 4912 877 4992 accipiendi
898 4921 976 4976 sunt
995 4912 1057 4976 loci
1079 4913 1134 4994 qui
1152 4913 1345 4978 clementem
1398 4934 1498 4977 mana
1519 4912 1651 4977 demum
1672 4914 1814 4978 fihorum
1836 4910 1980 4993 insignia
2003 4907 2157 4991 agnoseit,
2180 4908 2237 4989 qui
2259 4906 2379 4990 spiritu

370 5017 407 5060 ae
429 4991 672 5058 misericordem
694 4996 836 5061 iustitiae
856 4998 1033 5063 cultoribus
1043 4999 1153 5062 Deum
1176 5005 1344 5063 testantur.
1398 4999 1469 5064 eius
1494 4998 1537 5063 ad
1562 4997 1684 5064 bonum
1705 5005 1873 5082 reguntur.
1918 4995 1994 5058 Huc
2016 4994 2190 5069 referatur,
2220 4992 2306 5076 quod
2328 5000 2379 5058 est

369 5081 510 5145 Dicebat
527 5079 637 5143 Moses
655 5078 768 5161 (Dent
784 5085 811 5158 7,
825 5080 859 5165 9)
881 5083 1054 5148 Israelitis:
1078 5083 1242 5148 Dominus
1254 5084 1346 5149 Deus
1399 5085 1436 5149 in
1452 5084 1587 5150 Psalmo
1606 5085 1672 5168 (15,
1696 5087 1727 5168 l)
1750 5084 1790 5148 de
1812 5081 1936 5148 civibus
1954 5079 2123 5145 ecclesiae:
2140 5065 2288 5143 Domine
2305 5079 2379 5162 quis

370 5175 447 5231 tuus
475 5163 659 5231 custodiens
686 5172 819 5246 paetum
846 5188 883 5231 ac
904 5168 1161 5233 misericordiam
1181 5170 1239 5234 dili
1263 5170 1347 5234 enti-
1400 5169 1564 5235 habitabit
1584 5171 1621 5233 in
1641 5167 1850 5235 tabernaculo
1873 5175 1944 5244 tuo,
1974 5173 2007 5229 61
2034 5164 2107 5248 qnis
2134 5165 2316 5247 requiescet
2341 5165 2379 5225 in

370 5253 430 5317 bus
453 5274 497 5329 se,
520 5261 555 5316 et
575 5249 831 5315 custodientibus
849 5261 1022 5334 praecepta
1039 5275 1106 5332 sua,
1129 5256 1163 5319 in
1185 5191 1347 5338 61111666-
1399 5263 1511 5320 mente
1544 5264 1601 5320 tuo
1634 5254 1768 5321 sancto?
1808 5254 1964 5318 innocens
2000 5250 2151 5315 manibus
2191 5258 2225 5314 61
2256 5246 2379 5313 mundo
2460 5283 2463 5288 Δ

371 5338 572 5414 narationes;
600 5357 683 5418 quae
707 5337 870 5401 sententia
890 5337 926 5400 in
947 5337 1151 5435 frequentem
1171 5339 1347 5405 formulam
1400 5339 1506 5419 corde,
1529 5349 1588 5405 ete.
1633 5341 1719 5404 Item
1740 5339 1826 5421 apud
1848 5339 1989 5403 Iesaiam
2011 5335 2169 5421 (33,14):
2192 5335 2264 5417 quis
2286 5331 2379 5396 habi-

372 5433 529 5506 usurpata
550 5430 664 5505 postea
685 5443 706 5486 6
726 5421 844 5503 popule
865 5421 935 5487 fnit
981 5420 1038 5488 Sre
1056 5419 1188 5487 Solomo
1210 5421 1242 5509 (l
1264 5425 1346 5508 Reg.
1401 5427 1486 5491 tabit
1513 5446 1589 5491 cum
1615 5427 1690 5508 igue
1718 5422 1917 5490 devorante?
1945 5423 2001 5507 qui
2022 5423 2101 5488 facit
2121 5419 2296 5495 iustitiam,
2324 5418 2379 5498 qni

373 5514 409 5585 8,
429 5513 485 5591 23)
513 5510 548 5572 in
577 5506 704 5572 solenni
729 5507 929 5589 precatione:
957 5507 1101 5572 Domine
1123 5508 1215 5572 Deus
1237 5507 1347 5586 Israel,
1399 5511 1547 5594 loquitur
1572 5521 1678 5591 recta,
1708 5518 1769 5576 ete.
1813 5511 1888 5577 Non
1917 5511 2005 5575 enim
2027 5510 2286 5580 firmamentum,
2315 5522 2380 5585 quo

373 5595 429 5676 qui
460 5593 606 5659 custodis
636 5603 768 5676 paetum
795 5605 828 5657 et
857 5591 1114 5660 misericordiam
1140 5593 1244 5659 serris
1273 5594 1348 5673 tuis,
1402 5596 1516 5661 fideles
1543 5616 1653 5662 eoram
1679 5597 1822 5662 Domino
1854 5597 2048 5674 subsistant,
2081 5589 2289 5669 describitur;
2322 5587 2381 5652 scd

374 5681 430 5762 qui
452 5678 623 5745 ambulant
650 5701 758 5746 eoram
786 5687 819 5744 te
846 5680 883 5744 in
904 5688 972 5746 tote
994 5677 1091 5745 eorde
1112 5699 1178 5745 sno.
1224 5676 1351 5745 Eadem
1403 5679 1605 5763 modusque
1625 5683 1662 5750 in
1683 5704 1782 5750 suum
1802 5681 2004 5752 consortium
2031 5701 2085 5746 eos
2109 5674 2385 5743 clementissimus

481 5779 696 5852 66666661.
731 5780 791 5836 Va.
808 5781 854 5839 rr.
2142 5777 2177 5832 ss
