5600 6809
403 763 485 828 1023
865 804 876 812 -
1045 755 1311 823 INSTITUTIO
1333 756 1437 823 RuL.
1461 747 1641 822 OHRIS'r'.
1666 759 1757 821 1559.
2319 759 2409 822 1024

302 1024 305 1028 ,
486 950 536 1010 24.
584 945 645 1011 Sed
666 966 726 1010 non
742 950 841 1027 potest
861 945 958 1011 huius
979 947 1135 1011 mendacii
1163 945 1301 1026 infamia
1317 967 1372 1026 pc-
1424 944 1490 1007 tiae
1518 943 1582 1007 Dei
1609 942 1791 1027 pervertis?
1843 942 1986 1008 Carnem
2021 943 2123 1026 igitur
2157 965 2291 1009 carnem
2328 966 2405 1014 esso

400 1035 486 1099 nitus
507 1031 641 1114 absterpi
667 1032 733 1095 nisi
760 1033 859 1096 diluto
887 1033 983 1097 altero
1009 1033 1146 1096 crimine.
1199 1031 1268 1094 Nos
1289 1032 1371 1095 enim
1423 1037 1564 1110 oportet3
1594 1031 1761 1112 spiritum,
1798 1029 1965 1111 spiritum
1998 1029 2254 1112 unumquodque
2286 1051 2354 1113 qua
2383 1052 2405 1096 a

398 1118 516 1184 ratimi
537 1117 693 1182 humanae
721 1118 768 1180 ita
796 1118 937 1183 addictos
967 1138 1032 1183 esse
1063 1119 1189 1195 iactant,
1216 1122 1250 1180 ut
1272 1116 1371 1180 nihilo
1422 1114 1495 1179 Deo
1517 1115 1589 1198 lege
1617 1122 1651 1178 ct
1677 1114 1860 1179 conditione
1887 1121 2033 1179 creatum
2063 1122 2121 1180 cst
2172 1116 2224 1179 Ee
2250 1138 2328 1182 vero
2351 1125 2406 1183 est

393 1205 472 1285 plus
492 1202 670 1267 tribuamus
691 1202 755 1267 Dei
769 1205 927 1283 potentiae
949 1224 1045 1283 qnam
1065 1208 1197 1266 naturae
1219 1203 1294 1266 ordo
1311 1223 1372 1283 pa
1423 1200 1531 1264 cernis
1558 1199 1698 1265 conditio
1725 1207 1764 1263 ut
1793 1221 1861 1264 uno
1898 1207 2050 1282 certoque
2078 1200 2163 1278 loco,
2191 1208 2229 1265 ut
2255 1222 2315 1266 suu
2349 1202 2404 1267 di-

399 1291 484 1367 titur,
505 1294 533 1352 et
553 1290 650 1354 dictat
669 1290 840 1354 communis
859 1307 977 1353 sensnm.
1020 1288 1053 1352 A
1075 1294 1139 1353 tam
1156 1288 1306 1368 improbis
1322 1308 1371 1351 ca-
1422 1287 1611 1364 mensione,
1639 1293 1677 1350 ut
1703 1307 1764 1350 sua
1797 1287 1904 1350 formu
1937 1293 2072 1352 constet.
2130 1287 2182 1350 Ee
2214 1286 2402 1352 conditione

399 1374 531 1439 hnmniis
550 1395 682 1454 proooco
710 1375 753 1439 ad
780 1375 884 1453 ipsam
911 1375 1085 1441 doctrinam
1116 1394 1210 1455 quam
1236 1372 1372 1438 tradidi:
1423 1392 1556 1436 carnem
1578 1370 1685 1435 induit
1705 1370 1873 1450 Christis,
1894 1371 1962 1450 oui,
1989 1377 2061 1437 teste
2088 1370 2320 1455 Anynstino,¹)
2346 1375 2402 1438 in·

337 1502 338 1506 =
399 1480 480 1542 quoe
505 1461 586 1524 satis
617 1460 752 1524 dilucide
783 1460 920 1538 ostercdit,
947 1481 995 1524 me
1022 1460 1076 1524 hoo
1103 1461 1286 1540 mysterium
1313 1460 1371 1522 mi
1422 1458 1664 1540 corruptionem
1686 1456 1818 1539 quidem
1840 1465 1874 1521 ct
1894 1457 2032 1541 gloriam
2054 1456 2164 1536 dedit,
2187 1465 2343 1523 naturum
2366 1464 2404 1522 et

399 1546 483 1610 ninre
510 1547 645 1609 rationis
672 1544 827 1608 humanae
856 1545 943 1609 modo
970 1547 1088 1624 metiri,
1110 1546 1156 1609 uel
1178 1549 1310 1609 naturae
1331 1544 1371 1608 le-
1421 1543 1596 1607 veritatem
1616 1563 1682 1606 non
1704 1542 1847 1607 abstulit

396 1630 490 1715 pibus
516 1630 697 1705 subiicere
726 1630 868 1709 Obsecm,
897 1652 940 1694 on
967 1653 1004 1695 ec
1019 1630 1165 1713 physicis
1191 1630 1368 1708 didicimus,
1509 1632 1558 1692 25.
1592 1628 1772 1708 Examinat,
1790 1649 1822 1694 se
1838 1629 1963 1693 cubum
1979 1627 2089 1692 habere
2106 1648 2166 1709 quo
2179 1628 2293 1709 palam
2310 1630 2401 1711 sacta

402 1715 563 1782 Christum
594 1717 727 1795 perinde
763 1716 889 1781 anicios
922 1722 1049 1783 nostros
1083 1736 1099 1781 e
1133 1716 1211 1780 coelo
1239 1735 1370 1796 pascere
1422 1718 1466 1779 est
1481 1711 1546 1778 Dei
1566 1715 1724 1779 colurnus:
1741 1735 1849 1796 nempe
1868 1714 1899 1778 si
1919 1714 1989 1779 illis
2008 1715 2189 1792 moneditnr,
2210 1715 2328 1779 donum
2350 1717 2401 1781 in-

398 1822 493 1867 carne
514 1822 575 1865 suo
596 1805 686 1882 otone
712 1821 840 1881 corpora
863 1823 951 1883 pane
972 1807 1000 1866 et
1021 1803 1092 1866 cino
1113 1800 1267 1866 aluntur?
1288 1801 1370 1866 unde
1422 1801 1650 1880 terpretationis
1670 1821 1708 1864 en
1729 1800 1857 1864 ccclesia
1883 1800 2054 1882 profliyare
2080 1800 2162 1881 qnod
2182 1800 2280 1864 lnccm
2307 1803 2400 1868 uerbo

399 1887 472 1952 lraec
493 1887 583 1952 carm
602 1888 704 1951 uirtus
720 1892 755 1951 nt
771 1888 898 1952 animas
914 1887 1069 1968 vivificet?
1091 1887 1291 1951 Naturaliter
1308 1906 1370 1950 non
1421 1886 1541 1967 affirm
1587 1885 1701 1949 Fateor
1728 1885 1799 1951 illos
1819 1884 1928 1951 habere
1952 1885 2093 1949 oubam:
2120 1886 2175 1950 sed
2201 1886 2292 1967 quale
2319 1888 2399 1954 olim

395 1973 469 2054 fieri
496 1993 599 2036 munes
631 1972 739 2037 dicem.
789 1972 957 2037 Humanae
989 1975 1106 2038 rationi
1137 1973 1236 2036 nihilo
1268 1973 1370 2054 mayis
1421 1969 1764 2051 Anthropmnorphitue,
1786 1992 1882 2052 quum
1907 1971 2012 2036 Deum
2038 1991 2217 2051 corporeum
2241 1973 2381 2054 facerent
2388 1999 2400 2056 ,·

393 2057 537 2141 placebit,
554 2064 720 2139 penetrare
742 2058 785 2122 od
802 2080 858 2122 nos
871 2057 989 2124 Christi
1010 2078 1141 2137 carnem,
1163 2064 1198 2122 ut
1219 2057 1307 2121 nohis
1328 2059 1370 2122 sit
1420 2057 1513 2137 quale
1534 2055 1681 2122 Marcion
1702 2063 1730 2120 et
1751 2056 1945 2135 Manichaei,
1974 2077 2071 2137 ouum
2095 2058 2244 2140 inponeret
2276 2057 2398 2134 Christi

399 2145 593 2209 alimentum.
627 2143 771 2226 Denique
793 2145 937 2226 quisquis
953 2146 1126 2209 doctrinam
1147 2149 1288 2208 nostram
1313 2164 1369 2226 yn
1420 2162 1533 2222 corpus
1553 2143 1599 2206 uel
1620 2143 1754 2222 cuum,
1781 2143 1829 2208 uel
1851 2141 2094 2223 phantasticum.
2141 2141 2286 2207 Citabard
2312 2146 2399 2210 enim

399 2230 544 2307 staoerit,
574 2230 716 2310 rapietur
737 2230 773 2293 in
795 2231 1034 2295 admirationem
1066 2250 1203 2294 arcarrae
1231 2228 1295 2292 Dei
1311 2249 1369 2309 po·
1421 2228 1616 2293 testimonia:
1631 2230 1761 2309 primus
1781 2227 1924 2293 Adame
1946 2233 2030 2293 terra
2051 2229 2215 2307 lammis,
2239 2231 2398 2296 secundus

359 2333 365 2346 ·
399 2316 519 2380 tentiae.
565 2314 626 2378 Isti
647 2320 751 2379 crutem
772 2315 843 2380 boni
864 2316 933 2381 eius
953 2316 1066 2380 relatae
1096 2315 1285 2379 miraculum
1308 2313 1369 2378 sibi
1422 2313 1530 2378 Adam
1559 2336 1574 2377 e
1600 2314 1677 2379 coelo
1703 2314 1847 2379 coelestis.
1902 2313 1997 2378 Item:
2053 2311 2198 2378 Christus
2222 2334 2255 2379 se
2287 2317 2398 2396 ipsum

396 2399 562 2483 fabmcant,
592 2421 652 2480 quo
674 2401 794 2466 sublato
821 2403 976 2466 manescit
1003 2401 1092 2466 Dens
1119 2402 1185 2482 ipse
1211 2421 1281 2465 cum
1309 2421 1370 2464 sua
1421 2400 1596 2464 eainuninit
1620 2399 1724 2480 forma
1745 2401 1828 2465 serni
1848 2404 1985 2480 crupta,
2008 2403 2035 2463 et
2055 2401 2265 2465 similitudine
2292 2422 2398 2483 reper-

392 2487 543 2568 potentio.
593 2486 734 2551 Lectores
766 2488 878 2551 iterum
904 2488 1077 2551 admonitos
1101 2488 1206 2566 cupio,
1232 2487 1370 2567 utquid
1421 2491 1472 2550 tus
1492 2490 1527 2548 ut
1552 2485 1648 2551 homo.
1707 2485 1822 2549 Verum
1850 2487 1952 2550 crassi
1978 2491 2154 2550 mruestores
2180 2486 2302 2551 nnllam
2330 2487 2397 2553 Dei

397 2572 482 2653 fuat
503 2577 610 2635 nostra
630 2573 770 2636 doctr-ina
791 2571 951 2654 diliyenter
971 2573 1138 2650 aestiment,
1154 2573 1370 2652 pendeotuea
1415 2571 1589 2651 potentiam
1619 2590 1684 2635 esse
1714 2571 1908 2649 existimant,
1940 2570 2008 2635 nisi
2038 2577 2173 2636 monstro
2200 2573 2237 2636 in
2263 2574 2397 2638 cerebris

399 2677 494 2721 sensu
519 2658 688 2735 muniit,
711 2679 754 2721 un
775 2677 845 2721 oero
864 2658 941 2738 noct
968 2659 1045 2736 alis,
1071 2663 1217 2738 superato
1245 2657 1368 2736 mundo,
1421 2656 1491 2720 suis
1515 2656 1668 2737 fabricato
1694 2662 1848 2722 coematur
1875 2662 1954 2720 totus
1974 2657 2049 2721 ordo
2071 2662 2218 2737 natnroe;
2240 2659 2321 2739 qnod
2337 2679 2397 2739 po-

399 2742 613 2806 trunsscemlot
633 2744 668 2806 in
686 2743 787 2808 coelos.
817 2741 964 2808 Dicimus
987 2742 1146 2809 Christum
1165 2749 1229 2807 tam
1246 2748 1370 2808 caterno
1421 2743 1487 2806 tius
1515 2748 1559 2806 est
1584 2741 1689 2806 Deum
1720 2742 1984 2821 circumscribere,
2012 2742 2066 2805 nbi
2096 2742 2253 2826 lippientis
2278 2747 2396 2810 nostris

400 2827 534 2909 symbolo
554 2849 650 2909 ynam
676 2830 794 2910 spiritu
815 2849 872 2893 sno
893 2830 936 2894 ud
956 2850 1013 2893 nos
1034 2830 1226 2908 descendere,
1246 2833 1283 2892 ut
1302 2848 1370 2897 uere
1422 2829 1601 2909 appetimus
1626 2829 1764 2909 cooperiri
1782 2828 1861 2909 quid
1882 2828 1993 2910 possit.
2037 2827 2092 2892 Eu
2113 2849 2172 2910 quo
2193 2832 2276 2894 enim
2302 2831 2394 2894 uerbo

401 2913 780 2979 snbstantia'cornrssuae
797 2920 825 2979 et
845 2916 1014 2998 suupuinis
1030 2917 1083 2979 sui
1099 2917 1225 2981 animas
1246 2919 1370 2979 nostras
1422 2917 1634 2993 sumpserunt,
1653 2933 1774 2995 ,empus
1804 2911 1924 2978 Christi
1945 2915 1980 2979 in
2001 2914 2079 2978 coelo
2100 2904 2222 2980 oisr‘bile
2248 2935 2320 2991 csse,
2345 2915 2392 2978 la-

400 2998 539 3079 oioihcet.
585 2998 628 3063 In
649 3000 832 3082 hispaniis
858 3001 960 3066 uerbis
987 3002 1043 3082 qui
1065 3021 1127 3066 non
1152 3002 1245 3066 sentit
1271 3000 1370 3064 multa
1422 3003 1483 3063 tere
1511 3003 1614 3063 antem
1649 2998 1808 3065 invisibile
1834 3000 1871 3063 in
1897 3004 1982 3064 terra
2010 2999 2067 3065 suh
2094 3001 2267 3065 innumeris
2290 3001 2392 3082 panis

398 3084 521 3149 subesse
541 3085 705 3164 miracula,
722 3086 912 3167 plusquam
933 3088 1078 3167 stupidus
1098 3091 1159 3151 est:
1181 3087 1303 3168 quarrdo
1322 3087 1371 3149 ni·
1420 3084 1595 3166 frustulis?
1636 3083 1748 3149 Dicent
1769 3086 1978 3150 necessitatem
1999 3085 2053 3149 hoc
2071 3086 2224 3169 tlapitare,
2245 3090 2278 3149 nt
2301 3084 2394 3150 Chri-

398 3170 445 3234 hil
465 3171 568 3253 moyis
589 3176 718 3251 praeter
738 3178 900 3250 natruam,
924 3192 1019 3253 ynam
1039 3178 1075 3236 ut
1094 3173 1192 3236 citum
1220 3173 1372 3253 spiritua·
1422 3171 1465 3235 sti
1497 3190 1610 3250 corpus
1641 3171 1732 3235 detur
1758 3171 1795 3234 in
1819 3193 1920 3236 coena
1978 3170 2097 3250 Nempe
2128 3173 2204 3252 qnia
2235 3171 2395 3236 carnalem

399 3257 460 3320 lem
480 3261 507 3319 et
527 3256 681 3321 coelestem
702 3259 826 3322 animae
858 3263 1034 3322 mutuentur
1056 3280 1076 3322 a
1097 3279 1190 3323 carne
1210 3278 1288 3339 quae
1309 3259 1372 3322 ori
1423 3276 1510 3321 menn
1541 3277 1580 3319 en
1614 3253 1731 3322 Christi
1762 3256 1863 3321 uerbis
1895 3257 2001 3321 elicere
2032 3257 2135 3337 libuit,
2165 3277 2223 3322 suo
2254 3259 2396 3339 ipsorum

398 3342 503 3424 yinem
529 3363 622 3406 suam
644 3365 659 3406 e
681 3348 765 3407 terra
789 3345 917 3424 accepit,
941 3349 968 3408 et
989 3365 1068 3425 quae
1094 3346 1187 3408 morti
1212 3345 1276 3425 suit
1302 3344 1372 3408 snb-
1417 3342 1615 3423 praeiudicio
1645 3342 1764 3423 abrepti
1785 3363 1903 3407 necesse
1929 3342 2099 3406 hubrcemrrt
2129 3345 2289 3426 aryntiam
2315 3342 2398 3408 hanc

401 3429 486 3492 iacta
532 3427 625 3492 Nihil
645 3431 749 3512 mayis
774 3429 952 3494 incredibile
977 3450 1074 3510 ynam
1099 3451 1149 3495 res
1170 3435 1228 3495 toto
1248 3430 1321 3495 coeli
1343 3434 1372 3493 et
1422 3429 1579 3506 mandere,
1600 3429 1651 3492 cui
1668 3430 1816 3493 rechzmat
1835 3433 1899 3493 tota
1915 3429 2082 3510 sumptura.
2125 3429 2303 3510 Quidquam
2326 3448 2397 3493 cero

400 3518 499 3578 terrae
520 3515 623 3594 spatio
644 3516 776 3582 dissitas
792 3536 829 3580 ac
846 3521 987 3593 reuectus,
1010 3517 1044 3579 in
1065 3521 1151 3580 tanta
1172 3518 1307 3581 locorum
1324 3515 1371 3578 di
1423 3535 1445 3577 a
1467 3515 1553 3578 rrobis
1573 3515 1720 3578 imminui
1737 3515 1775 3579 dc
1785 3515 1925 3594 potentia
1944 3514 2016 3593 Dei,
2034 3534 2132 3595 usqne
2149 3535 2183 3579 co
2198 3515 2320 3595 falsum
2342 3518 2396 3593 est,

399 3601 519 3665 stantia
539 3619 598 3663 non
624 3600 725 3665 solnm
751 3602 908 3683 coniunyi,
931 3602 1109 3685 seduniri,
1131 3607 1167 3666 nt
1192 3603 1371 3666 alimentum
1422 3604 1459 3663 nt
1479 3604 1587 3664 nostra
1615 3601 1754 3664 doctrino
1780 3601 1925 3682 apprime
1951 3599 2151 3683 mayniticnm
2175 3601 2217 3663 sil
2243 3602 2311 3663 eins
2339 3601 2399 3664 elo-

393 3685 574 3764 percipiant
605 3688 731 3751 animae
752 3708 790 3751 ea
812 3707 905 3752 corne
934 3685 1062 3752 Christi.
1117 3672 1275 3752 Desinant
1301 3706 1371 3769 eryo
1421 3686 1518 3768 yinm.
1544 3684 1692 3765 Sedpuia
1708 3705 1829 3766 semper
1842 3705 1898 3750 nos
1914 3686 2110 3763 insimulant,
2126 3685 2278 3766 fraudari
2289 3685 2399 3751 Deum

393 3772 591 3848 praeposteri
616 3771 754 3835 immicus
785 3774 941 3838 ¹inuidiam
956 3773 1072 3853 putida
1097 3773 1258 3838 calumnia
1284 3771 1371 3836 nobis
1423 3791 1479 3835 sno
1499 3770 1624 3850 honore,
1653 3773 1730 3836 dum
1758 3772 1936 3852 respuimus
1963 3773 2043 3853 quod
2070 3771 2235 3836 secundnm
2262 3792 2400 3836 eorumn-

398 3855 517 3936 facere,
545 3875 581 3918 ac
602 3857 631 3918 si
653 3856 690 3920 de
704 3859 869 3923 'immensa
896 3858 961 3923 Dei
982 3859 1123 3941 potentia
1149 3859 1286 3940 moliyne
1312 3858 1372 3922 ali
1423 3877 1494 3920 nem
1514 3877 1639 3921 sensnm
1661 3856 1790 3938 difficile
1811 3863 1855 3922 est
1876 3859 2003 3937 creditu,
2025 3858 2093 3922 licet
2109 3877 2161 3921 ore
2184 3853 2305 3922 Christi
2322 3880 2400 3940 pro-

400 3940 477 4022 yuid
497 3941 757 4023 restrinyeromus.
802 3943 874 4024 Ipsi
895 3946 977 4009 enim
999 3944 1052 4010 rel
1073 3945 1170 4008 nimis
1198 3944 1297 4008 stulte
1319 3965 1370 4007 er-
1423 3943 1557 4007 missum
1572 3943 1685 4024 fuerit:
1710 3945 1822 4008 iterum
1848 3944 2015 4024 respondeo
2042 3943 2124 4024 qnod
2145 3949 2260 4022 nuper,
2282 3964 2340 4008 nos
2362 3945 2401 4007 in

400 4032 486 4102 rent,
497 4026 551 4090 vel
562 4027 697 4106 improbe
713 4031 928 4093 mentiuntur.
943 4030 965 4111 ¹)
1000 4030 1076 4094 Non
1094 4030 1183 4093 enim
1200 4029 1254 4094 hic
1271 4051 1371 4111 quae-
1421 4027 1497 4107 hdei
1521 4029 1679 4111 mysteriis
1702 4050 1828 4094 sensum
1855 4048 2044 4095 communem
2070 4049 2131 4092 non
2150 4028 2321 4109 mnsulere,
2343 4028 2400 4094 sed

399 4111 486 4174 ritur
507 4110 585 4193 quid
605 4112 698 4178 Deus
720 4117 875 4197 potuerit,
899 4115 956 4180 sed
977 4113 1058 4199 quid
1079 4115 1225 4180 volucrit.
1269 4116 1371 4179 Affir-
1417 4113 1549 4193 placida
1569 4116 1725 4180 docilitate
1746 4122 1773 4179 et
1794 4114 2191 4196 spiritu‘mansnetudinis,
2213 4135 2303 4195 quem
2320 4134 2399 4179 omn

398 4217 528 4261 mamus
545 4204 655 4261 eutem
671 4199 705 4279 id
720 4201 844 4264 factum
861 4222 930 4265 csse
948 4201 1101 4284 quodilli
1117 4202 1273 4285 placitum
1290 4207 1370 4265 eret.
1424 4200 1547 4264 mandat
1579 4200 1711 4266 Imobns
1733 4202 1785 4284 (l,
1805 4202 1871 4286 21),
1899 4203 2061 4282 suscipere,
2079 4200 2247 4282 profectam
2274 4222 2290 4264 e
2316 4199 2395 4264 coelo

398 4282 530 4347 Placuit
552 4290 676 4363 eutem,
700 4285 872 4350 Christum
892 4287 1047 4352 fratribus
1068 4309 1128 4370 per
1149 4289 1260 4352 omnia
1281 4287 1371 4351 simi-
1424 4286 1604 4351 doctrinam.
1657 4285 1718 4351 Sed
1745 4289 1781 4351 in
1808 4309 1869 4368 quo
1895 4289 1960 4369 ipsi
1982 4288 2158 4367 pernuiose
2187 4291 2305 4362 errant,
2338 4304 2395 4348 nos

398 4368 464 4433 lem
485 4369 566 4448 fieri,
589 4376 723 4452 excepto
744 4380 884 4453 peccato.
927 4371 1043 4454 Qualis
1065 4381 1116 4438 est
1137 4383 1250 4439 nostro
1272 4372 1370 4438 carol
1424 4372 1531 4435 utilem
1550 4372 1788 4438 nmdmationcm
1818 4375 1906 4454 sequi
1927 4393 1989 4437 non
2009 4373 2152 4454 ditham.
2197 4367 2255 4436 Illi
2274 4369 2397 4435 unddis

398 4475 507 4518 nonne
530 4475 612 4536 quae
630 4467 720 4521 certe
738 4478 798 4521 suu
816 4452 1019 4523 dimensione
1042 4467 1178 4538 constat,
1202 4480 1284 4542 quse
1301 4459 1372 4524 loeo
1428 4456 1547 4522 Christi
1571 4457 1687 4538 uerbis,
1709 4459 1763 4522 hoc
1789 4464 1833 4523 est
1857 4478 1968 4540 corpur
1996 4478 2112 4534 menon,
2141 4456 2327 4521 miraculum
2355 4455 2396 4520 ab

399 4540 600 4619 continetur,
624 4563 708 4624 quae
741 4550 797 4606 tan
823 4543 901 4622 tur,
931 4565 1014 4626 quae
1041 4544 1193 4610 videtur?
1237 4546 1283 4609 Et
1304 4567 1371 4620 our,
1425 4544 1493 4607 eius
1513 4549 1612 4608 mente
1631 4545 1873 4610 renmtissimmn
1892 4544 2125 4627 imayinuntur..
2157 4540 2217 4607 Ubi
2238 4547 2341 4606 annm
2355 4552 2398 4606 en

396 4625 565 4707 inquiunt,
588 4647 654 4691 non
676 4629 774 4694 sociat
831 4651 888 4694 eus
910 4638 948 4693 ut
969 4649 1043 4694 caro
1065 4629 1179 4694 eedem
1205 4631 1301 4712 plura
1323 4630 1373 4694 di·
1425 4627 1479 4694 hoc
1501 4635 1662 4694 mmuiarto
1683 4636 1840 4713 emerynnt
1859 4630 1966 4711 foedae
1987 4627 2207 4706 absurditates,
2231 4629 2308 4709 quia
2330 4627 2398 4691 iom

397 4731 556 4793 versuque
577 4712 649 4778 loen
671 4724 814 4797 occupet,
836 4724 876 4779 ut
898 4715 988 4779 nullo
1009 4714 1078 4789 loco
1101 4716 1317 4796 contincatur,
1335 4722 1373 4780 nt
1419 4716 1590 4797 praecipiti
1607 4716 1805 4796 festinatione
1824 4717 1950 4796 laqueos
1971 4714 2148 4793 induerunt,
2169 4715 2348 4796 demerynnt
2364 4732 2399 4778 se

396 4796 494 4860 modo
516 4806 550 4861 et
571 4799 676 4880 specie
699 4799 827 4865 carcat?
871 4801 1009 4880 Insane,
1032 4800 1109 4882 quid
1131 4822 1151 4864 a
1171 4802 1237 4865 Dei
1258 4810 1373 4884 poten·
1424 4801 1460 4864 in
1481 4802 1627 4883 abyssum
1652 4802 1886 4880 omnipotentiae
1907 4801 1988 4878 Dei,
2010 4804 2045 4863 ut
2066 4799 2120 4864 hoc
2140 4801 2229 4864 uoco
2257 4799 2401 4865 nudatis

398 4881 447 4945 tia
467 4883 614 4963 postulas
636 4893 674 4948 ιιι
694 4906 827 4950 curnem
846 4887 945 4953 faciat
966 4887 1064 4952 simul
1081 4907 1151 4951 esso
1169 4895 1202 4950 et
1217 4909 1285 4951 non
1303 4909 1373 4953 esse
1426 4886 1523 4951 lucem
1544 4887 1747 4967 enstinynant.
1791 4886 1878 4950 Hinc
1897 4887 2040 4968 fastuosa
2061 4886 2120 4950 illa
2149 4886 2330 4950 morositas:
2346 4905 2400 4949 no-

399 4966 554 5030 carnem?
610 4970 752 5035 Perinde
774 4992 812 5036 ac
834 4973 862 5037 si
888 4973 989 5038 instes
1019 4980 1056 5037 ut
1077 4972 1183 5036 lucem
1210 4973 1308 5037 faciet
1329 4974 1373 5036 si·
1425 4972 1530 5035 lumns
1550 4968 1630 5035 scire
1650 4972 1799 5050 quomodo
1818 4971 1875 5034 sub
1890 4992 1976 5053 pane
1998 4973 2093 5036 lateat
2107 4970 2259 5049 Christus,
2277 4971 2334 5035 hac
2351 4972 2402 5051 ip·

398 5052 468 5115 mul
497 5073 567 5116 esse
595 5053 702 5119 lucem
728 5064 761 5121 et
783 5057 943 5123 tenebras.
1000 5060 1047 5122 At
1068 5058 1174 5123 lucem
1203 5057 1277 5123 vult
1302 5079 1373 5122 esse
1425 5057 1494 5121 mins
1521 5075 1590 5120 noce
1615 5057 1761 5120 urunt.-
1787 5056 1841 5122 hoc
1862 5064 1907 5123 est
1928 5077 2039 5140 carpus
2064 5077 2174 5122 meum.
2220 5056 2289 5121 Nos
2318 5077 2400 5135 uero,

397 5137 519 5217 lucem3
541 5140 706 5219 tenebras,
729 5143 899 5224 tenebrcs3
923 5166 1072 5223 carnem,
1098 5165 1239 5210 earnem.
1284 5141 1373 5207 Con·
1426 5147 1462 5205 ut
1481 5143 1517 5205 in
1538 5145 1599 5205 tota
1618 5142 1794 5222 scriptura,
1816 5165 1930 5210 sunam
1956 5143 2053 5208 huius
2080 5144 2138 5208 loci
2165 5142 2402 5226 inlelliyentiam

399 5230 506 5289 vertet
526 5225 658 5306 quidem
679 5249 781 5309 quum
801 5231 890 5294 volet
910 5231 1061 5295 tenebras
1082 5230 1118 5293 in
1139 5229 1246 5296 lucem
1268 5237 1302 5294 ot
1322 5228 1373 5292 lu·
1426 5248 1487 5291 non
1508 5229 1627 5293 minore
1648 5228 1935 5312 obedientia‘yuam
1956 5251 2033 5294 curu
2055 5229 2197 5309 commui
2222 5229 2403 5308 studemus,-

398 5331 470 5374 cem
493 5311 528 5374 in
555 5311 707 5378 tenebras
713 5337 721 5392 ;
749 5312 806 5379 sed
834 5337 935 5397 quum
961 5317 1067 5399 exigis
1085 5323 1122 5379 ut
1143 5316 1202 5380 lux
1224 5322 1257 5381 et
1282 5323 1373 5379 tene-
1427 5334 1524 5393 neone
1545 5320 1745 5396 praepostero
1771 5315 1892 5398 fucore
1925 5322 2035 5382 unere
2075 5314 2251 5395 arripimus
2278 5319 2305 5378 et
2331 5315 2403 5380 sine

376 5394 478 5460 'brae
495 5418 561 5461 non
579 5395 742 5477 differant,
761 5399 839 5481 quid
857 5401 945 5467 aliud
963 5422 1061 5484 quam
1079 5400 1229 5466 ordinem
1246 5401 1374 5486 sapien·
1428 5400 1545 5466 deledu
1565 5401 1652 5505 qnod
1660 5402 1806 5481 primum
1826 5424 1859 5468 se
1878 5402 2029 5467 mentibus
2055 5401 2172 5466 normis
2193 5400 2324 5482 inperit‚·
2346 5400 2405 5465 sed

402 5565 483 5574 Q„-
490 5570 606 5577 -ψ

472 5665 500 5730 1)
517 5665 574 5720 Hic
590 5669 738 5723 incidimus
754 5672 784 5725 in
802 5673 825 5737 ξ.
844 5669 886 5723 27.
1501 5672 1530 5739 l)
1548 5673 1690 5742 Epist..cd
1707 5672 1869 5726 Dardanum.
