5600 6809
416 777 489 863 111
1067 766 1333 836 manuario
1356 767 1461 833 1111.
1483 765 1664 834 111111.
1690 771 1782 834 1111.
1960 847 1966 853 ,
2366 770 2437 833 111

421 965 498 1046 quia
518 961 640 1026 vulnus
668 961 729 1026 hoc
752 966 914 1025 secretum
932 979 1001 1023 non
1022 959 1200 1036 sentiebat,
1223 978 1242 1020 a
1264 956 1399 1022 Christo
1452 976 1489 1021 ac
1511 956 1681 1020 caritatem
1709 956 1813 1021 voluit
1834 955 2000 1021 Dominus
2023 958 2111 1021 inter
2132 978 2207 1022 suos
2229 958 2435 1022 conservari.

421 1048 615 1113 lancinatur.
661 1045 765 1125 Vade,
787 1046 904 1128 inquit,
926 1044 1032 1110 vende
1054 1045 1163 1107 omnia
1184 1065 1266 1126 quae
1287 1041 1397 1107 habes.
1451 1043 1567 1125 Itaque
1596 1049 1675 1124 quot
1704 1052 1783 1107 sunt
1811 1042 1906 1107 hodie
1933 1043 2146 1122 monasteria,
2180 1050 2228 1107 tot
2257 1064 2327 1108 esse
2358 1043 2437 1108 dico

423 1132 546 1199 Situm
563 1132 668 1197 bonus
685 1133 800 1197 fuisset
817 1137 926 1197 custos
947 1131 978 1195 le
1004 1131 1030 1193 's
1048 1150 1146 1212 quam
1163 1130 1308 1213 putabat,
1332 1149 1399 1192 111
1452 1129 1734 1193 schismaticorum
1762 1128 2002 1205 conventicula,
2031 1129 2086 1213 qui
2108 1130 2238 1193 turbato
2259 1129 2437 1202 ecclesias-

392 1217 603 1284 ·discederet
632 1226 797 1295 moestus,
831 1217 893 1280 hoc
925 1238 983 1282 ver
1054 1214 1173 1279 audito.
1223 1215 1309 1280 Nam
1343 1214 1399 1297 qui
1451 1216 1515 1279 1111
1550 1214 1665 1278 ordino
1692 1236 1712 1278 a
1737 1215 1891 1279 societate
1916 1214 2061 1279 fidelium
2089 1214 2238 1297 legitima
2264 1225 2341 1280 sunt
2370 1237 2437 1280 ex-

422 1306 531 1370 Deum
560 1304 668 1388 diligit
690 1327 729 1369 ex
753 1302 951 1381 totocorde,
981 1300 1137 1383 quidquid
1160 1322 1234 1367 cum
1256 1301 1327 1366 eius
1349 1301 1398 1365 di·
1453 1302 1541 1365 secti.
1578 1301 1625 1364 Et
1647 1322 1689 1365 ne
1707 1301 1846 1365 obscura
1875 1308 1960 1365 esset
1980 1302 2043 1365 ista
2061 1300 2225 1379 discessio,
2247 1301 2338 1366 varia
2359 1301 2437 1366 fac-

422 1392 562 1456 lectione
594 1398 734 1474 pugnat,
769 1410 836 1452 non
865 1394 993 1452 tantum
1026 1386 1126 1451 habet
1158 1409 1217 1470 pro
1246 1395 1397 1466 stercore,
1451 1388 1577 1450 tionum
1595 1388 1730 1450 nomina
1747 1384 1809 1449 sibi
1825 1384 2023 1450 indiderunt.
2059 1386 2128 1452 Nea
2150 1387 2238 1469 ipsos
2258 1386 2376 1469 puduit
2394 1388 2438 1450 in

423 1475 481 1542 sed
502 1484 661 1559 tanquam
683 1475 814 1540 exitiale
836 1474 1051 1538 abominatur.
1085 1474 1184 1555 Ergo,
1207 1472 1293 1556 quod
1316 1474 1398 1539 divi·
1451 1494 1489 1537 11
1510 1472 1644 1555 gloriari
1665 1470 1752 1554 quod
1769 1473 1815 1537 sic
1833 1480 2021 1549 exsecratur
2042 1472 2166 1537 Paulus
2185 1472 2217 1556 (1
2243 1471 2315 1537 Cor.
2340 1477 2435 1550 1,12

421 1570 490 1627 tem
519 1584 654 1626 avarum
682 1562 864 1643 relinquere
892 1558 984 1623 iubet
1006 1558 1159 1623 Christus
1185 1559 1296 1623 omnia
1317 1581 1398 1643 quae
1452 1568 1486 1621 ot
1509 1563 1537 1635 3,
1560 1564 1605 1640 4),
1629 1562 1666 1622 11
1693 1559 1772 1622 satis
1794 1578 1993 1640 exaggerare
2015 1579 2080 1621 non
2101 1559 2213 1640 possit
2249 1559 2322 1623 Nisi
2345 1560 2436 1624 forte

423 1649 531 1727 habet,
555 1647 690 1730 perinde
713 1655 764 1710 est
785 1665 822 1710 ae
845 1647 873 1709 si
891 1645 1101 1710 ambitiosum
1124 1645 1273 1710 omnibus
1296 1646 1399 1711 hono·
1452 1644 1623 1710 Christum
1650 1643 1755 1708 ,111111
1782 1665 1802 1707 a
1832 1642 2013 1708 Corinthiis
2045 1644 2185 1708 divisum
2218 1644 2435 1724 arbitramur,

424 1734 535 1810 ribus,
573 1733 802 1815 voluptuosum
836 1731 988 1796 omnibus
1020 1729 1163 1806 deliciis,
1199 1731 1400 1814 impudicum
1452 1751 1555 1813 quum
1588 1730 1672 1794 11111
1701 1729 1765 1793 alio
1793 1727 1923 1794 doctore
1951 1728 2148 1813 superbiret3
2181 1739 2328 1797 111111
2357 1731 2435 1795 sine

423 1818 572 1884 omnibus
605 1817 748 1883 libidinis
778 1816 1008 1881 instrumentis
1039 1817 1167 1881 iuberet
1199 1819 1398 1882 renuntiare.
1452 1816 1521 1880 ulla
1543 1814 1669 1879 Christi
1694 1814 1816 1879 iniuria
1842 1815 1913 1879 fieri
1935 1814 2021 1897 quod
2046 1836 2105 1897 pro
2127 1815 2324 1880 Christianis
2347 1817 2435 1882 11111

424 1903 481 1970 Sic
508 1903 549 1968 ad
583 1903 814 1986 particularem
842 1903 921 1966 mali
950 1900 1002 1966 sui
1030 1922 1165 1966 sensum
1200 1901 1400 1968 revocandae
1453 1901 1695 1978 Benedictinos,
1718 1900 1799 1965 ahos
1820 1900 2068 1987 Franciscanos,
2092 1900 2173 1965 alios
2195 1903 2434 1968 Dominicanos

424 1998 503 2055 sunt
520 1989 746 2067 conscientiae,
769 2010 853 2070 quae
872 1988 962 2052 nullo
984 1987 1147 2070 generalis
1170 1988 1401 2053 admonitionis
1455 1988 1562 2053 vocari
1581 1987 1741 2065 audimus,
1764 1997 1798 2050 et
1814 1988 1860 2050 ita
1881 1988 2000 2064 vocari,
2025 1994 2061 2050 ut
2077 1987 2150 2068 ipsi,
2169 1987 2247 2051 dum
2272 1989 2434 2053 affectant

424 2096 522 2141 sensu
550 2082 741 2159 tanguntur.
787 2075 929 2138 Frustra
957 2073 1059 2156 igitur
1081 2072 1280 2156 hypothesin
1302 2075 1401 2139 istam
1454 2096 1474 2137 a
1491 2074 1591 2157 vulga
1610 2072 1874 2137 Christianorum
1895 2072 2061 2155 distingui,
2081 2072 2140 2136 hos
2162 2073 2273 2138 titulos
2294 2094 2355 2156 pro
2377 2096 2433 2139 re-

425 2161 467 2226 ad
489 2161 676 2244 generalem
698 2161 1000 2242 interpretationem
1024 2159 1169 2238 trahunt,
1194 2182 1231 2225 ac
1253 2161 1280 2225 si
1303 2159 1400 2225 Chri·
1453 2160 1585 2244 ligionis
1606 2159 1805 2243 professione
1824 2158 1967 2223 fastuose
1989 2157 2052 2221 sibi
2073 2167 2214 2222 sumant.

423 2256 495 2312 stus
517 2246 660 2311 hominis
678 2247 909 2329 perfectionem
927 2246 963 2307 in
980 2244 1222 2328 renuntiatione
1241 2247 1401 2310 bonorum
1543 2251 1590 2308 15.
1635 2244 1737 2321 Haec,
1760 2265 1844 2326 quae
1870 2244 2030 2309 hactenus
2053 2245 2139 2308 inter
2165 2251 2292 2309 veteres
2313 2252 2348 2309 et
2369 2266 2433 2310 no·

295 2327 302 2335 ’
424 2341 596 2412 statueret;
619 2355 721 2414 quum
739 2332 822 2395 nihil
840 2329 928 2395 aliud
949 2330 1090 2396 voluerit
1106 2331 1168 2394 hoc
1186 2331 1279 2410 dicto,
1303 2353 1403 2414 quam
1454 2339 1540 2396 strae
1562 2331 1678 2395 aetatis
1704 2330 1881 2394 monachos
1902 2327 2091 2412 discrimina
2112 2331 2276 2408 recensui,
2306 2353 2373 2395 non
2393 2332 2432 2395 in

425 2419 594 2496 iuvenem,
619 2418 679 2483 sibi
702 2418 789 2481 ultra
809 2416 944 2481 modum
966 2416 1166 2499 placentem,
1195 2417 1401 2481 1111111111-
1454 2418 1598 2481 moribus
1620 2424 1705 2494 sunt,
1729 2416 1786 2479 sed
1806 2416 1843 2479 in
1863 2416 1934 2497 ipsa
1951 2417 2157 2498 professione.
2193 2416 2337 2481 Proinde
2359 2437 2432 2482 me·

426 2503 505 2568 dum
531 2505 625 2568 ulcus
652 2525 750 2567 suum
782 2501 927 2587 adigere,
956 2509 994 2566 ut
1021 2501 1220 2585 intelligeret
1249 2523 1283 2567 se
1305 2504 1401 2586 longo
1454 2503 1611 2567 minerint
1632 2503 1784 2578 lectores,
1810 2500 1911 2566 fuisse
1937 2523 1990 2566 mo
2012 2500 2052 2566 de
2074 2502 2298 2567 monachismo
2320 2505 2433 2584 potius

347 2618 349 2623 ’
425 2589 534 2654 adhuc
560 2589 734 2653 intervallo
761 2589 873 2653 abesse
899 2587 1083 2670 aperfecta
1104 2587 1186 2670 legis
1208 2589 1400 2666 obedientia,
1454 2610 1552 2671 quam
1585 2587 1625 2652 de
1652 2587 1822 2652 monachis
1848 2586 2034 2669 loquutum,
2069 2595 2102 2650 et
2128 2608 2167 2652 ea
2192 2589 2276 2652 vitia
2299 2597 2433 2653 notasse

425 2696 524 2757 quam
542 2675 604 2739 sibi
623 2674 703 2738 alias
720 2674 801 2738 falso
823 2672 1004 2756 arrogabat.
1042 2673 1166 2736 Fateor
1184 2674 1272 2740 hunc
1293 2674 1403 2740 locum
1454 2697 1520 2738 non
1546 2695 1629 2756 quae
1653 2675 1689 2737 in
1715 2694 1895 2759 paucorum
1922 2675 1991 2738 vita
2017 2673 2167 2752 haerent,
2196 2672 2253 2739 sed
2279 2695 2363 2756 quae
2389 2673 2433 2738 ab

424 2761 525 2824 fuisse
547 2781 567 2824 a
588 2759 781 2842 quibusdam
801 2781 843 2823 ex
864 2757 1011 2841 patribus
1027 2758 1114 2822 male
1130 2759 1334 2824 intellectum
1352 2767 1401 2824 at
1453 2761 1525 2842 ipso
1537 2759 1669 2825 vivendi
1686 2760 1839 2823 instituto
1858 2760 2001 2840 separari
2019 2767 2195 2841 nequeunt.
2226 2759 2266 2823 In
2285 2761 2434 2824 moribus

425 2867 489 2928 que
513 2845 591 2910 hinc
619 2852 732 2909 natam
754 2865 825 2909 1111
850 2844 1054 2909 voluntariae
1078 2847 1282 2927 paupertatis
1304 2847 1402 2912 affee-
1455 2855 1563 2910 autem
1581 2853 1704 2928 quanta
1722 2845 1765 2909 sit
1783 2843 2009 2926 discrepantia,
2028 2844 2107 2926 quid
2126 2847 2245 2909 attinet
2261 2845 2434 2927 sigillatim

426 2932 591 3007 tationem,
615 2951 678 3012 qua
700 2930 746 2994 illi
769 2929 900 2994 demum
928 2929 1017 2993 beati
1037 2932 1247 3012 putabantur,
1268 2934 1324 3015 qui
1345 2934 1401 2998 ab·
1455 2931 1640 3014 exponere?
1685 2930 1758 2996 Hoc
1780 2937 1917 3007 constat,
1940 2930 2069 2994 nullum
2090 2952 2162 2995 esse
2184 2930 2352 2994 hominum
2375 2952 2434 2994 or-

427 3016 541 3082 dicatis
558 3015 708 3080 omnibus
725 3017 823 3081 rebus
839 3017 979 3080 terrenis
996 3016 1077 3079 nudi
1100 3037 1134 3080 se
1151 3016 1284 3082 Christo
1302 3019 1401 3084 devo·
1455 3017 1564 3082 dinem
1592 3018 1698 3100 magis
1727 3017 1833 3080 omnis
1862 3016 2020 3080 vitiorum
2048 3014 2247 3099 turpitudine
2274 3016 2434 3098 inquina-

426 3110 550 3168 verant
597 3100 1401 3170 111111111111111111111111111-
1454 3112 1541 3183 tum;
1563 3124 1726 3186 nusquam
1747 3102 1854 3186 magis
1875 3102 2003 3166 fervent
2024 3102 2190 3180 factiones,
2213 3100 2295 3177 odia,
2318 3101 2435 3167 studia

426 3188 517 3252 tiosis
527 3188 730 3254 satisfactum
741 3189 783 3251 iri
794 3187 856 3253 hac
866 3208 941 3252 mea
952 3187 1178 3269 explicatione,
1193 3201 1230 3253 ut
1241 3189 1280 3255 de
1291 3198 1402 3255 mento
1453 3191 1610 3273 partium,
1639 3189 1789 3253 ambitus.
1834 3188 1875 3251 In
1896 3187 2009 3270 paucis
2031 3186 2163 3271 quidem
2184 3187 2345 3253 coenobiis
2367 3209 2435 3270 pu·

426 3272 552 3340 Christi
575 3273 859 3357 nihil‘ambigant.
1455 3276 1525 3341 dice
1552 3276 1692 3352 vivitur,
1720 3274 1748 3338 si
1777 3273 1933 3354 pudicitia
1955 3273 2101 3339 vocanda
2122 3281 2186 3351 cst,
2214 3274 2272 3338 ubi
2292 3281 2434 3339 eatenus

515 3364 562 3422 14.
609 3358 809 3441 Quanquam
829 3358 914 3423 nihil
935 3358 1045 3422 minus
1074 3359 1260 3443 cogitarunt
1280 3370 1400 3445 patres,
1453 3361 1643 3446 reprimitur
1676 3359 1776 3425 libide
1811 3381 1852 3423 ne
1879 3359 1988 3442 palam
2016 3360 2059 3424 sit
2085 3360 2218 3424 infamis
2225 3383 2233 3439 ;
2267 3359 2433 3425 decimum

425 3466 524 3527 quam
559 3445 704 3510 stabilire
733 3442 892 3510 eiusmodi
920 3444 1152 3526 perfectionem
1178 3470 1261 3530 quae
1287 3456 1403 3531 postea
1453 3456 1566 3513 tamen
1595 3445 1745 3529 quodque
1768 3446 1826 3511 vix
1846 3445 2000 3527 reperias,
2027 3444 2116 3529 quod
2137 3467 2205 3510 non
2226 3445 2368 3528 lupanar
2387 3447 2435 3510 111

426 3552 446 3595 1
478 3531 649 3596 cucullatis
677 3531 832 3613 sophistis
855 3529 1032 3595 fabrefacta
1060 3531 1138 3610 fuit,
1173 3541 1212 3597 ut
1240 3532 1401 3616 duplicem
1453 3534 1682 3617 potiusquam
1704 3532 1862 3597 castitatis
1885 3532 2073 3597 sacrarium.
2112 3532 2160 3595 At
2180 3532 2216 3595 in
2238 3532 2327 3597 victu
2350 3552 2434 3613 qua-

425 3615 706 3681 christianismum
724 3619 770 3682 sio
792 3618 839 3681 eri
862 3624 964 3681 erent.
1000 3616 1159 3681 Nondum
1176 3621 1265 3683 onim
1286 3628 1403 3685 natum
1453 3620 1495 3684 lis
1514 3616 1707 3702 frugalitas?
1742 3614 1819 3682 Non
1836 3617 1932 3682 aliter
1948 3617 2039 3700 porci
2055 3617 2091 3680 in
2114 3617 2204 3682 haris
2225 3618 2433 3701 saginantur.

425 3710 497 3767 erat
517 3702 713 3786 sacrilegum
734 3702 816 3766 illud
838 3638 957 3786 dogma
973 3701 1060 3784 quod
1076 3705 1310 3787 professionem
1332 3726 1403 3770 mo-
1455 3704 1522 3770 Sed
1549 3727 1592 3768 ne
1619 3710 1799 3786 querantur
1820 3724 1855 3768 se
1874 3703 1973 3766 nimis
1993 3703 2208 3768 inclementer
2229 3724 2255 3768 a‘
2268 3723 2323 3767 me
2345 3712 2434 3767 trac-

426 3788 567 3853 nasticos
589 3789 751 3871 baptismo
773 3795 949 3871 comparat,
971 3788 1037 3853 imo
1058 3789 1167 3872 palam
1190 3812 1261 3856 asse
1283 3792 1314 3868 't,
1337 3793 1403 3856 for·
1455 3792 1534 3869 tari,
1563 3811 1631 3854 uon
1652 3790 1789 3854 ulterius
1811 3810 1919 3872 pergo.
1965 3787 2164 3871 Quanquam
2185 3790 2221 3853 in
2242 3789 2295 3853 his
2316 3790 2434 3872 paucis

427 3893 515 3936 mam
549 3895 619 3938 1111
652 3874 786 3939 secundi
812 3874 974 3957 baptismi.
1026 3875 1079 3939 Ab
1111 3876 1173 3942 hac
1199 3878 1404 3962 blasphemia
1454 3898 1537 3961 quae
1557 3877 1668 3960 attigi,
1696 3875 1780 3940 nihil
1802 3896 1872 3944 csse
1894 3876 2092 3940 accusatorie
2114 3874 2253 3951 dietum,
2275 3876 2435 3940 fatebitur

426 3958 499 4041 quis
533 3959 658 4025 dubitet
684 3967 794 4042 patres
822 3968 890 4025 toto
917 3959 1027 4024 animo
1050 3963 1280 4028 abhorruisse?
1329 3965 1403 4029 Iam
1454 3965 1639 4047 quicunque
1665 3982 1733 4026 rem
1761 3960 1868 4043 ipsam
1890 3961 1990 4025 novit
2034 3962 2257 4044 Augustinus,
2274 3959 2297 4043 ¹)
2327 3983 2434 4044 quum

426 4044 510 4109 illud
531 4055 715 4110 extremum
737 4046 822 4128 quod
844 4047 930 4129 apud
955 4056 1084 4117 veteres
1105 4049 1283 4115 monachos
1304 4051 1404 4115 fuisse
1455 4057 1548 4114 tanta
1575 4049 1739 4125 castitate,
1768 4046 1946 4112 secundum
1969 4046 2041 4111 eius
2064 4047 2299 4124 testimonium,
2322 4047 2434 4112 excel-

427 4129 734 4215 dicitAugustinus,
754 4140 791 4194 ut
801 4132 924 4198 scilicet
941 4141 1025 4198 totos
1043 4154 1078 4198 se
1100 4133 1142 4198 ad
1159 4135 1329 4200 caritatem
1348 4158 1402 4201 ac-
1454 4136 1560 4201 lerent
1587 4134 1755 4212 monachi,
1787 4133 1934 4216 queritur
1960 4141 2072 4197 tamen
2100 4132 2220 4196 multos
2246 4154 2317 4197 esse
2340 4153 2433 4197 erro-

426 4216 680 4295 commodarent,
700 4213 776 4299 quid
796 4237 877 4300 opus
888 4228 939 4284 cst
957 4219 1065 4286 verbis
1084 4219 1318 4300 demonstrare,
1331 4242 1402 4287 esse
1455 4243 1523 4300 nes,
1547 4221 1604 4304 qui
1623 4220 1719 4284 malis
1741 4220 1865 4284 artibus
1882 4227 1916 4282 et
1936 4219 2124 4301 imposturis
2142 4217 2355 4300 simpliciores
2372 4239 2434 4300 pe-

327 4327 330 4334 ·
426 4302 467 4366 ab
489 4302 551 4367 hac
572 4304 697 4367 novitia
718 4303 916 4385 professione
939 4306 1198 4370 alienissimum?
1243 4307 1311 4372 Res
1332 4309 1404 4391 ipsa
1455 4308 1553 4373 cunia
1579 4310 1776 4390 emungant,
1804 4304 1861 4387 qui
1881 4303 2034 4386 reliquias
2047 4311 2238 4388 ,martyrum
2259 4305 2433 4369 circumfe-

424 4387 578 4470 loquitur,
601 4409 656 4452 eos
679 4390 868 4470 omnesqui
889 4390 924 4453 in
946 4392 1101 4457 coenobia
1121 4392 1312 4472 concedunt,
1336 4393 1403 4458 dis·
1453 4392 1556 4458 rendo
1574 4399 1687 4475 turpes
1707 4389 1961 4456 nundinationes
1978 4398 2161 4470 exerceant,
2180 4390 2246 4453 ime
2263 4409 2322 4471 pro
2339 4411 2433 4454 mar-

427 4475 604 4538 cessionem
638 4475 679 4539 ab
707 4473 842 4539 ecclesia
869 4476 982 4541 facere.
1034 4477 1123 4558 Quid
1152 4479 1261 4544 enim?
1291 4501 1402 4544 annon
1455 4487 1567 4629 dim
1594 4478 1741 4560 reliquiis
1772 4476 1991 4561 quorumlibet
2018 4484 2221 4540 mortuorum
2248 4496 2321 4540 ossa
2347 4497 2433 4541 ven-

426 4580 462 4625 11
485 4581 504 4624 1
525 4561 672 4644 legitima
694 4560 840 4626 fidehum
861 4562 1015 4627 societate
1038 4573 1209 4647 separant,
1238 4566 1404 4649 peculiare
1480 4566 1575 4644 'tent;
1615 4564 1671 4647 qui
1703 4563 1816 4627 multis
1849 4561 2010 4627 similibus
2048 4562 2182 4645 flagitiis
2214 4561 2434 4645 ignominiam

426 4647 486 4711 sibi
516 4646 732 4710 ministerium
759 4653 793 4710 et
813 4648 977 4728 privatam
999 4660 1277 4716 sacramentorum
1299 4650 1404 4715 admi-
1455 4651 1562 4715 ordini
1583 4650 1727 4715 inurant
1771 4648 1819 4715 Ut
1839 4670 1874 4713 se
1896 4647 2004 4713 nullos
2025 4647 2147 4718 uidisse
2164 4647 2315 4712 meliores
2335 4668 2433 4730 prae-

425 4732 651 4796 nistrationem
681 4732 886 4797 asciscendo?
939 4733 1030 4814 Quid
1055 4745 1106 4800 ost
1132 4738 1286 4803 ecclesiae
1315 4758 1404 4803 com·
1455 4736 1555 4815 dieat,
1578 4757 1676 4818 quam
1704 4735 1757 4818 qui
1775 4735 1811 4798 in
1833 4735 2038 4799 monasteriis
2057 4733 2269 4816 profecerint,
2299 4734 2345 4797 ita
2374 4733 2434 4798 de·

425 4819 615 4881 munionem
645 4816 817 4900 dissipare,
848 4818 875 4882 si
903 4819 964 4886 hoc
991 4841 1058 4885 non
1086 4822 1157 4887 est?
1210 4825 1319 4907 Atque
1350 4824 1405 4908 (ut
1456 4822 1565 4906 plorat
1581 4821 1688 4886 nullos
1708 4841 1742 4885 11
1761 4819 1938 4884 deteriores
1956 4819 2085 4897 vidisse,
2104 4840 2203 4902 quam
2225 4819 2281 4902 qui
2302 4820 2339 4882 in
2362 4842 2432 4885 mo-

427 4922 499 4966 eam
527 4923 627 4984 quam
660 4904 750 4985 coepi
781 4904 887 4969 facere
919 4908 1193 4989 comparationem
1226 4924 1404 4993 persequar
1456 4908 1608 4973 nasteriis
1636 4905 1821 4971 defecerint.
1867 4902 1955 4985 Quid
1978 4903 2108 4984 diceret,
2132 4906 2160 4969 si
2183 4903 2280 4968 hodie
2302 4906 2433 4989 conspi-

427 4995 461 5050 11
483 4987 583 5050 semel
605 4985 768 5073 claudam)
791 4989 869 5071 quid
894 4991 1001 5057 simile
1023 4992 1085 5059 hac
1107 4996 1142 5058 in
1164 5005 1257 5077 parte
1279 4996 1404 5061 habent
1455 5000 1543 5059 caret
1560 5000 1609 5057 tot
1630 5012 1667 5056 ac
1689 5000 1757 5056 tam
1770 4988 1953 5074 deploratis
1975 4992 2063 5056 vitiis
2090 4990 2271 5069 exundare,
2295 4997 2329 5054 et
2351 5013 2432 5073 quo-

426 5094 502 5138 cum
536 5071 699 5138 veteribus
727 5076 918 5142 monachis?
956 5079 1032 5163 nli,
1066 5082 1196 5144 tametsi
1226 5083 1403 5162 separatim
1456 5078 1628 5143 dammodo
1651 5080 1784 5160 crepare
1806 5077 1915 5141 omnia
1936 5076 2004 5142 fere
2025 5076 2201 5142 coenobia?
2246 5076 2319 5159 Ego
2345 5077 2433 5141 nihil

426 5159 467 5223 ab
490 5158 561 5222 aliis
584 5158 785 5239 habitabant,
808 5183 875 5226 non
896 5174 1008 5229 tamen
1029 5165 1195 5231 habebant
1217 5175 1402 5249 separatam
1454 5166 1517 5229 nisi
1556 5163 1641 5247 quod
1674 5163 1825 5228 omnibus
1857 5170 1907 5227 est
1939 5164 2146 5228 notissimum
2180 5161 2260 5226 dico.
2314 5162 2432 5246 Neque

425 5244 607 5311 ecclesiam:
643 5254 847 5311 sacramenta
873 5251 1112 5333 participabant
1139 5274 1214 5316 cum
1242 5252 1330 5330 aliis;
1359 5253 1401 5317 ad
1453 5258 1564 5315 tamen
1592 5251 1635 5316 ad
1655 5269 1768 5314 omnes
1798 5249 1868 5313 sine
1895 5248 1964 5314 ulla
1987 5271 2121 5333 prorsus
2143 5247 2332 5331 exceptione
2353 5269 2431 5329 per-

424 5331 576 5396 solenncs
609 5338 788 5396 conventus
821 5351 855 5396 se
883 5335 1055 5416 sistebant;
1088 5337 1154 5403 illic
1187 5358 1264 5422 pars
1295 5337 1401 5420 plebis
1453 5338 1538 5402 tinet
1565 5336 1646 5403 haec
1673 5335 1878 5418 vituperatio.
1924 5333 2207 5416 Quemadmodum
2232 5332 2321 5398 enim
2341 5354 2431 5397 uun·

424 5428 528 5481 erant
564 5417 625 5481 Isti
647 5418 814 5500 privatum
832 5417 892 5481 sibi
914 5421 1016 5487 altare
1034 5421 1189 5506 erigendo
1211 5422 1289 5507 quid
1311 5422 1401 5489 aliud
1453 5445 1550 5507 quam
1568 5423 1649 5489 adeo
1666 5421 1748 5488 bene
1767 5419 1946 5486 constituta
1962 5420 2026 5485 fuit
2041 5421 2078 5485 in
2094 5419 2300 5486 monasteriis
2317 5426 2432 5484 sancte

424 5521 523 5583 quam
550 5501 720 5568 vinculum
747 5501 883 5577 unitatis
912 5505 1137 5589 abruperunt?
1189 5510 1276 5574 Nam
1303 5516 1337 5574 et
1364 5531 1400 5576 11

425 5585 466 5650 ab
492 5589 646 5652 universo
673 5587 827 5652 ecclesiae
849 5609 982 5673 corpore
1006 5596 1343 5676 excommunicarunt,
1367 5604 1400 5660 et
1452 5600 1571 5606 ”-“’
1588 5599 1654 5605 “““
2094 5666 2099 5676 „

424 5671 629 5737 ordinarium
650 5680 916 5755 contempnamus
935 5677 1169 5761 ministerium,
1198 5702 1263 5765 quo
1285 5703 1400 5766 pacem
1521 5699 1550 5766 1)
1567 5699 1608 5751 De
1627 5713 1710 5766 opere
1728 5679 1929 5762 monachorum,
1946 5695 1974 5747 in
1991 5696 2052 5748 fine.
