5600 6809
423 789 484 850 503
1068 779 1336 848 ΙΝΒΤΙΤΠΤΙΟ
1357 782 1462 848 REI..
1487 777 1667 845 CHRIS'P.
1695 783 1786 843 1559.
1856 852 1860 858 ,
2367 789 2431 846 5114

422 973 511 1038 ditia.
557 970 669 1052 Quare
691 978 724 1035 et
744 970 831 1038 hunc
855 971 1033 1036 vocationis
1055 977 1186 1034 nostrae
1209 971 1308 1034 finem
1331 991 1403 1034 esse
1454 969 1509 1031 Ex
1527 988 1591 1049 quo
1610 974 1643 1029 et
1663 966 1774 1030 anima
1794 975 1907 1030 nostra
1927 974 1960 1031 et
1977 988 2094 1050 corpus
2113 969 2244 1034 coelesti
2262 970 2431 1055 incorrup-

423 1059 516 1123 docet
536 1059 573 1121 in
593 1078 690 1139 quem
713 1059 873 1139 respicere
892 1078 1020 1138 semper
1038 1057 1198 1134 convenit,
1221 1056 1248 1119 11
1271 1057 1401 1120 vocanti
1455 1053 1535 1116 tioni
1553 1059 1587 1116 et
1603 1052 1863 1117 immarcescibili
1874 1073 2012 1118 coronae
2025 1052 2189 1119 destinata
2199 1064 2286 1133 sunt,
2300 1064 2433 1122 strenue

422 1144 494 1208 Deo
515 1144 657 1210 velimus
685 1143 890 1225 respondere.
935 1141 1104 1222 Quorsum
1132 1143 1220 1204 enim
1247 1162 1267 1204 a
1287 1139 1403 1205 mundi
1455 1136 1645 1203 enitendum
1670 1159 1740 1202 esse
1767 1146 1805 1202 ut
1825 1159 1910 1220 pura
1931 1146 1965 1202 11
1985 1141 2177 1223 incorrupta
2197 1141 2233 1205 in
2256 1141 2343 1206 diem
2364 1143 2433 1207 Do·

422 1230 567 1312 nequitia
595 1235 628 1292 et
655 1229 846 1310 pollutione,
881 1226 1058 1308 inquibus
1087 1225 1228 1290 demersi
1261 1247 1400 1304 eramus,
1454 1224 2118 1309 111111111111111111(1111111.5,23).
2163 1227 2264 1306 Haec,
2288 1228 2432 1311 inquam,

422 1335 482 1380 nos
504 1316 576 1379 erui
598 1314 767 1391 attinebat,
792 1315 820 1378 si
842 1312 936 1377 nobis
953 1313 1173 1395 permittimus
1195 1320 1264 1375 tota
1281 1313 1350 1377 vita
1367 1313 1403 1377 in
1455 1309 1715 1392 auspicatissima
1747 1317 1826 1374 sunt
1857 1310 1940 1374 bene
1968 1311 2214 1377 constituendae
2239 1315 2329 1378 vitae
2357 1315 2434 1379 fun·

421 1400 487 1465 illis
509 1399 677 1465 volutari?
723 1400 778 1463 Ad
806 1400 886 1462 haeo
919 1398 1017 1462 simul
1044 1399 1141 1461 etiam
1160 1397 1313 1462 admonet
1341 1418 1401 1461 nos
1455 1395 1624 1472 demente,
1665 1396 1782 1477 quibus
1815 1416 2024 1479 nequaquam
2055 1397 2175 1462 similia
2207 1398 2434 1482 deprehendas

423 1484 782 1570 (111.35,811111111),
805 1484 894 1548 utin
907 1484 1043 1547 Domini
1060 1483 1180 1566 populo
1198 1503 1400 1562 censeamur,
1456 1481 1543 1564 apud
1576 1480 1800 1563 philosophos:
1835 1482 1892 1563 qui
1924 1481 1960 1544 in
1992 1483 2274 1549 commendatione
2300 1487 2434 1550 virtutis

423 1579 570 1636 sanctam
605 1572 770 1635 civitatem
802 1568 982 1633 Ierusalem
1021 1576 1170 1651 oportere
1203 1570 1401 1635 inhabitare:
1455 1587 1624 1650 nunquam
1647 1588 1746 1648 supra
1771 1567 1914 1632 hominis
1935 1568 2119 1633 naturalem
2140 1568 2335 1653 dignitatem
2358 1593 2435 1637 oon-

424 1677 523 1739 quam
546 1664 583 1720 ut
603 1657 671 1737 ipse
693 1654 755 1719 sibi
778 1655 997 1732 consecravit,
1022 1656 1069 1718 ita
1090 1655 1273 1719 incolarum
1295 1655 1403 1738 1111111-
1456 1653 1626 1718 scendunt.

425 1743 522 1806 ritate
554 1742 645 1805 nefas
678 1749 727 1804 est
759 1740 932 1821 profanari.
983 1739 1081 1805 Unde
1108 1746 1187 1805 sunt
1214 1763 1271 1806 eae
1293 1761 1402 1807 voces:
1543 1744 1572 1801 4.
1618 1738 1727 1819 Atque
1751 1737 1807 1801 hio
1834 1737 1926 1803 locus
1954 1748 2004 1803 est
2030 1739 2249 1823 compellandi
2278 1763 2349 1817 eos,
2379 1745 2436 1825 qui

427 1828 536 1892 locum
557 1827 597 1890 iis
619 1825 767 1890 futurum
788 1827 825 1888 in
842 1826 906 1889 Dei
929 1824 1148 1905 tabernaculo,
1171 1828 1227 1910 qui
1248 1827 1407 1892 incedunt
1456 1823 1539 1888 nihil
1558 1822 1718 1887 habentes
1731 1821 1857 1888 Christi
1878 1832 2009 1905 praeter
2028 1826 2163 1889 titulum
2185 1846 2223 1891 ac
2241 1828 2434 1912 symbolum,

428 1912 499 1977 sine
522 1911 665 1988 macula,
695 1919 728 1975 et
755 1912 899 1976 iustitias
921 1911 1069 1990 student,
1100 1919 1159 1978 ete.
1208 1913 1292 1993 Quia
1318 1933 1406 1977 saac-
1458 1909 1641 1975 Christiani
1678 1915 1789 1973 tamen
1821 1911 1985 1974 nominari
2016 1911 2141 1976 volunt.
2198 1911 2273 1993 Qua
2303 1913 2436 1978 tandem

427 1998 567 2061 tucrium
598 1999 634 2060 ia
662 2017 721 2078 qao
748 1997 881 2074 habitat,
915 1998 1045 2062 minime
1064 1999 1146 2063 (11111
1168 1999 1270 2063 111111
1291 1999 1406 2062 stabuli
1457 1995 1566 2060 fronte
1585 2016 1677 2059 sacro
1700 1996 1768 2058 eius
1788 1994 1920 2059 nomine
1941 1995 2147 2078 gloriantur?
2193 1996 2363 2081 Siquidem
2385 2001 2436 2064 ni·

426 2084 570 2149 cordibae
592 2103 657 2148 esse
674 2083 829 2163 refertum.
1458 2080 1505 2145 1111
1528 2088 1577 2145 111
1598 2081 1784 2146 commercii
1806 2100 1881 2144 cum
1904 2078 2052 2161 Christe,
2074 2084 2139 2148 nisi
2160 2083 2213 2147 his
2232 2086 2288 2166 qui
2311 2096 2436 2151 rectam

515 2172 543 2232 3.
588 2168 652 2247 Ac,
677 2189 739 2250 quo
761 2168 878 2232 melius
901 2189 960 2233 111
980 2170 1234 2252 expergefaciat,
1265 2168 1407 2234 ostendit
1459 2168 1529 2231 eius
1562 2166 1778 2250 cognitionem
1811 2187 1853 2230 ex
1884 2165 1985 2231 verbo
2017 2169 2179 2252 evangelii
2211 2179 2434 2253 perceperrmt.

427 2254 537 2318 Deum
558 2261 703 2335 patrem,
732 2251 1007 2336 quemadmodum
1035 2275 1095 2319 nos
1126 2255 1187 2321 sibi
1214 2257 1250 2318 in
1272 2254 1406 2320 Christo
1458 2253 1562 2335 Atqui
1595 2272 1650 2316 eos
1682 2272 1795 2316 omnes
1827 2249 1998 2316 Christum
2032 2261 2120 2320 recte
2153 2254 2303 2321 didicisse
2335 2267 2436 2340 negat

428 2360 488 2404 suo
509 2339 710 2418 conciliavit,
741 2341 788 2403 ita
815 2340 850 2403 11
877 2361 914 2404 11
940 2340 1035 2406 nobis
1057 2341 1235 2423 imaginem
1258 2341 1407 2424 signasse
1459 2336 1967 2421 1111111111(Ε111.4,22),111
1988 2360 2055 2404 non
2075 2340 2179 2407 edocti
2202 2347 2288 2420 sunt,
2311 2343 2437 2408 abiecto

429 2423 468 2489 ad
492 2446 590 2507 quam
613 2445 674 2488 nos
696 2425 891 2490 conformari
910 2426 1000 2490 velit
1040 2427 1113 2509 Age
1134 2427 1407 2510 praestantiorem
1459 2424 1563 2490 veteri
1585 2424 1731 2501 homine,
1754 2423 1811 2505 qui
1833 2426 2053 2506 corrumpitur
2075 2427 2254 2492 secundum
2276 2427 2438 2493 desideria

428 2511 651 2575 oeconomiam
679 2510 762 2574 mihi
790 2511 876 2592 apud
904 2511 1115 2596 philosophos
1141 2513 1321 2594 reperiant,
1350 2513 1405 2595 qui
1459 2510 1589 2588 erroris,
1613 2509 1723 2591 ipsum
1746 2530 1817 2574 esse
1838 2507 2071 2575 induendum·
2096 2512 2196 2578 Falso
2218 2515 2321 2597 igitur
2342 2522 2438 2596 atque

429 2596 517 2678 apud
543 2616 598 2660 eos
625 2596 709 2660 solos
737 2597 798 2660 rite
821 2603 919 2679 atque
941 2596 1055 2662 ordine
1078 2597 1267 2681 dispositam
1287 2605 1408 2681 putant
1459 2596 1558 2661 etiam
1580 2596 1703 2659 iniuria
1713 2593 1840 2660 Christi
1860 2595 2081 2678 cognitionem
2099 2599 2275 2665 obtendere
2293 2620 2438 2683 arguun-

427 2680 670 2763 philosophiam
690 2682 856 2746 moralem.
890 2683 954 2761 Illi,
978 2683 1057 2747 dum
1078 2683 1120 2748 ad
1140 2684 1298 2749 virtutem
1313 2705 1406 2768 egre-
1458 2689 1522 2758 tur,
1545 2680 1725 2764 quamlibet
1743 2679 1864 2746 diserte
1881 2680 2014 2746 interim
2032 2684 2269 2750 acvolubiliter
2286 2686 2439 2750 (1111111-

430 2768 483 2850 gie
504 2766 621 2831 volunt
642 2766 827 2847 adhortari,
857 2768 940 2832 nihil
967 2768 1057 2834 aliud
1085 2770 1228 2834 afferunt
1249 2790 1347 2853 quam
1368 2779 1408 2834 ut
1459 2767 1543 2850 gelio
1565 2767 1722 2850 garriant.
1767 2767 1843 2832 Non
1864 2767 1953 2830 enim
1974 2768 2109 2852 linguae
2130 2778 2180 2835 est
2201 2769 2357 2850 1111111111,
2382 2771 2439 2836 sed

429 2859 568 2917 naturae
595 2853 827 2918 convenienter
854 2855 1019 2920 vivamus:
1054 2855 1216 2939 scriptura
1244 2863 1354 2920 autem
1387 2875 1408 2918 1
1459 2854 1560 2933 vitae;
1580 2874 1640 2918 nec
1658 2852 1826 2918 intellectu
1837 2853 2059 2936 memoriaque
2077 2854 2239 2920 duntaxat
2256 2858 2437 2939 apprehen-

430 2958 509 3003 vero
529 2938 618 3002 fonte
640 2937 770 3003 deducit
791 2939 1070 3020 exhortationem,
1099 2963 1201 3024 quum
1222 2963 1288 3007 non
1309 2941 1406 3016 modo
1460 2938 1559 3018 ditur,
1582 2947 1620 3003 ut
1641 2939 1786 3021 reliquae
1806 2937 2004 3020 disciplinae,
2033 2940 2090 3005 sed
2111 2949 2183 3006 tum
2204 2944 2359 3024 recipitur
2382 2942 2437 3005 de-

430 3024 534 3088 vitem
554 3031 701 3088 nostram
723 3024 765 3089 ad
786 3025 896 3089 Deum
918 3033 1074 3106 autorem,
1098 3029 1151 3092 cui
1168 3027 1326 3092 obstricta
1347 3033 1406 3105 est,
1459 3045 1553 3088 mum
1574 3025 1630 3090 ubi
1653 3026 1798 3088 animam
1820 3030 1923 3089 tetam
1942 3024 2099 3108 possidet,
2128 3026 2301 3110 sedemque
2329 3036 2362 3091 et
2385 3049 2436 3091 re-

429 3108 552 3173 referre
585 3110 759 3192 praecipit,
793 3110 866 3189 sed,
900 3118 1073 3195 postquam
1100 3112 1314 3196 degenerasse
1347 3134 1408 3178 nos
1460 3111 1665 3192 ceptaoulum
1697 3110 1825 3174 invenit
1850 3111 1886 3174 in
1913 3111 2028 3175 intimo
2060 3111 2165 3177 cordis
2196 3113 2323 3177 affectu.
2368 3114 2438 3177 Aut

430 3193 540 3259 docuit
571 3215 592 3258 a
623 3216 702 3259 vera
734 3198 909 3261 creationis
941 3205 1073 3262 nostrae
1106 3199 1234 3282 origine
1261 3221 1298 3264 ac
1325 3199 1407 3282 lege,
1461 3216 1539 3279 ergo
1561 3195 1713 3282 desinant
1740 3215 1816 3259 cum
1838 3196 1903 3260 Dei
1930 3197 2126 3261 contumelia
2152 3197 2273 3263 iactare
2295 3197 2330 3262 id
2352 3197 2438 3281 quod

431 3280 601 3362 subiungit
622 3278 802 3361 Christum,
825 3305 885 3366 per
906 3304 1002 3366 quem
1023 3284 1060 3347 in
1081 3285 1220 3367 gratiam
1243 3306 1319 3350 cum
1335 3285 1409 3350 Deo
1460 3302 1529 3346 non
1558 3289 1650 3359 sunt,
1684 3288 1741 3346 aut
1773 3303 1808 3346 se
1839 3303 1907 3346 non
1939 3281 2091 3366 indignos
2118 3282 2252 3348 Christo
2280 3285 2438 3368 magistro

429 3363 602 3443 rediimus,
642 3367 736 3432 nobis
768 3369 970 3451 propositum
1001 3390 1071 3435 esse
1090 3371 1273 3453 exemplar
1313 3371 1408 3435 ouius
1461 3365 1636 3450 discipulos
1658 3373 1833 3449 praestent
1877 3367 2070 3447 Doctrinae,
2097 3390 2162 3451 qua
2191 3369 2306 3454 religio
2327 3377 2440 3434 nostra

429 3453 570 3517 formam
591 3451 627 3515 in
648 3452 718 3517 vita
738 3462 851 3519 nostra
873 3456 1103 3537 exprimamus.
1147 3455 1236 3537 Quid
1257 3456 1319 3521 hoc
1340 3476 1409 3520 uno
1460 3454 1658 3533 continetur,
1686 3454 1811 3534 priores
1838 3452 1987 3518 dedimus
2016 3464 2142 3535 partes,
2175 3456 2440 3539 quandoquidem

428 3538 593 3603 efficacius
621 3540 789 3621 requiras?
818 3541 885 3605 imo
914 3540 991 3624 quid
1019 3541 1109 3606 ultra
1137 3543 1199 3608 hoc
1224 3563 1329 3607 unum
1356 3563 1409 3606 re·
1461 3539 1502 3603 ab
1529 3559 1569 3603 ea
1594 3539 1683 3605 salus
1710 3546 1824 3604 nostra
1849 3539 2046 3620 inchoatur,
2069 3562 2187 3607 verum
2209 3543 2305 3607 eain
2326 3551 2439 3624 pectus

428 3623 562 3707 quires?
597 3624 671 3689 Hae
692 3626 782 3689 enim
799 3626 982 3693 conditione
1005 3628 1033 3693 si
1051 3627 1246 3711 adoptamur
1266 3629 1301 3692 in
1322 3628 1409 3692 filios
1460 3623 1712 3690 transfirndatur
1733 3634 1831 3708 atque
1852 3627 1887 3688 in
1906 3646 2015 3706 mores
2026 3634 2319 3710 transeatoportet,
2343 3628 2440 3693 adeo-

428 3731 448 3773 1
469 3708 630 3787 Domino,
659 3718 697 3773 111
719 3710 905 3791 Christum,
934 3719 1068 3778 nostrae
1090 3714 1271 3797 adoptionis
1293 3715 1408 3781 vincu-
1459 3731 1522 3793 que
1543 3730 1603 3775 nos
1620 3711 1658 3775 11
1679 3731 1714 3776 se
1736 3712 1961 3790 transformet,
1985 3721 2024 3776 ut
2044 3713 2088 3776 sit
2108 3713 2202 3779 nobis
2223 3736 2292 3778 non
2314 3715 2440 3778 infruc-

427 3793 506 3869 lum,
532 3795 602 3858 vita
622 3805 735 3859 nostra
757 3805 986 3879 repraesentet,
1015 3800 1078 3865 nisi
1101 3822 1161 3865 nos
1182 3801 1326 3864 iustitiae
1349 3800 1407 3864 ad-
1460 3803 1561 3861 tuosa.
1603 3794 1643 3861 si
1663 3796 1736 3861 iure
1755 3797 1791 3860 11
1809 3818 1864 3862 111
1885 3797 2073 3881 philosophi
2094 3799 2344 3877 excandescunt,
2369 3821 2439 3864 eos-

428 3877 566 3942 dicimus
589 3900 626 3943 ac
648 3878 855 3961 devovemus,
879 3906 945 3949 non
966 3885 1062 3950 modo
1084 3907 1104 3951 a
1126 3893 1272 3952 createre
1293 3894 1406 3951 nostro
1459 3902 1521 3964 que
1542 3882 1697 3964 probrose
1720 3904 1740 3947 a
1761 3903 1861 3967 grege
1883 3904 1943 3948 suo
1965 3884 2110 3968 abigunt,
2133 3887 2189 3969 qui
2211 3908 2313 3968 quum
2333 3893 2438 3949 artem

428 3962 596 4028 deficimus
617 3967 759 4045 pessima
779 3968 931 4050 perfidia,
960 3971 1018 4035 sed
1044 3972 1153 4055 ipsum
1180 3992 1309 4055 quoque
1337 3993 1407 4038 ser·
1457 3968 1675 4050 profiteantur
1700 3989 1783 4051 quae
1810 3969 1971 4054 magistra
1997 3971 2085 4037 vitae
2114 3992 2184 4036 esse
2207 3971 2335 4050 debeat,
2365 3991 2438 4034 eam

427 4055 575 4114 vaterem
602 4050 776 4117 eiuramus.
819 4054 949 4120 Deinde
976 4056 1016 4120 ab
1045 4058 1195 4122 omnibus
1216 4058 1281 4121 Dei
1307 4057 1406 4123 bene-
1458 4055 1494 4117 in
1516 4054 1728 4136 sophisticam
1750 4055 1978 4137 loquacitatem
1996 4064 2200 4135 convertunt,
2224 4063 2346 4138 quanto
2368 4075 2436 4116 me-

427 4135 510 4201 fieiis
542 4155 625 4216 quae
652 4135 745 4200 nobis
773 4148 1021 4220 commemorat,
1056 4163 1094 4208 ac
1122 4143 1261 4227 singulis
1289 4143 1406 4208 salutis
1456 4139 1532 4205 liori
1561 4141 1689 4205 ratione
1721 4162 1865 4226 nugaces
1892 4143 1972 4207 istos
1999 4142 2162 4224 sophistas
2190 4139 2434 4216 detestabimur,

427 4227 560 4285 nostrae
590 4221 738 4302 partibus
771 4226 871 4288 sumit
904 4225 1099 4292 exhortandi
1125 4231 1306 4295 materiam.
1350 4229 1406 4294 Ex
1458 4226 1513 4308 qui
1535 4222 1741 4310 evangelium
1770 4228 1805 4292 in
1832 4228 1969 4292 summis
1996 4227 2098 4292 labris
2122 4227 2269 4292 volutare
2291 4225 2436 4290 contenti

427 4327 491 4388 quo
519 4327 555 4370 se
581 4306 676 4395 nobis
704 4316 831 4389 patrem
853 4310 946 4375 Deus
973 4313 1136 4392 exhibuit,
1165 4325 1332 4380 extremae
1352 4315 1406 4378 in·
1458 4320 1550 4389 sunt,
1575 4314 1668 4377 cuius
1690 4314 1850 4393 efficacia,
1879 4313 2030 4395 centuplo
2052 4313 2157 4395 magis
2178 4331 2275 4394 quam
2298 4309 2436 4393 frigidae

428 4390 638 4475 gratitudinis
671 4415 731 4458 nos
759 4416 829 4459 esse
857 4398 1056 4479 arguendos,
1090 4401 1154 4464 nisi
1181 4401 1327 4468 vicissim
1355 4400 1405 4464 illi
1456 4396 1726 4479 philosophorum
1743 4419 1945 4481 paraeneses,
1967 4398 2004 4461 in
2026 4397 2161 4462 affectus
2179 4395 2284 4461 cordis
2303 4396 2436 4460 intimos

428 4477 512 4542 filios
531 4477 744 4543 exhibeamus
763 4481 920 4564 (Malach.
945 4487 1021 4563 1,6;
1039 4484 1125 4567 Eph.
1147 4490 1176 4564 5,
1197 4491 1228 4566 l;
1253 4492 1267 4550 l
1288 4487 1402 4551 Ioann.
1456 4490 1646 4565 penetrare,
1674 4484 1803 4549 animae
1824 4485 1982 4562 insidere,
2011 4503 2049 4547 ao
2069 4490 2175 4546 totum
2195 4482 2364 4546 hominem
2388 4483 2436 4545 af·

430 4567 465 4643 3,
487 4562 528 4647 1).
573 4564 628 4628 Ex
655 4586 718 4647 quo
746 4587 805 4630 nos
828 4566 982 4652 Christus
1005 4571 1173 4654 sanguinis
1202 4573 1253 4636 sui
1273 4572 1405 4637 lavacro
1457 4570 1555 4634 ficere
1578 4569 1758 4635 debuerat?

428 4650 621 4730 purificavit,
647 4658 744 4734 atque
766 4652 852 4718 hanc
873 4656 1102 4738 purgationem
1123 4677 1182 4738 per
1203 4657 1404 4739 baptismum
1545 4660 1573 4719 5,
1623 4655 1739 4737 Neque
1770 4655 1900 4737 requiro
1933 4659 1970 4718 ut
2001 4653 2084 4716 nihil
2117 4675 2216 4736 quam
2249 4652 2435 4717 absolutum

430 4737 691 4817 communicavit,
714 4758 781 4802 non
803 4738 926 4819 decere,
950 4743 1104 4807 1111111
1126 4742 1274 4808 sordibus
1295 4743 1406 4826 inqui·
1458 4740 1668 4823 evangelium
1697 4739 1868 4805 christiani
1890 4738 2032 4803 hominis
2053 4759 2161 4803 mores
2181 4739 2322 4821 spirent;
2350 4737 2435 4820 quod

407 4874 410 4880 ,
430 4839 547 4884 namur
568 4821 668 4904 (Eph.
690 4829 718 4899 5,
738 4828 793 4903 263
822 4825 923 4890 Hebr.
947 4830 994 4906 10,
1018 4832 1071 4907 10;
1097 4832 1110 4890 l
1133 4828 1206 4895 Cor.
1227 4832 1254 4907 6,
1277 4833 1324 4892 ll.
1351 4833 1406 4911 15;
1458 4835 1570 4890 tamen
1591 4826 1698 4908 ipsum
1722 4832 1756 4889 et
1772 4823 1951 4907 optandum
1968 4832 2020 4890 est
2041 4830 2083 4889 et'
2096 4824 2208 4890 conari
2224 4845 2357 4889 necesso
2376 4831 2434 4887 est

433 4903 556 4967 lPetr.
578 4911 605 4983 l,
628 4912 802 4993 151119).
847 4911 901 4974 Ex
930 4933 993 4994 quo
1022 4935 1082 4979 nos
1110 4935 1169 4980 suo
1197 4915 1325 4996 corpori
1352 4915 1405 4979 in·
1459 4910 1526 4976 seu
1552 4931 1620 4974 non
1646 4910 1695 4974 ita
1722 4931 1835 4975 severe
1860 4910 1990 4992 requiro
2012 4910 2236 4995 evangelicam
2264 4910 2435 4992 perfectio-

430 4989 546 5066 seruit,
569 4990 706 5057 sollicite
728 4995 910 5060 carendum
931 5019 974 5062 ne
995 5000 1103 5078 nobis,
1126 5001 1181 5082 qui
1203 5020 1316 5064 sumus
1334 5001 1405 5064 eius
1457 5017 1542 5073 nem,
1565 5006 1690 5059 utnon
1713 4996 1774 5059 sim
1795 5013 1855 5077 pro
1877 4995 2056 5061 christiano
2076 4998 2258 5080 agniturus,
2280 4997 2336 5078 qui
2354 5015 2435 5059 non·

429 5074 590 5152 membra,
628 5078 790 5142 maculam
831 5089 887 5145 aut
918 5083 1026 5148 labem
1061 5087 1160 5150 ullam
1192 5105 1405 5169 aspergamus
1458 5080 1536 5145 dum
1564 5080 1606 5145 ad
1633 5102 1706 5145 eam
1734 5081 1912 5165 pertigerit.
1958 5079 2016 5148 Sic
2039 5082 2127 5147 enim
2157 5082 2199 5146 ab
2222 5083 2357 5150 ecclesia
2379 5105 2436 5146 ex-

430 5157 559 5243 (Ioann.
583 5165 631 5239 15,
652 5165 670 5223 3
677 5185 685 5241 ;
706 5163 793 5246 11111.
814 5171 842 5242 5,
863 5167 928 5252 23).
973 5170 1028 5234 Ex
1049 5191 1112 5255 quo
1133 5169 1204 5252 lpse
1225 5169 1323 5248 idem,
1347 5172 1405 5253 qui
1456 5166 1667 5231 eluderentur
1688 5187 1812 5246 omnes,
1834 5167 1966 5249 quando
1987 5188 2084 5232 nemo
2102 5169 2272 5251 reperitur,
2295 5169 2435 5252 quinon

431 5252 529 5327 caput
545 5253 594 5309 est
613 5258 771 5327 nostrum,
798 5251 832 5314 in
855 5253 982 5319 coelum
999 5255 1153 5332 ascendit,
1175 5257 1350 5320 convenire
1367 5263 1405 5320 ut
1456 5253 1500 5317 sit
1515 5252 1613 5336 longo
1631 5252 1739 5317 adhuc
1756 5252 1930 5318 intervallo
1943 5253 2076 5319 dissitus
2081 5277 2089 5332 ;
2108 5254 2205 5318 multi
2222 5275 2300 5318 vero
2317 5273 2435 5337 parum

431 5329 576 5413 deposite
600 5339 706 5397 terrae
728 5336 863 5415 affectu,
888 5339 965 5404 illue
984 5348 1051 5408 teto
1070 5347 1200 5424 pectore
1222 5343 1404 5424 aspiremus
1457 5337 1563 5404 adhue
1590 5340 1756 5423 progressi
1785 5347 1877 5419 sunt,
1907 5341 1963 5422 qui
1990 5348 2102 5405 tamon
2130 5339 2295 5404 immerito
2316 5339 2434 5404 abiice-

431 5415 563 5497 ((1113,
581 5417 622 5502 1).
663 5419 793 5503 Exque
811 5442 872 5488 nos
895 5426 1028 5508 spiritus
1043 5434 1176 5492 sanetus
1191 5426 1316 5509 templa
1332 5428 1405 5492 Deo
1456 5433 1581 5489 rentur.
1626 5423 1717 5505 Quid
1745 5424 1842 5508 ergo?
1877 5446 1992 5509 scopus
2019 5425 2075 5490 ille
2103 5432 2179 5490 ante
2201 5424 2310 5490 1111111
2338 5446 2433 5507 prae-

431 5500 602 5582 dedicavit,
622 5504 764 5570 dandam
780 5528 913 5589 operam
932 5519 969 5575 ut
979 5504 1043 5578 Dei
1056 5512 1160 5597 gloria
1170 5534 1230 5597 per
1240 5534 1300 5578 nos
1311 5513 1405 5579 illus·
1456 5512 1592 5594 figatur,
1614 5508 1775 5593 adquam
1796 5512 1902 5576 solum
1924 5511 2086 5595 dirigatur
2106 5508 2252 5576 studium
2273 5519 2432 5576 nostrum.

430 5594 544 5665 tretur,
562 5611 621 5654 neo
640 5612 718 5655 vero
735 5613 806 5657 esse
823 5597 1091 5664 committendum
1109 5607 1147 5663 ut
1167 5600 1291 5682 peceati
1309 5621 1405 5684 spur-
1456 5597 1700 5662 Praestituatur
1730 5604 1820 5663 meta
1845 5597 1915 5674 illa,
1949 5597 2117 5679 adquam
2145 5602 2179 5659 et
2205 5595 2369 5661 enitamur
2401 5605 2436 5662 et

309 5675 316 5690 “
431 5671 507 5736 oitia
522 5674 733 5755 profanemur
750 5678 872 5757 (lCor.
892 5685 920 5761 3,
938 5689 975 5749 16
1000 5689 1035 5749 et
1053 5688 1152 5767 6,1s;
1171 5685 1320 5767 acone,
1339 5685 1403 5773 16).
1457 5682 1701 5749 contendamus.
1745 5683 1822 5749 Non
1853 5683 1941 5747 enim
1968 5683 2016 5746 ita
2041 5680 2158 5764 partiri
2181 5701 2257 5746 oum
2283 5680 2358 5748 Deo
2385 5682 2435 5748 111
