5600 6809
351 767 412 828 629
595 762 686 828 LIB.
709 760 773 824 ΙΠ.
817 758 881 824 ΒΕ
904 757 1039 825 MODO
1059 759 1410 827 PEROIPIENDAE
1432 758 1625 828 CHRISTI
1646 761 1865 828 aarum.
1909 759 2010 828 cAP.
2032 763 2113 831 XX
2292 768 2357 831 630

302 962 307 967 ’
349 959 448 1030 tenet,
471 960 509 1016 ut
530 950 756 1034 spurcissimas
777 969 922 1031 quasque
941 947 1134 1030 cupiditates
1151 946 1326 1012 obtrudere
1375 951 1465 1032 piam
1488 959 1637 1015 nostram
1660 971 1738 1016 vere
1765 951 1959 1028 sentiamus,
1993 971 2031 1015 ac
2060 952 2144 1017 serio
2174 953 2356 1036 cogitantes

348 1036 421 1102 Deo
443 1038 567 1114 ausint,
594 1056 734 1118 quarum
760 1036 905 1100 conscios
927 1034 1033 1099 faeere
1054 1033 1204 1098 homines
1225 1032 1325 1098 vehe-
1376 1036 1518 1101 omnibus
1544 1057 1624 1117 quac
1645 1036 1784 1116 petinius
1804 1056 1865 1101 nos
1886 1035 2045 1120 indigere,
2067 1039 2194 1118 serium,
2218 1041 2281 1104 inm
2302 1062 2355 1106 ar-
2433 1039 2436 1044 ’

349 1134 477 1188 menter
498 1122 628 1205 pudeat.
664 1121 846 1185 Audaciam
861 1120 942 1185 banc
958 1121 1099 1184 riserunt
1119 1124 1210 1200 utque
1231 1120 1326 1184 ctiam
1376 1122 1495 1185 dentem
1515 1120 1714 1204 impetrandi
1736 1122 1890 1186 affectum
1911 1123 2082 1205 iunpamus
2101 1144 2171 1188 cum
2192 1126 2265 1206 ipsa
2280 1147 2354 1207 pre·

347 1210 487 1275 drusun
507 1214 582 1273 sunt
601 1207 732 1290 quidem
752 1207 885 1288 profani
905 1206 1056 1283 hominm,
1089 1206 1202 1269 vitium
1223 1209 1326 1269 tamen
1376 1208 1502 1272 catione.
1546 1205 1645 1271 Multi
1676 1207 1759 1272 enim
1789 1207 1979 1288 &functorie
2004 1229 2113 1289 preces
2143 1231 2182 1274 ec
2211 1212 2353 1292 fmmula

347 1295 454 1376 ipsum
472 1314 593 1376 semper
614 1294 771 1375 repascit,
796 1298 888 1374 atque
908 1291 981 1355 binc
1000 1291 1119 1372 factum
1139 1295 1185 1354 est
1204 1296 1240 1355 ut
1259 1311 1325 1354 ani·
1376 1293 1515 1370 recitant,
1548 1313 1585 1357 ae
1612 1293 1643 1357 si
1669 1313 1804 1372 pensum
1830 1292 1899 1359 Deo
1926 1293 2089 1374 solverent3
2120 1300 2148 1358 et
2173 1317 2353 1379 quanquam

348 1379 452 1444 bdiosi
481 1378 585 1444 Ionan
610 1379 672 1443 sibi
692 1384 866 1460 patronum
892 1378 1090 1453 asciscerent,
1119 1378 1212 1441 acori
1239 1375 1325 1440 Mer·
1374 1378 1514 1458 fatenlm
1540 1379 1844 1443 incesserimus
1871 1381 1967 1444 nentis
1997 1381 2167 1445 rernedium
2197 1381 2251 1446 boc
2277 1404 2350 1463 esse,

347 1468 479 1542 curium,
502 1465 684 1545 Apollinem
705 1469 732 1527 et
750 1463 929 1528 Mineruam
949 1463 1107 1528 doctrinae
1127 1462 1243 1544 cupidi,
1266 1462 1324 1526 bel·
1375 1465 1453 1544 quia
1474 1463 1539 1528 Dei
1559 1485 1614 1546 cpe
1635 1485 1730 1544 quam
1750 1465 1920 1546 implorant
1940 1485 2044 1530 carere
2065 1466 2190 1532 eeitiale
2211 1469 2268 1547 sit,
2295 1490 2352 1550 ap

347 1551 435 1616 licosi
458 1550 612 1628 Martem,
648 1550 794 1614 Venerem
815 1549 982 1614 libidinosi.
1027 1547 1129 1613 Siniti
1154 1548 1259 1625 bedu,
1289 1553 1324 1610 ut
1369 1553 1463 1629 paret
1484 1555 1587 1613 tamen
1614 1550 1668 1614 lico
1694 1549 1796 1630 officio
1821 1551 1909 1630 ipsos
1930 1552 2057 1634 defuimi
2085 1573 2124 1614 es
2150 1573 2246 1633 more,
2273 1557 2352 1634 quia

346 1656 449 1718 nuper
474 1637 578 1720 adipi,
606 1637 756 1700 maiorem
781 1635 936 1700 licentiam
962 1634 1084 1698 illicitis
1109 1635 1179 1698 suis
1204 1633 1324 1714 cupidi·
1374 1635 1500 1699 iidcrim
1520 1636 1636 1717 fripent
1656 1636 1766 1712 anisii,
1788 1656 1886 1716 neque
1903 1638 2079 1716 expendunt
2099 1638 2175 1718 quid
2187 1641 2350 1720 postulent.

347 1724 462 1787 tutibics
483 1722 621 1787 domines
642 1723 677 1786 iu
692 1720 840 1802 precibus
859 1720 1035 1802 indulqent,
1062 1739 1158 1798 quam
1179 1719 1210 1782 si
1227 1738 1323 1799 pares
1377 1719 1543 1785 Generalis
1570 1722 1697 1801 quidem
1717 1725 1745 1784 et
1765 1722 1914 1801 amfusus
1934 1723 2123 1786 necessitatis
2143 1744 2220 1788 mae
2240 1745 2351 1790 seustcs

346 1829 417 1874 cum
435 1807 574 1888 poribus
599 1809 696 1872 iocose
719 1806 947 1888 fabularentur.
989 1805 1091 1886 Atqui
1114 1825 1176 1869 icon
1196 1805 1323 1885 patitur
1374 1804 1450 1872 illue
1467 1826 1517 1872 eos
1533 1807 1634 1870 ducit:
1655 1808 1710 1871 sed
1726 1825 1787 1869 nan
1804 1826 1854 1871 eos
1870 1806 2023 1886 sollicitat,
2041 1808 2134 1888 quasi
2150 1810 2186 1872 in
2205 1831 2241 1874 re
2256 1832 2351 1891 prae

347 1894 437 1959 Deus
462 1914 555 1959 mam
585 1893 769 1974 facilitatem
794 1894 843 1956 ita
870 1890 978 1955 dabui
1004 1889 1154 1968 ludibrio,
1189 1890 1243 1954 sed
1269 1891 1322 1954 ius
1373 1892 1466 1970 senti,
1495 1897 1530 1956 ut
1555 1894 1697 1975 epestatis
1722 1912 1800 1957 suae
1825 1892 1961 1956 lmamen
1983 1898 2101 1974 petam.
2148 1893 2249 1959 Porro
2270 1895 2350 1977 quid

346 1989 441 2044 suum
461 1981 522 2044 sibi
543 1979 723 2057 vendicans,
751 1983 822 2043 octa
841 1982 949 2042 nostra
970 1997 1026 2041 suo
1047 1977 1179 2057 imperio
1200 1976 1323 2040 subiicit
1373 1976 1514 2042 odiosius
1534 1985 1592 2041 aut
1612 1979 1706 2042 etiam
1722 1979 1794 2042 Deo
1812 1978 1919 2060 magis
1937 1978 2174 2043 exsecrandum
2196 1989 2350 2062 putamus

346 2072 374 2131 et
393 2066 503 2146 fraeno
524 2069 642 2130 marcet.
683 2064 759 2129 ideo
780 2063 942 2128 mum
962 2068 1007 2127 est
1025 2062 1108 2128 illud
1129 2061 1263 2126 Ioannis
1285 2062 1318 2147 (l
1373 2063 1436 2128 hae
1462 2065 1606 2142 fictione,
1634 2063 1690 2128 ubi
1719 2065 1792 2146 quis
1819 2065 1944 2127 ueniam
1965 2073 2173 2145 peccatorum
2194 2056 2348 2147 postulrit,

345 2151 603 2235 Ioann.5,14):
636 2150 710 2215 baec
736 2155 780 2217 cst
800 2149 921 2230 fiducia
947 2154 1069 2226 nostra,
1088 2149 1174 2229 quod
1195 2148 1226 2212 si
1244 2147 1321 2228 quid
1373 2149 1505 2212 interim
1532 2160 1591 2214 aut
1617 2172 1652 2215 se
1679 2159 1882 2232 peccatorem
1908 2170 1974 2213 non
2002 2170 2073 2213 esse
2098 2152 2259 2234 cogitans,
2293 2161 2350 2217 aut

340 2238 526 2318 petierimus
546 2238 714 2301 secundum
735 2235 919 2299 uoluntatem
941 2235 1017 2313 eius,
1040 2235 1131 2298 audit
1146 2254 1210 2297 uos.
1249 2232 1322 2297 Gae-
1373 2245 1460 2300 certe
1492 2242 1695 2317 peccatorem
1726 2256 1797 2299 esso
1830 2256 1897 2298 non
1929 2235 2097 2318 cogitans?
2134 2258 2251 2318 nempe
2284 2260 2350 2320 qua

345 2327 445 2388 terum
466 2323 542 2403 quia
563 2331 673 2386 tantae
694 2321 886 2405 perfectioni
905 2320 1002 2403 longe
1020 2318 1113 2384 abest
1129 2319 1209 2400 quin
1225 2339 1322 2401 pares
1372 2320 1467 2384 Deus
1489 2322 1559 2403 ipse
1585 2321 1683 2403 plane
1710 2319 1850 2385 ludibrio
1872 2320 2020 2385 habetur.
2065 2322 2169 2403 Atqui
2190 2323 2349 2387 eiusmodi

347 2408 413 2471 sint
427 2408 598 2472 facultates
614 2413 746 2486 nostrae,
764 2406 976 2486 pmmaidum
993 2411 1037 2470 est
1051 2405 1221 2478 remedium
1239 2405 1322 2485 quod
1373 2406 1546 2487 pravitate,
1571 2413 1606 2470 ut
1621 2428 1722 2487 nuper
1742 2406 1828 2485 dici,
1850 2407 2008 2470 refertum
2029 2415 2080 2470 est
2100 2407 2271 2472 hominum
2292 2430 2350 2491 ge·

345 2493 514 2558 subveniat.
559 2492 843 2574 Quemadmodum
871 2492 991 2556 mentis
1019 2491 1123 2554 aciem
1148 2491 1184 2553 in
1211 2490 1322 2555 Deum
1372 2513 1445 2568 nus,
1475 2501 1511 2555 ut
1533 2491 1731 2575 defungendi
1759 2513 1858 2557 causa
1884 2492 2048 2573 permulta
2076 2512 2171 2575 saepe
2199 2495 2351 2576 flagitent

345 2579 509 2643 intendere
536 2580 686 2657 conuenit,
718 2580 766 2642 ita
797 2579 901 2642 cordis
932 2578 1074 2657 affectum
1101 2577 1205 2641 eodem
1232 2576 1322 2656 sequi
1374 2578 1491 2656 aDeo,
1510 2599 1593 2660 quae
1611 2579 1693 2641 citra
1711 2579 1780 2642 eius
1796 2576 2047 2643 beneficentiam
2064 2587 2122 2641 aut
2139 2579 2201 2643 sibi
2218 2578 2350 2643 aliunde

345 2685 463 2729 necesse
484 2670 537 2728 est.
585 2664 753 2745 Utrumque
773 2683 844 2727 cero
867 2664 952 2745 lonqe
972 2662 1064 2743 infra
1085 2662 1236 2738 subsistit,
1258 2663 1321 2725 imo
1373 2664 1515 2743 evenire,
1546 2673 1603 2727 aut
1626 2663 1693 2727 iam
1723 2663 1809 2745 apud
1832 2685 1867 2728 se
1896 2664 2038 2729 residere
2065 2684 2126 2745 pro
2153 2672 2242 2729 certo
2264 2663 2349 2728 iudi·
2481 2661 2487 2674 ’

345 2751 452 2814 verius
471 2751 625 2831 fatiscunt
644 2755 672 2814 et
688 2749 848 2830 deficiunt,
876 2753 932 2813 aut
950 2749 985 2812 in
1006 2748 1197 2813 contrarium
1216 2748 1322 2829 ferun
1373 2755 1459 2813 cant.
1504 2748 1650 2814 Alicmm
1679 2749 1777 2813 leuius
1798 2749 1941 2813 ddictum
1968 2769 2034 2814 esse
2058 2750 2195 2830 uidetur,
2222 2753 2277 2816 sed
2298 2771 2350 2815 ne-

345 2841 406 2899 tur.
451 2835 526 2900 Ideo
547 2842 582 2900 ut
602 2836 674 2900 buic
695 2835 899 2899 imbecillitati
919 2838 1080 2898 succurrat
1100 2834 1204 2911 Deus,
1226 2832 1323 2912 spiri·
1373 2855 1432 2916 que
1460 2835 1566 2914 ipsum
1592 2833 1762 2899 tolerabile:
1788 2840 1823 2897 ut
1844 2855 1953 2915 preces
1980 2835 2049 2899 siim
2076 2837 2275 2901 meditatione
2302 2838 2354 2901 de-

346 2927 411 2985 tum
433 2923 469 2984 in
484 2922 631 3004 precibus
646 2920 734 2985 uobis
750 2921 804 2984 dat
820 2921 1015 3002 maqistrum,
1043 2920 1099 3000 qui
1125 2920 1215 2984 dictet
1241 2917 1322 2998 quod
1373 2925 1568 2985 murmurent
1585 2921 1640 3001 qui
1656 2924 1777 2983 mutum
1793 2919 1848 2983 boc
1864 2920 2025 3001 principio
2041 2921 2151 2984 imbuti
2168 2926 2248 2999 aaut,
2273 2924 2353 2986 cotis

345 3012 460 3073 rectum
488 3012 545 3085 est,
578 3013 668 3088 atque
699 3007 827 3088 affectus
856 3011 978 3070 nostros
1007 3006 1189 3069 cuderetur.
1233 3003 1322 3084 Quia
1373 3007 1528 3071 litandum
1554 3025 1619 3070 esse
1646 3004 1722 3069 Deo.
1776 3005 1847 3069 Piis
1874 3012 1984 3068 autem
2009 3006 2148 3069 manime
2174 3008 2352 3086 cauendum,

346 3095 433 3157 enim
456 3092 534 3175 quid
562 3092 722 3158 orandum
749 3093 792 3157 sit
819 3090 1095 3174 quemadmodum
1116 3097 1242 3172 oportet
1262 3111 1321 3152 ne·
1374 3113 1412 3156 ne
1439 3112 1580 3173 unquam
1606 3091 1761 3173 pudeant
1790 3092 1827 3155 in
1858 3096 2049 3170 consputum
2082 3090 2148 3155 Dei
2180 3093 2351 3172 quidquam

347 3180 483 3257 scimus,
506 3180 541 3242 in
563 3178 745 3244 subsidium
766 3178 823 3242 ille
844 3177 946 3254 subit,
975 3181 1083 3258 etpro
1105 3176 1198 3241 nobis
1220 3177 1321 3239 inter·
1368 3169 1577 3258 postulaturi,
1611 3177 1676 3241 nisi
1700 3176 1785 3258 quod
1813 3183 1847 3241 et
1873 3177 1957 3240 serio
1986 3176 2086 3240 animi
2116 3177 2227 3256 affectu
2257 3197 2352 3240 exar-

215 3346 225 3353 ·
345 3264 447 3347 pellat
475 3265 648 3346 gemitibus
675 3263 951 3328 inenarrabilibus
974 3262 1085 3345 (Rom.
1106 3267 1135 3340 8,
1155 3261 1227 3346 26);
1256 3281 1323 3325 non
1375 3263 1521 3341 demunt,
1550 3270 1584 3326 et
1605 3263 1647 3327 ab
1675 3263 1745 3345 ipso
1772 3261 1869 3327 simul
1896 3262 2044 3327 obtinere
2071 3262 2216 3343 cupiunt.
2262 3260 2353 3342 Quin

346 3348 434 3431 quod
455 3350 524 3431 ipse
549 3371 664 3415 revera
690 3350 745 3415 vel
770 3357 923 3432 precetur
948 3348 1002 3414 vel
1029 3348 1237 3430 ingemiscat3
1265 3346 1323 3411 sed
1375 3350 1484 3427 etiam,
1508 3351 1631 3414 tametsi
1656 3351 1692 3413 iu
1713 3349 1765 3428 iis,
1787 3368 1871 3431 quae
1893 3349 1928 3412 in
1946 3348 2011 3412 Dei
2030 3347 2169 3431 gloriam
2191 3346 2354 3413 duntaxat

346 3434 510 3512 fiduciam,
532 3443 618 3513 vota,
637 3436 778 3517 suspiria
794 3437 829 3499 in
847 3434 940 3499 nobis
959 3435 1089 3512 excitat,
1111 3433 1228 3516 quibus
1246 3454 1322 3498 con·
1373 3435 1527 3518 petimus,
1544 3455 1606 3498 omn
1623 3435 1767 3500 amamur
1781 3435 1889 3517 prium
1906 3435 2022 3499 intuitu
2038 3433 2212 3497 necessitati
2229 3440 2353 3499 nomae

346 3520 505 3602 cipiendis
539 3520 794 3603 haudquaquam
829 3521 1016 3585 sufficerent
1050 3526 1187 3585 naturae
1224 3520 1320 3584 vires.
1374 3521 1545 3598 cumulare,
1572 3541 1612 3584 ea
1638 3526 1741 3586 maren
1767 3540 1831 3584 non
1857 3520 1974 3584 minori
1996 3518 2148 3583 desiderii
2169 3519 2296 3584 fervore
2319 3526 2353 3584 et

348 3606 457 3688 Neque
479 3606 534 3671 obs
553 3628 586 3671 re
605 3609 738 3689 punitus
755 3606 983 3672 iiicrmrrabiles
1002 3606 1127 3671 Paulus
1143 3611 1230 3670 coeat
1246 3626 1323 3686 quos
1374 3607 1562 3672 vebunentia
1577 3607 1645 3688 peti
1663 3605 1823 3671 convenit
1866 3606 1913 3670 Ut
1931 3608 2031 3687 quum
2049 3605 2213 3687 poscimus
2232 3626 2352 3670 nomen

346 3692 421 3756 duce
441 3694 559 3773 spiritu
585 3693 728 3773 emittunt
753 3692 875 3773 fidelem
902 3694 981 3772 quia
1008 3713 1069 3758 non
1095 3694 1241 3775 iquorem
1261 3692 1322 3772 ‚qui
1374 3694 1445 3758 eius
1466 3693 1678 3770 sanctificari,
1707 3690 1876 3769 ardenter,
1904 3700 1943 3754 ut
1964 3690 2012 3755 ita
2034 3690 2155 3768 dicam,
2179 3690 2353 3756 esurienda

344 3799 414 3842 nere
442 3779 604 3842 exercitati
629 3785 702 3842 suut
731 3780 767 3842 in
792 3778 953 3860 precibus,
985 3779 1085 3843 caecis
1114 3779 1323 3843 cumanam
1375 3788 1409 3844 et
1431 3777 1571 3843 sitienda
1592 3784 1643 3842 est
1663 3777 1722 3842 illa
1743 3777 1966 3845 sanctificatio.

343 3864 390 3926 ita
408 3883 441 3925 se
454 3865 622 3944 perplexos
641 3865 821 3947 mustrinqi,
843 3869 878 3927 ut
898 3865 954 3927 uia
974 3865 1132 3945 reperiant
1153 3865 1231 3945 quid
1247 3884 1322 3945 pro-
1463 3869 1491 3928 7.
1539 3863 1577 3927 Si
1599 3864 1671 3946 quis
1692 3862 1831 3941 obiicnt,
1853 3882 1916 3927 non
1935 3883 2055 3943 suuper
2075 3863 2203 3943 aequali
2224 3862 2353 3927 necessi-

342 3948 411 4029 furi
433 3951 590 4031 eapediat;
625 3950 689 4015 nuo
709 3950 785 4014 dmu
806 3954 958 4014 miramur
979 3949 1142 4028 balbidire,
1176 3949 1324 4032 impliciti
1374 3954 1435 4014 tate
1466 3951 1573 4032 urperi
1604 3968 1660 4013 nos
1692 3949 1735 4014 ad
1763 3949 1973 4029 pecandum,
2007 3948 2109 4029 fateor
2139 3948 2175 4012 id
2209 3948 2353 4028 quidem3

343 4033 507 4099 haesitant.
559 4034 646 4100 Unde
672 4037 815 4116 sequitur
841 4036 1002 4117 sinpulare
1024 4055 1088 4100 esse
1110 4040 1187 4100 recte
1209 4035 1323 4100 meridi
1375 4041 1465 4117 atque
1492 4035 1567 4099 baec
1594 4034 1750 4100 distinctio
1777 4034 1907 4098 ncbisa
1929 4033 2039 4098 Iacobo
2064 4033 2186 4097 autur
2207 4034 2352 4099 traditur.

345 4120 466 4185 donum.
510 4120 603 4185 Haeo
621 4142 687 4185 non
706 4141 744 4185 eo
763 4119 916 4185 dicuntur
934 4141 997 4202 quo
1014 4142 1074 4184 nos
1091 4120 1154 4203 ipsi
1171 4121 1322 4204 propriae
1377 4123 1541 4186 Tristatur
1567 4122 1640 4202 quis
1660 4122 1741 4185 inter
1761 4120 1841 4185 aas?
1872 4125 1949 4198 oret;
1976 4120 2032 4200 qui
2051 4119 2153 4183 ludus
2173 4124 2230 4198 est,
2261 4125 2355 4184 moal

346 4204 489 4271 desidiae
505 4207 655 4272 faventes
672 4206 714 4271 ad
732 4205 797 4270 Dei
815 4206 968 4288 spiritum
986 4205 1100 4270 orandi
1119 4208 1322 4289 provinciam
1373 4207 1505 4292 (lamb,
1527 4205 1590 4291 13).
1628 4206 1715 4289 Erpa
1736 4206 1832 4271 dictu
1853 4207 1922 4285 ipse
1943 4206 2116 4270 commmis
2136 4225 2253 4281 sensim,
2276 4205 2353 4284 quia

345 4291 528 4375 relegemus,
547 4298 575 4357 et
592 4299 779 4376 torpeamus
796 4293 831 4356 iu
848 4292 907 4356 illa
923 4292 1059 4370 incuria,
1078 4292 1121 4356 ad
1138 4313 1234 4374 quam
1245 4294 1322 4374 plus
1373 4294 1509 4357 nimium
1530 4293 1621 4376 pipri
1646 4311 1770 4371 sumtis,
1797 4297 1897 4372 prout
1917 4312 1969 4356 res
1990 4293 2099 4377 enipit,
2126 4310 2182 4354 uos
2203 4290 2310 4353 ocrim
2331 4310 2353 4353 a

344 4379 424 4442 satis
454 4373 565 4443 smnus
590 4381 748 4459 proclives
776 4376 932 4462 (qualiter
965 4378 1085 4461 impiae
1115 4377 1322 4462 quorundam
1373 4380 1442 4445 Deo
1461 4379 1565 4461 punpi
1590 4379 1634 4443 ad
1654 4383 1778 4442 strenue
1799 4378 1963 4443 orandum.
2007 4376 2051 4441 Et
2076 4375 2132 4440 loc
2155 4380 2274 4455 tempus
2300 4394 2353 4455 op·

344 4483 441 4527 voces
465 4465 661 4543 audiuntur,
685 4465 862 4529 oscitanter
883 4485 954 4528 esse
976 4464 1241 4546 exspectandum,
1265 4464 1321 4527 do·
1368 4469 1542 4547 portuuum
1568 4465 1709 4528 nominat
1729 4463 1841 4529 Dauid
1862 4463 1965 4549 (Psal.
1985 4467 2034 4541 32,
2061 4459 2114 4610 9,·
2140 4461 2217 4541 quia
2245 4458 2354 4543 (maid

346 4569 406 4612 nec
427 4549 482 4615 ille
504 4559 631 4616 mentes
653 4560 784 4616 nostras
811 4549 888 4614 alibi
909 4559 1082 4632 occupatas
1103 4551 1320 4634 praeveniat),
1368 4550 1519 4633 pluribus
1546 4551 1625 4615 aliis
1655 4551 1731 4616 um
1761 4548 1859 4634 deod)
1887 4570 1947 4631 quo
1974 4568 2031 4613 ncs
2084 4547 2178 4610 urius
2203 4550 2354 4626 prernmit

347 4632 405 4698 sod
425 4637 542 4714 potins,
564 4645 602 4701 ut
623 4645 772 4702 nostram
793 4636 960 4719 ignaviam
982 4636 1227 4719 socordiamque
1247 4658 1322 4719 pcr—
1374 4637 1545 4716 molestiae,
1567 4637 1774 4716 inccmmodu,
1797 4637 1936 4714 timores,
1959 4634 2101 4712 aliaeque
2120 4631 2235 4710 species
2257 4635 2352 4696 unta

347 4719 443 4795 taesi,
477 4721 543 4784 tale
576 4723 710 4805 spiritus
743 4721 976 4787 adminiculum
1012 4731 1211 4804 expetamus.
1258 4723 1324 4788 Nec
1374 4724 1508 4803 tionum,
1530 4743 1568 4788 ae
1588 4724 1619 4788 si
1639 4743 1696 4788 nos
1718 4721 1808 4787 Deus
1828 4721 1872 4785 ad
1892 4741 1925 4785 se
1947 4721 2124 4793 accerseret,
2148 4717 2275 4781 liberior
2290 4737 2352 4796 pa·

347 4824 417 4868 nero
436 4803 560 4868 Paulus
582 4827 678 4886 quma
694 4808 776 4873 iubet
793 4807 826 4892 (1
847 4807 922 4873 (ior.
945 4812 994 4887 14,
1017 4809 1070 4890 15)
1093 4830 1183 4874 orare
1202 4810 1323 4892 in'spi·
1374 4813 1415 4874 tet
1448 4829 1596 4874 accessere
1652 4809 1779 4874 interea
1814 4828 1875 4871 non
1911 4805 2018 4868 minus
2048 4822 2155 4865 nemim
2188 4807 2233 4867 est
2268 4803 2352 4870 illud

347 4891 427 4967 ritu,
456 4890 524 4954 ideo
552 4891 666 4956 desinit
692 4896 734 4958 ad
755 4893 954 4976 umilumicm
974 4895 1111 4975 hortari·
1140 4896 1324 4979 siqnificans
1377 4894 1475 4960 Pauli
1492 4896 1592 4980 (Eph.
1613 4901 1641 4975 6,
1664 4898 1727 4980 18),
1745 4895 1977 4971 omnitempore
1997 4888 2153 4954 mondum
2172 4909 2253 4968 esse3
2273 4889 2351 4971 quia

347 4977 393 5065 ito
415 4976 517 5056 cipere
537 4976 669 5055 spiritus
688 4980 868 5043 instinctmn
888 4982 931 5047 ad
950 4981 1135 5062 formandas
1150 5002 1265 5064 preces,
1288 4989 1324 5046 ut
1373 4988 1526 5069 utcunque
1546 5002 1584 5048 ec
1605 4982 1707 5047 animi
1722 4979 1822 5043 nostri
1838 4976 1988 5041 sententia
2007 4995 2058 5040 res
2074 4994 2223 5058 prospere
2240 4975 2351 5056 fluam,

347 5065 489 5125 matum
510 5067 650 5125 nostrum
669 5065 798 5128 ieiunus
823 5067 975 5145 impediat
1001 5069 1049 5133 cel
1074 5069 1224 5135 retardet:
1250 5091 1324 5151 quo-
1374 5074 1402 5133 et
1432 5069 1572 5151 undique
1598 5089 1656 5132 nos
1682 5063 1849 5130 incandet
1880 5061 2017 5127 laetitiae
2048 5062 2195 5141 materia,
2227 5062 2352 5128 nullum

348 5148 435 5212 amni
462 5147 520 5210 bcc
546 5147 582 5210 m
604 5153 699 5230 purte
725 5148 790 5212 vult
815 5150 906 5215 Dens
933 5156 1074 5234 eaperiri
1099 5176 1194 5236 quam
1221 5155 1323 5238 effica-
1374 5160 1478 5220 tamen
1505 5161 1551 5220 est
1571 5158 1723 5234 punctum
1750 5149 1899 5229 turperis
1923 5168 1983 5229 quc
2008 5167 2065 5212 nos
2092 5149 2136 5213 ad
2158 5150 2351 5230 precandum

348 5235 425 5299 citer
443 5234 537 5298 corda
558 5238 665 5298 nostra
686 5234 828 5313 impellat
846 5234 933 5314 fides
1374 5242 1483 5322 inopia
1507 5245 1615 5306 nostra
1633 5259 1702 5301 'uon
1726 5235 1871 5299 bortatur.
1914 5233 2066 5299 Abundat
2090 5235 2250 5316 quispiam
2277 5236 2349 5299 vino

436 5323 464 5384 6.
515 5318 631 5404 ¹)Esto
649 5319 803 5384 etaltera
821 5320 885 5399 len,
907 5325 943 5384 ut
963 5324 1099 5405 ropandc
1115 5345 1236 5407 semper
1251 5328 1322 5392 ino-
1375 5332 1404 5392 et
1431 5326 1549 5392 tritico:
1580 5323 1705 5406 quondo
1735 5321 1868 5386 buccella
1895 5321 1995 5420 punis
2024 5321 2090 5404 nisi
2121 5320 2255 5384 assidua
2285 5319 2351 5384 Dei

417 5473 447 5539 1)
471 5471 547 5594 Qec
572 5473 617 5528 bic
642 5474 731 5527 alteru
755 5472 858 5528 dieitur
884 5474 927 5529 lec
954 5474 1018 5555 olim
1044 5477 1125 5554 tertio
1148 5477 1206 5542 fud
1230 5481 1325 5532 autori
1372 5404 2350 5579 mnssuwngnfflqdwmmffassfflffiw

349 5540 938 5678 cisitu*intraueris
952 5548 1035 5668 nc
1051 5543 1324 5683 [intineris
1375 5589 1476 5647 anus
1501 5587 1575 5663 rut
1600 5582 1737 5666 souis
1761 5582 1922 5647 meus
1944 5577 2132 5679 uenam
2157 5577 2349 5678 imminu

349 5679 504 5748 aquom
521 5679 601 5747 (xv.
619 5679 658 5748 s),
674 5680 753 5748 rina
769 5681 793 5748 s.
812 5679 847 5735 ro
917 5682 980 5737 aa.
1016 5702 1019 5708 ·
1374 5668 1497 5733 indm
1517 5667 1557 5732 ab
1577 5669 1695 5737 amaa
1720 5669 1861 5734 numum
1885 5665 1975 5734 ncta
1999 5684 2065 5731 esse
2089 5667 2212 5746 mimus
2235 5661 2352 5731 dada

2086 5763 2144 5818 402
