5600 6809
363 800 425 861 525

362 980 458 1065 Quod
492 983 520 1046 si
551 999 684 1044 necesse
716 977 815 1042 habet
840 976 933 1041 Deus
965 998 1024 1040 nos
1058 975 1201 1055 erudire,
1234 975 1340 1040 nostri

360 1068 507 1136 vicissim
533 1065 632 1130 officii
659 1071 709 1129 001
736 1063 919 1128 auscultare
946 1062 1090 1139 1001111,
1119 1069 1153 1124 01
1173 1069 1339 1144 torporem

361 1162 510 1220 nostrum
531 1151 711 1228 vellicanti,
734 1156 772 1213 ut
793 1154 979 1229 contempto
1001 1147 1124 1210 mundo
1147 1146 1339 1211 adfuturae

361 1241 450 1308 vitae
471 1236 717 1302 meditationem
738 1241 807 1298 toto
829 1241 959 1316 pectore
982 1231 1224 1297 contendamus.

449 1329 476 1388 3.
523 1321 590 1388 sed
624 1322 712 1386 cuim
738 1320 780 1383 ad
807 1320 907 1382 talem
935 1318 1118 1400 praesentis
1145 1318 1234 1384 vitae
1262 1338 1339 1380 con·

363 1419 525 1493 temptum
553 1428 624 1472 sese
651 1407 868 1484 assuefaciant
896 1403 1025 1482 fideles,
1056 1404 1113 1485 qui
1140 1424 1245 1486 neque
1269 1404 1340 1466 eius

362 1496 474 1562 odium
496 1501 639 1578 generet,
665 1511 725 1556 nec
747 1490 904 1555 adversus
925 1488 1036 1552 Deum
1057 1487 1338 1572 ingratitudinem.

363 1581 534 1664 Siquidem
555 1580 636 1643 hacc
657 1579 740 1655 1111,
771 1585 936 1656 utcunque
965 1574 1103 1638 infinitis
1124 1575 1266 1639 miseriis
1288 1594 1340 1636 re-

362 1669 447 1733 ferta
475 1666 527 1740 sit,
555 1671 705 1728 censetur
732 1670 844 1724 tamen
870 1659 988 1723 merito
1019 1660 1108 1722 inter
1135 1681 1202 1723 101
1230 1680 1340 1740 asper-

363 1751 489 1818 nandae
511 1749 577 1813 Dei
597 1746 848 1813 benedictiones.
895 1744 1006 1825 Quare
1029 1746 1056 1808 01
1079 1745 1162 1808 nihil
1188 1747 1224 1809 in
1246 1767 1285 1808 ea
1305 1766 1341 1810 re

364 1836 626 1920 recognoscimus
648 1833 752 1899 divini
773 1830 937 1907 beneficii,
967 1830 1016 1892 rei
1043 1831 1109 1893 iam
1137 1853 1251 1895 sumus
1275 1853 1342 1894 non

364 1944 484 2006 parvae
510 1923 547 1984 in
567 1919 678 1984 Deum
705 1919 813 2000 ipsum
840 1913 1096 1999 ingratitudinis.
1140 1916 1342 1981 Praesertim

364 2029 444 2076 vero
465 2005 615 2071 fidelibus
636 2003 861 2069 testimonium
883 2021 954 2064 esse
976 2000 1072 2064 debet
1091 2001 1220 2066 divinae
1243 2001 1341 2065 bene-

364 2094 541 2170 volentiae;
569 2088 697 2173 quando
726 2087 929 2152 adsalutem
951 2106 1066 2149 eorum
1087 2085 1342 2169 promovendam

364 2188 434 2243 tota
456 2186 507 2243 est
529 2177 700 2241 destinata.
740 2173 839 2237 Prius
867 2172 956 2235 enim
975 2192 1075 2254 quam
1097 2181 1249 2236 aeternae
1271 2172 1341 2255 glo-

364 2266 432 2329 riae
454 2262 692 2328 haereditatem
715 2257 809 2322 nobis
830 2257 940 2339 palam
961 2255 1130 2336 exhibeat,
1161 2258 1341 2322 minoribus

366 2349 569 2414 documentis
603 2367 638 2411 se
671 2344 764 2408 nobis
796 2349 925 2426 patrem
957 2343 1030 2407 vult
1062 2342 1235 2408 declarare.
1291 2344 1342 2407 Ea

365 2443 444 2499 sunt
465 2454 547 2516 quae
569 2430 713 2515 quotidie
741 2430 782 2493 ab
803 2430 874 2512 ipso
896 2426 990 2492 nobis
1011 2429 1226 2493 confenmtur
1246 2429 1339 2493 bona.

365 2520 478 2601 Quum
500 2540 578 2601 ergo
600 2516 694 2581 nobis
716 2515 839 2581 serviat
854 2515 925 2580 1111
935 2513 1016 2576 haec
1034 2511 1076 2577 ad
1092 2514 1342 2598 intelligendam

364 2605 430 2668 Dei
441 2604 630 2681 bonitatem,
652 2601 899 2666 fastidiemusno
921 2619 994 2663 eam
1012 2600 1105 2679 quasi
1121 2601 1248 2665 nullam
1264 2599 1341 2664 boni

364 2690 484 2754 micam
511 2690 547 2752 11
577 2710 611 2752 00
634 2686 791 2750 haberet?
836 2685 937 2748 Hunc
958 2682 1062 2766 igitur
1090 2693 1342 2768 consumatque

365 2778 519 2840 affectum
545 2773 682 2838 induere
704 2794 763 2836 nos
786 2777 925 2853 oportet,
955 2774 994 2832 ut
1020 2768 1125 2851 ipsam
1147 2791 1343 2852 reponamus

364 2861 453 2924 11101
480 2859 617 2922 minime
645 2855 829 2940 respuenda
856 2854 986 2919 divinae
1006 2852 1046 2917 be
1073 2854 1079 2867 '
1131 2856 1219 2921 'tatis
1247 2855 1341 2919 dona.

364 2947 451 3010 Nam
485 2946 513 3010 si
545 2944 697 3008 deessent
724 2942 902 3024 scripturae
929 2938 1131 3018 testimoma,
1161 2961 1243 3024 quae
1269 2941 1343 3023 plu·

365 3032 449 3095 rima
482 3036 560 3095 sunt
588 3037 622 3092 et
648 3027 842 3104 clarissima,
875 3027 947 3108 ipsa
978 3045 1105 3107 quoque
1132 3035 1252 3090 natura
1284 3047 1343 3090 nos

364 3117 516 3180 hortatur
532 3113 574 3179 ad
590 3112 791 3178 reddendam
801 3111 946 3175 Domino
967 3109 1149 3192 gratiarum
1170 3111 1341 3192 actionem,

365 3200 452 3285 quod
472 3203 509 3264 in
531 3202 601 3265 eius
621 3200 729 3265 lucem
746 3218 806 3262 100
847 3196 969 3274 rotulit,
993 3194 1080 3277 quod
1096 3217 1230 3260 usuram
1248 3197 1342 3262 nobis

367 3274 532 3364 concedit,
556 3284 642 3368 quod
665 3285 774 3348 omnia
796 3219 845 3347 al
859 3303 932 3347 eam
953 3282 1210 3347 conservandam
1231 3303 1342 3348 neces·

366 3373 453 3437 saria
484 3370 645 3453 praesidia
676 3371 824 3453 largitur.
868 3368 915 3432 Et
940 3366 1044 3429 multo
1071 3367 1129 3431 illa
1161 3369 1265 3432 maior
1293 3374 1343 3433 est

366 3459 457 3536 ratio,
480 3458 509 3522 si
530 3464 718 3539 reputamus
739 3457 773 3519 in
796 3474 916 3518 01100
939 3451 980 3515 ad
1019 3451 1136 3516 loriam
1153 3455 1247 3537 regni
1271 3475 1341 3519 coe-

366 3544 457 3608 lestis
483 3540 720 3626 quodammodo
747 3538 943 3623 praeparari.
989 3473 1158 3624 81001111
1179 3540 1342 3604 Dominus

367 3629 539 3707 ordinarit,
562 3636 600 3693 ut
621 3629 676 3710 qui
698 3627 778 3690 olim
799 3622 974 3691 coronandi
996 3625 1131 3688 suntin
1152 3624 1249 3704 coelo,
1273 3646 1342 3690 cer-

366 3716 490 3778 tamina
514 3715 605 3796 prius
631 3714 668 3777 in
696 3713 792 3777 terris
821 3711 952 3788 obeant,
985 3730 1028 3773 ne
1052 3710 1257 3792 triumphent
1277 3711 1343 3775 nisi

367 3801 528 3883 superatis
548 3798 626 3864 belli
649 3797 892 3863 difficultatibus
915 3803 948 3859 01
968 3802 1064 3878 parta
1084 3797 1229 3862 victoria.
1273 3795 1342 3861 De·

367 3885 444 3948 inde
464 3885 583 3948 altera:
612 3878 698 3965 quod
725 3883 824 3947 variis
853 3881 1018 3947 beneficiis
1043 3881 1172 3948 divinae
1194 3882 1342 3966 benigni-

367 3971 444 4035 tatis
466 3970 660 4034 suaritatem
685 3967 827 4032 delibare
854 3968 890 4030 in
912 3986 950 4030 ea
969 3967 1142 4049 incipimus
1149 3992 1157 4047 ;
1184 3989 1247 4050 quo
1268 3989 1342 4050 spes

367 4077 404 4120 ac
427 4054 625 4120 desiderium
649 4061 798 4118 nostrum
819 4059 955 4117 acuatur
982 4050 1024 4114 ad
1044 4052 1175 4134 plenam
1198 4055 1342 4118 0111010-

367 4141 563 4206 velationem
575 4139 799 4221 expetendam.
832 4138 898 4202 Ubi
916 4137 1128 4201 constitutum
1143 4138 1225 4202 illud
1235 4138 1341 4218 fuerit,

368 4226 498 4291 divinae
521 4226 711 4290 clementiae
732 4245 853 4287 munus
874 4243 944 4287 esse
965 4222 1051 4303 quod
1064 4228 1227 4286 terrenam
1239 4224 1344 4288 vitam

368 4313 519 4390 vivimus,
542 4312 634 4376 cuius
656 4311 763 4395 gratia
783 4315 821 4372 ut
842 4329 954 4373 sumus
974 4307 1024 4370 illi
1045 4307 1186 4390 obligati,
1208 4310 1255 4372 ita
1275 4330 1344 4374 me-

368 4418 475 4463 mores
502 4406 676 4480 gratosque
698 4416 769 4460 0000
791 4402 953 4476 oportere,
982 4399 1055 4456 tum
1081 4401 1260 4475 opportune
1287 4393 1343 4459 de·

370 4481 561 4548 scendemus
582 4482 624 4546 ad
645 4479 915 4548 considerandam
937 4479 1155 4543 miserrimam
1177 4480 1246 4544 eius
1268 4501 1343 4544 con-

370 4567 526 4632 ditionem
532 4593 540 4646 3
567 4589 630 4650 quo
652 4568 778 4633 scilicet
798 4567 997 4631 extricemur
1018 4565 1155 4629 animia
1170 4565 1238 4629 eius
1254 4566 1343 4647 cupi-

370 4651 484 4797 11130,
513 4653 555 4715 ad
582 4674 694 4734 quam,
723 4662 761 4718 ut
786 4652 994 4729 dictumest,
1021 4650 1108 4715 ultro
1130 4657 1249 4714 natura
1269 4672 1343 4733 pro-

369 4759 433 4819 pen
457 4757 557 4800 emus.

456 4826 485 4884 4.
515 4821 627 4901 Porro,
649 4823 805 4905 quidquid
823 4823 1007 4888 detrahitur
1023 4842 1125 4904 pravo
1144 4823 1212 4887 eius
1230 4824 1342 4902 amori,

370 4908 467 4972 debet
486 4905 629 4970 melioris
650 4908 737 4972 vitae
755 4907 914 4974 desiderio
933 4908 1093 4976 accedere.
1125 4907 1247 4973 Fateor
1264 4930 1343 4973 sane

371 4993 540 5058 verissime
571 4992 710 5055 sensisse
739 5015 793 5058 eos
821 4995 937 5076 quibus
959 4997 1068 5061 visum
1096 5002 1146 5058 001
1173 4995 1341 5076 optimum,

371 5100 437 5144 101
463 5078 568 5155 11001;
597 5077 796 5158 proximum,
825 5100 924 5160 quam
950 5082 1104 5146 citissime
1133 5080 1255 5145 aboleri
1261 5104 1269 5160 ;
1299 5082 1343 5146 si-

371 5163 502 5246 quidem
523 5162 589 5227 Dei
614 5162 737 5226 lumine
764 5169 798 5225 et
818 5184 897 5227 1011
916 5164 1072 5247 religione
1097 5165 1245 5231 destituti
1266 5166 1344 5249 quid

371 5252 407 5313 in
434 5271 473 5314 ea
500 5269 633 5314 cernere
660 5254 811 5328 poterant
837 5268 903 5311 non
929 5249 1108 5330 infaustum
1135 5272 1173 5316 ac
1199 5252 1342 5317 tetrum?

371 5335 440 5401 Nec
460 5336 529 5399 sine
558 5335 683 5398 ratione
707 5331 769 5412 illi,
803 5332 859 5414 qui
886 5333 1010 5397 natales
1036 5355 1171 5399 suorum
1197 5356 1344 5402 moerore

371 5442 408 5485 ac
430 5421 598 5505 lacrymis,
628 5420 744 5482 funera
771 5417 898 5482 solenni
920 5417 1037 5500 gaudio
1059 5421 1343 5499 prosequebantur.

372 5505 439 5570 8011
458 5505 493 5569 id
515 5505 675 5570 faciebant
697 5505 766 5576 sine
788 5503 943 5587 profectu,
966 5502 1043 5583 quia
1064 5508 1153 5566 recta
1173 5501 1248 5566 fidei
1271 5502 1346 5568 doc-

372 5592 460 5655 trina
480 5590 601 5668 orbati,
628 5612 694 5655 non
715 5589 873 5655 ridebant
899 5587 1061 5671 quomodo
1087 5587 1150 5669 piis
1168 5587 1205 5649 in
1225 5586 1347 5651 bonum

372 5674 472 5755 cedat,
496 5676 581 5759 quod
602 5697 662 5760 per
683 5697 717 5740 se
739 5698 799 5741 neo
820 5676 952 5741 beatum
973 5694 1033 5739 nec
1055 5670 1268 5738 desiderabile
1289 5677 1346 5735 est.

554 794 644 859 LIB.
667 793 731 858 ΠΙ.
776 792 840 857 Du
862 789 998 857 MODO
1021 787 1371 855 PDROIPIDNDAE
1392 785 1580 853 CHRISTI
1601 786 1819 852 aalma
1864 787 1963 854 cAP.
1986 789 2082 854 vm.
2106 788 2168 855 lx.

2301 792 2362 853 526

1390 975 1506 1057 Itaque
1521 975 1678 1040 iudicium
1690 997 1787 1039 suum
1805 974 2029 1056 desperatione
2047 978 2275 1042 terminabant.
2302 978 2368 1044 Hic

1391 1082 1470 1144 ergo
1492 1061 1536 1126 011
1557 1082 1671 1142 scopus
1693 1060 1840 1124 fidelium
1858 1062 1895 1123 in
1917 1061 2118 1125 aestimanda
2139 1063 2269 1128 mortali
2289 1065 2368 1143 vita,

1391 1154 1431 1210 11
1448 1146 1527 1210 dum
1544 1146 1735 1229 intelligunt
1752 1146 1835 1209 nihil
1857 1167 1915 1227 per
1933 1168 1968 1210 se
1986 1168 2085 1227 quam
2104 1150 2270 1213 miseriam
2287 1171 2367 1228 esse,

1392 1254 1430 1296 00
1452 1233 1625 1296 alacriores
1652 1239 1686 1296 01
1711 1233 1817 1315 magis
1845 1231 1988 1313 expediti
2014 1238 2097 1295 10100
2120 1255 2154 1297 00
2177 1233 2218 1297 ad
2239 1235 2369 1299 11111110

1391 1318 1480 1382 illius
1510 1325 1543 1381 01
1570 1325 1723 1382 10101110
1750 1317 1994 1382 meditationem
2018 1318 2194 1382 conferant.
2238 1320 2304 1384 Ubi
2327 1319 2369 1384 ad

1393 1425 1466 1468 eam
1488 1404 1762 1485 comparationem
1783 1411 1919 1469 rentum
1940 1411 2002 1481 est,
2031 1411 2102 1466 tum
2123 1425 2201 1467 vero
2224 1404 2280 1467 illa
2301 1426 2370 1469 101

1392 1489 1488 1552 modo
1517 1510 1629 1553 secure
1657 1489 1781 1572 negligi
1806 1495 1929 1570 potest,
1961 1488 2018 1553 sed
2045 1509 2123 1570 prac
2151 1489 2212 1553 hac
2239 1492 2369 1571 penitus

1393 1574 1632 1640 contemnenda
1664 1583 1713 1639 est
1745 1597 1782 1640 ac
1815 1573 2018 1638 fastidienda.
2063 1574 2151 1637 Nam
2184 1576 2211 1638 si
2244 1575 2371 1640 coelum

1393 1661 1500 1742 patria
1521 1669 1579 1738 001,
1604 1659 1682 1742 quid
1704 1659 1793 1724 aliud
1815 1666 1904 1724 terra
1926 1680 2024 1742 quam
2042 1660 2217 1723 exsilium?
2253 1658 2291 1725 Si
2308 1661 2371 1723 mi·

1393 1747 1498 1829 gratio
1523 1767 1541 1809 e
1562 1746 1685 1819 mundo
1712 1747 1819 1810 estin
1839 1747 1941 1809 vitam
1962 1747 2145 1827 ingressus,
2174 1745 2252 1826 quid
2279 1745 2369 1809 aliud

1391 1830 1535 1895 mundus
1566 1852 1665 1912 quam
1696 1830 1902 1913 sepulcrum?
1937 1832 1973 1894 11
2005 1832 2075 1912 ipso
2106 1852 2254 1907 manere,
2290 1830 2370 1913 quid

1393 1916 1482 1981 aliud
1511 1938 1609 1998 quam
1637 1919 1672 1980 in
1700 1926 1805 1980 morto
1833 1916 2016 1979 demersum
2040 1916 2131 1980 esse?
2178 1915 2215 1980 Si
2237 1917 2370 1980 liberari

1393 2023 1412 2065 1
1444 2024 1591 2085 corpore,
1625 2009 1675 2066 est
1707 2003 1807 2067 asseri
1833 2003 1868 2064 in
1897 2001 2034 2065 subdam
2058 2001 2256 2079 libertatem,
2291 2000 2370 2083 quid

1393 2087 1481 2152 aliud
1509 2096 1559 2153 001
1586 2109 1702 2170 corpus
1731 2109 1829 2169 quam
1857 2085 1986 2152 carcer?
2031 2083 2069 2151 Si
2091 2085 2156 2150 Dei
2185 2088 2370 2168 praesentia

1392 2173 1457 2236 frui
1480 2195 1633 2257 suprema
1654 2174 1817 2238 felicitatis
1838 2193 1966 2238 summa
1987 2179 2045 2249 est,
2068 2193 2176 2237 nonne
2199 2194 2237 2235 ea
2259 2193 2369 2237 carere

1392 2258 1571 2323 miserum?
1615 2260 1734 2340 Atqui,
1757 2259 1859 2323 donec
1881 2281 1899 2322 0
1921 2256 2045 2321 mundo
2067 2258 2282 2335 0110011110,
2312 2279 2368 2340 pe-

1392 2346 1601 2427 regrinamur
1622 2366 1642 2408 a
1661 2343 1805 2408 Domino
1828 2343 1862 2427 (2
1882 2343 1956 2407 Cor.
1977 2348 2011 2421 5,
2032 2342 2075 2425 6).
2119 2343 2224 2425 Ergo,
2248 2344 2369 2408 sicum

1393 2430 1524 2495 coelesti
1544 2431 1613 2496 1111
1634 2437 1766 2494 terrena
1786 2438 2005 2512 comparetur,
2033 2450 2099 2492 non
2126 2428 2262 2492 dubium
2290 2430 2370 2510 quin

1393 2515 1486 2580 facile
1507 2523 1540 2580 et
1556 2515 1794 2581 contemnenda
1811 2523 1845 2579 et
1860 2513 2078 2597 proculcanda
2095 2515 2145 2577 011.
2185 2511 2270 2578 Odio
2283 2521 2369 2579 certe

1393 2600 1546 2665 habenda
1578 2623 1747 2683 nunquam
1775 2609 1838 2678 est,
1874 2601 1939 2664 nisi
1966 2607 2125 2681 quatenus
2152 2621 2211 2663 nos
2239 2606 2370 2681 peccato

1393 2693 1485 2750 tenet
1512 2686 1681 2765 obnoxios;
1710 2707 1895 2768 quanquam
1922 2707 1965 2749 ne
1992 2684 2075 2748 illud
2102 2684 2234 2766 quidem
2260 2683 2371 2749 odium

1393 2772 1523 2853 proprie
1551 2772 1588 2835 in
1612 2774 1717 2853 ipsam
1739 2771 1997 2838 convertendum
2019 2777 2076 2835 est.
2121 2770 2295 2852 Utcunque
2318 2770 2369 2848 sit,

1394 2877 1454 2921 100
1476 2863 1587 2921 tamen
1615 2858 1662 2920 ita
1689 2857 1833 2922 01110101
1855 2857 1960 2921 taedio
1989 2856 2042 2920 vel
2065 2854 2138 2919 odio
2161 2855 2247 2919 affici
2269 2854 2370 2933 decet,

1394 2950 1432 3006 ut
1453 2943 1553 3006 finem
1575 2943 1645 3007 eius
1667 2943 1903 3019 desiderantes,
1926 2941 2032 3024 parati
2055 2962 2183 3024 quoque
2205 2942 2308 3006 simus
2329 2940 2372 3006 ad
2442 2991 2445 2999 .

1394 3028 1565 3092 arbitrium
1576 3027 1713 3092 Domini
1732 3029 1767 3092 in
1784 3050 1823 3092 ea
1839 3049 1982 3105 manere,
2004 3048 2067 3109 quo
2085 3026 2209 3091 scilicet
2225 3027 2372 3091 taedium

1393 3119 1543 3178 nostrum
1565 3114 1609 3178 sit
1625 3114 1740 3196 procul
1756 3114 1796 3178 ab
1815 3115 1903 3178 omni
1920 3133 2090 3177 murmure
2107 3119 2141 3176 01
2156 3112 2369 3193 impatientia.

1394 3200 1457 3263 Est
1478 3200 1566 3264 enim
1586 3200 1692 3264 instar
1713 3201 1872 3278 stationis,
1895 3200 1930 3262 in
1952 3220 2017 3281 qua
2037 3219 2098 3262 nos
2120 3196 2283 3262 Dominus
2304 3196 2370 3262 col-

1394 3285 1529 3364 1001111,
1556 3284 1682 3349 tamdiu
1710 3286 1804 3351 nobis
1826 3282 2049 3350 conservanda
2070 3282 2176 3366 quoad
2198 3282 2370 3348 11101010-

1394 3370 1486 3436 carit.
1531 3369 1642 3436 Deflet
1674 3371 1805 3453 quidem
1838 3378 1959 3436 0011011
1985 3391 2079 3434 suam
2106 3369 2230 3433 Paulus
2257 3367 2369 3453 (Rom.

1396 3460 1425 3535 7,
1444 3455 1510 3541 24),
1534 3456 1622 3539 quod
1641 3464 1717 3522 roto
1739 3478 1799 3521 auo
1822 3456 1947 3520 diutius
1969 3455 2113 3536 corporis
2134 3452 2275 3520 11101110
2297 3453 2369 3517 alli-

1394 3548 1491 3625 gatus
1512 3549 1672 3621 teneatur,
1695 3549 1730 3606 et
1748 3541 1892 3624 suspirat
1913 3541 2040 3605 ardenti
2061 3539 2292 3623 redemptionis
2314 3540 2370 3604 dc-

1394 3626 1514 3692 siderio
1520 3651 1529 3707 ;
1551 3628 1775 3707 nihilominus,
1793 3634 1831 3691 ut
1846 3626 1911 3691 Dei
1924 3627 1970 3691 im
1993 3627 2061 3690 erio
2079 3633 2201 3707 pareat,
2219 3632 2371 3708 paratum

1394 3734 1429 3778 se
1451 3713 1493 3776 ad
1513 3720 1691 3796 1111111010
1712 3713 1927 3797 profitebatur
1996 3711 2053 3775 hil.
2075 3711 2200 3794 1,23);
2233 3711 2310 3793 quia
2336 3733 2371 3776 00
2438 3765 2443 3772 ,

1394 3798 1429 3862 id
1442 3796 1515 3863 Deo
1533 3798 1649 3864 debere
1671 3799 1819 3883 agnoscit
1839 3806 1877 3862 ut
1897 3818 2019 3861 nomen
2040 3797 2111 3860 eius
2134 3797 2188 3861 vel
2205 3817 2263 3879 per
2284 3818 2372 3861 mor-

1394 3891 1462 3948 tem
1489 3883 1542 3951 101
1554 3883 1579 3968 ¹)
1607 3886 1710 3951 vitam
1735 3884 1903 3968 glorificet.
1948 3882 2058 3964 Ipsius
2087 3893 2199 3946 autem
2228 3890 2278 3946 001
2305 3890 2373 3947 sta·

1394 3976 1489 4034 tuere
1510 3970 1589 4052 quid
1611 3971 1755 4034 maxime
1780 3969 1821 4034 ad
1839 3969 1980 4053 gloriam
1998 3989 2091 4032 suam
2109 3967 2269 4050 expediat.
2302 3967 2373 4034 Ita·

1395 4077 1458 4137 que
1488 4056 1516 4121 si
1536 4055 1680 4120 Domino
1701 4056 1813 4122 111010
1836 4075 1874 4119 ac
1895 4055 1979 4117 mori
1999 4075 2060 4118 nos
2083 4053 2189 4132 decet,
2220 4055 2292 4118 eius
2320 4077 2373 4118 ar·

1394 4141 1492 4206 bitrio
1519 4141 1744 4222 relinquamus
1770 4141 1887 4205 mortis
1913 4141 2064 4223 vitaeque
2095 4146 2226 4203 nostrae
2259 4138 2372 4204 termi-

1395 4248 1493 4305 num;
1521 4226 1579 4291 sed
1598 4227 1659 4305 ita,
1686 4235 1725 4290 ut
1751 4235 1785 4291 01
1810 4226 1899 4291 illius
1928 4224 2035 4290 studio
2055 4227 2249 4309 flagrem,
2276 4231 2309 4287 et
2335 4223 2371 4285 in

1396 4311 1608 4377 meditatione
1636 4313 1739 4378 simus
1766 4312 1901 4391 assidui;
1930 4312 2016 4376 hanc
2037 4332 2130 4388 vero,
2158 4332 2238 4393 prae
2259 4309 2371 4373 fritura

1395 4398 1641 4462 immortalitate
1657 4406 1914 4475 contemnamus,
1934 4404 1968 4461 et
1983 4397 2024 4461 ob
2042 4397 2168 4478 peccati
2179 4395 2371 4459 servitutem

1396 4483 1428 4547 ei
1448 4485 1648 4563 renuntiare,
1672 4485 1797 4566 quoties
1818 4483 1963 4548 Domino
1984 4482 2152 4564 placuerit,
2175 4488 2331 4561 optemus.

1484 4573 1512 4632 5.
1556 4570 1630 4635 Hoc
1662 4591 1740 4634 1010
1772 4569 1917 4652 portenti
1947 4567 2069 4646 similo,
2106 4562 2192 4647 quod
2222 4582 2282 4645 pro
2314 4561 2371 4626 illo

1395 4655 1513 4718 mortis
1546 4653 1725 4733 desiderio,
1766 4662 1859 4720 tanta
1898 4654 1969 4718 eius
2007 4650 2179 4716 formidine
2217 4653 2372 4712 tenentur

1394 4739 1503 4818 multi,
1525 4742 1637 4821 quise
1659 4741 1853 4806 christianos
1874 4759 1944 4804 esse
1963 4738 2103 4815 iactant,
2133 4741 2172 4798 ut
2193 4733 2235 4798 ad
2256 4754 2371 4815 quam·
2440 4783 2444 4791 ·
2484 4781 2494 4804 .

1394 4825 1476 4889 libet
1497 4826 1566 4890 eius
1587 4828 1786 4891 mentionem
1807 4823 2073 4900 contremiscant,
2097 4820 2189 4888 velut
2209 4819 2259 4884 rei
2278 4818 2371 4900 peni-

1396 4919 1450 4975 tus
1472 4910 1638 4976 ominosas
1662 4920 1695 4976 et
1710 4912 1882 4977 infaustae.
1915 4907 2079 4991 Equidem
2097 4928 2164 4971 non
2182 4913 2232 4970 001
2248 4905 2372 4968 mirum

1396 4997 1424 5061 si
1447 4996 1606 5061 naturalis
1628 5019 1741 5062 sensus
1763 4999 1798 5061 in
1820 4998 1914 5062 nobis
1935 4995 2157 5071 exhorrescat,
2181 4990 2293 5056 audita
2313 5011 2372 5054 10-

1396 5083 1456 5147 stri
1483 5082 1703 5148 dissolutione.
1747 5084 1795 5147 At
1825 5082 1914 5148 istud
1941 5081 2033 5145 nullo
2060 5079 2157 5142 modo
2190 5075 2370 5153 ferendum,

1397 5188 1554 5234 1010000
1575 5169 1611 5232 in
1632 5174 1761 5250 pectore
1783 5168 1961 5232 christiano
1982 5166 2113 5248 pietatis
2140 5164 2261 5239 lumen,
2284 5157 2371 5242 quod

1396 5254 1513 5318 maiori
1551 5251 1770 5319 consolatione
1802 5253 2061 5334 qualemcunque
2092 5251 2187 5314 illum
2217 5248 2372 5310 timorem

1397 5346 1529 5421 superet
1550 5360 1587 5403 ac
1615 5335 1805 5418 supprimat.
1855 5337 1942 5402 Nam
1967 5338 1994 5401 si
2017 5338 2208 5421 cogitemus,
2236 5332 2299 5395 hoc
2318 5330 2371 5393 in-

1468 5624 1497 5687 1)
1521 5625 1581 5676 Voc.
1599 5640 1649 5690 per
1666 5621 1791 5674 0111111111
1808 5638 1906 5690 manes,
1924 5623 1989 5676 111110
2006 5641 2024 5676 a
2042 5623 2115 5676 1559.
2144 5622 2263 5674 Eaedem
2281 5633 2373 5673 omnes

1399 5691 1522 5742 errabunt
1539 5690 1660 5757 agnoscit
1678 5727 1683 5738 .
1704 5727 1710 5738 .
1729 5727 1734 5738 .
1754 5727 1761 5741 .
1780 5691 1923 5758 glorificet,
1941 5698 2048 5743 servato
2065 5691 2250 5757 profitebatur.
