5600 6809
392 757 454 819 335
1034 742 1302 811 INS'I'ITU'PIO
1324 743 1429 828 REI..
1452 740 1634 809 cflalssa.
1660 746 1751 809 1559.
2269 794 2272 798 .
2337 745 2406 808 336

393 941 480 1023 Quia
502 936 584 1003 illud
605 959 717 1002 rerum
739 937 926 1002 absentium
947 934 1125 1023 imaginem
1147 932 1297 1008 habebat,
1320 933 1370 996 in·
1423 937 1492 1007 tur,
1515 951 1596 1012 quos
1618 951 1721 1013 quum
1742 931 1856 996 eodem
1877 931 1953 996 fidei
1975 932 2092 1013 spiritu
2115 932 2284 998 nobiscum
2302 953 2406 1015 prae-

392 1028 492 1092 terire
514 1046 552 1089 ac
574 1044 768 1089 evanescere
790 1031 935 1105 tempore
957 1021 1106 1102 oportuit.
1139 1018 1369 1102 Evangelium,
1423 1015 1508 1095 ditos
1529 1017 1629 1081 luisse
1650 1023 1785 1096 consur,
1807 1019 1952 1100 sequitur
1972 1017 2118 1082 eiusdem
2139 1025 2173 1083 et
2188 1018 2351 1083 libertatis
2367 1031 2407 1084 et

392 1113 469 1194 quia
497 1113 605 1192 ipsum
632 1131 750 1193 corpus
777 1109 926 1184 exhibet,
960 1109 1089 1170 firmam
1116 1111 1370 1187 perpetuamque
1422 1101 1565 1166 laetitiae
1593 1103 1692 1167 fuisse
1719 1103 1905 1185 participes:
1931 1103 2180 1185 respondemus,
2203 1111 2359 1169 neutum
2382 1127 2406 1171 a

394 1199 515 1262 retinet
533 1195 752 1260 stabilitatem.
782 1195 888 1259 Vocat
905 1191 1034 1274 quidem
1055 1191 1211 1255 Ieremias
1231 1199 1265 1254 et
1280 1190 1370 1272 leges
1421 1186 1494 1270 lege
1514 1187 1632 1269 samse:
1659 1186 1716 1254 sed
1746 1210 1847 1270 quum
1869 1210 1904 1253 se
1924 1210 1983 1270 per
2003 1189 2110 1271 legem
2132 1198 2166 1254 et
2188 1191 2301 1255 servili
2322 1211 2404 1256 con-

392 1282 532 1347 morales
554 1283 721 1345 infirmum
743 1302 781 1345 ac
798 1279 913 1362 fragile
925 1277 1047 1354 foedus,
1071 1276 1128 1341 sed
1147 1276 1212 1341 alia
1228 1276 1354 1340 ratione
1361 1298 1369 1353 ;
1423 1274 1544 1338 ditione
1566 1275 1685 1355 premi,
1714 1282 1748 1338 ot
1775 1275 1991 1340 eonscientiae
2019 1276 2245 1357 inquietudine
2258 1277 2405 1427 fabgari

392 1368 477 1451 quod
505 1367 629 1432 scilieet
655 1367 776 1449 ingrati
803 1364 915 1447 populi
948 1362 1057 1427 subita
1085 1362 1264 1427 defectione
1292 1382 1369 1425 mox
1423 1361 1594 1436 sentirent,
1623 1359 1666 1423 ad
1692 1359 1855 1442 evangelii
1877 1359 2058 1425 subsidium
2080 1361 2281 1445 aufugisse
2309 1363 2323 1426 i

394 1456 570 1536 abruptum
598 1453 705 1515 fuerit
751 1448 818 1515 Sed
845 1450 921 1531 quia
943 1447 1101 1512 eiusmodi
1123 1447 1255 1512 violatio
1279 1454 1329 1511 est
1351 1468 1371 1511 a
1422 1466 1484 1527 que
1506 1445 1705 1528 peculiarem
1722 1446 1799 1511 novi
1809 1447 1997 1510 testamenti
2017 1448 2162 1511 fructum
2180 1448 2290 1525 brisso,
2312 1448 2403 1531 quod

393 1540 488 1622 culpa
509 1538 636 1621 populi,
663 1538 699 1599 in
728 1541 960 1599 testamentum
982 1534 1112 1615 proprie
1133 1554 1202 1597 non
1223 1533 1369 1596 confere·
1421 1539 1553 1613 praeter
1584 1551 1789 1595 communem
1822 1531 1941 1597 veteris
1973 1533 2161 1596 testamenti
2192 1532 2301 1617 legem
2332 1534 2402 1601 illis

393 1634 457 1690 tur.
502 1624 734 1689 Caeremoniae
756 1641 849 1698 vero,
878 1620 1030 1702 quoniam
1059 1639 1119 1682 sua
1145 1619 1290 1700 ipsarum
1318 1619 1369 1681 in·
1421 1617 1517 1681 malis
1538 1617 1683 1698 exempti
1697 1617 1837 1681 fuenmt.
1870 1615 1999 1681 Deinde
2021 1618 2214 1700 negabimus
2234 1619 2283 1684 ita
2298 1620 2402 1686 liber-

394 1711 549 1776 firmitate
568 1708 692 1772 Christi
714 1706 858 1771 adventu
879 1707 1013 1769 fuertmt
1031 1703 1214 1779 dissolutae,
1237 1725 1369 1769 causam
1421 1703 1500 1767 tatis
1522 1708 1555 1767 et
1578 1703 1761 1767 securitatis
1779 1702 1896 1785 spiritu
1913 1702 2013 1767 fuisse
2031 1700 2178 1780 donatos,
2201 1712 2322 1770 utnon
2340 1727 2403 1771 ex·

393 1795 593 1861 infirmitatis
625 1795 712 1856 intra
744 1813 779 1856 se
817 1792 991 1856 habebant.
1046 1790 1151 1854 Porro
1184 1787 1371 1854 differentia
1420 1789 1505 1868 porti
1528 1789 1594 1853 sint
1615 1788 1725 1869 aliqua
1745 1809 1786 1851 ex
1809 1795 1901 1869 parte
1923 1796 1956 1852 et
1972 1791 2123 1853 timorem
2144 1789 2254 1874 alege
2274 1798 2308 1857 et
2328 1813 2402 1857 ser-

281 1953 283 1957 ,
395 1881 453 1945 illa
473 1872 588 1943 literae
610 1884 643 1941 et
665 1878 799 1959 spiritus
821 1898 888 1941 non
909 1878 955 1941 sio
978 1874 1165 1957 accipienda
1187 1882 1252 1952 est,
1281 1897 1318 1939 ao
1340 1875 1369 1938 si
1421 1874 1568 1938 vitutem.
1613 1873 1789 1955 Utcunque
1811 1875 1899 1936 enim
1921 1873 1992 1951 illa,
2021 1895 2119 1955 quam
2146 1896 2206 1958 per
2233 1879 2402 1962 evangelii

393 1966 483 2030 nullo
504 1986 580 2030 cum
600 1964 709 2028 fructu
736 1963 843 2046 legem
866 1984 959 2026 suam
980 1961 1111 2025 Iudaeis
1132 1961 1296 2025 Dominus
1316 1969 1369 2024 tu-
1421 1961 1561 2042 gratiam
1595 1961 1760 2040 assequuti
1788 1965 1896 2037 erant,
1934 1961 2163 2041 praerogativa
2200 1963 2400 2042 haereatur,

392 2052 492 2128 lisset,
515 2050 606 2113 nullo
629 2071 742 2113 eorum
761 2049 802 2112 ad
823 2070 857 2112 se
880 2068 1050 2125 converso;
1079 2045 1136 2111 sed
1159 2068 1218 2129 por
1239 2068 1369 2128 compa-
1422 2053 1517 2109 erant
1537 2052 1649 2109 tamen
1677 2044 1792 2109 iisdem
1816 2046 2081 2110 observationum
2102 2046 2242 2112 vinculis
2264 2056 2298 2112 et
2318 2069 2401 2116 one-

392 2137 553 2202 rationem
574 2136 681 2218 posita
701 2141 764 2211 est,
792 2133 834 2197 ad
861 2132 1153 2198 commendandam
1175 2132 1299 2215 gratiae
1319 2132 1370 2204 af·
1422 2132 1511 2196 ribus
1533 2152 1609 2196 cum
1631 2131 1730 2212 vulgo
1752 2131 1891 2196 obnoxii
1936 2129 2049 2211 Quum
2075 2152 2154 2214 ergo
2183 2132 2226 2197 ad
2246 2154 2302 2200 eas
2323 2157 2401 2202 oae-

392 2222 578 2301 fluentiam,
605 2241 670 2303 qua
691 2218 853 2303 evangelii
876 2217 1149 2302 praedicationem
1177 2219 1260 2282 idem
1280 2218 1370 2298 lepis-
1422 2217 1584 2281 remonias
1624 2216 1761 2281 sollicite
1782 2216 2013 2281 ‘observandas
2051 2216 2276 2300 adigerentur,
2313 2243 2402 2304 quae

392 2309 481 2387 lutor,
504 2308 597 2388 quusi
608 2327 721 2370 aevom
737 2325 907 2387 personam
919 2305 1061 2383 budaeus,
1076 2304 1258 2368 honorarit.
1281 2303 1369 2366 Nam
1422 2302 1642 2386 paedagogiae
1660 2303 1809 2365 servituti
1827 2302 1944 2366 similis
1962 2301 2110 2387 symbola
2127 2311 2223 2369 eraut
2239 2312 2273 2370 et
2289 2306 2402 2372 ehiro-

393 2395 421 2459 si
442 2415 554 2459 eornm
577 2391 823 2455 multitudinem
845 2411 1051 2455 recensemus
1079 2411 1157 2471 quos
1181 2409 1221 2452 ex
1242 2389 1370 2470 populis
1422 2388 1562 2471 grapha,
1590 2388 1706 2469 quibus
1727 2409 1762 2452 se
1783 2388 1907 2469 peccati
1928 2407 2002 2452 reos
2023 2388 2219 2469 faterentur,
2248 2391 2291 2456 ab
2315 2391 2400 2457 obli-

393 2480 542 2544 omnibus
573 2498 631 2558 per
665 2476 825 2560 evangelii
859 2475 1131 2557 praedicationem
1163 2474 1281 2556 spiritu
1310 2495 1370 2538 suo
1422 2475 1552 2558 gatione
1581 2495 1648 2537 nou
1677 2473 1855 2538 solverent:
1884 2474 1955 2538 iure
1982 2494 2060 2557 prae
2086 2476 2180 2541 nobis
2206 2477 2267 2542 sub
2294 2480 2400 2544 servi·

393 2573 602 2648 regeneratos
624 2564 660 2626 in
682 2562 834 2626 ecclesiae
853 2581 930 2626 suae
950 2560 1211 2626 communionem
1230 2559 1368 2642 collegit,
1422 2561 1503 2623 tutis
1533 2581 1571 2624 ae
1603 2559 1729 2624 timoris
1762 2565 1957 2623 testamento
1985 2560 2084 2624 firisse
2117 2560 2285 2642 dcunuu,
2319 2563 2403 2629 dum

393 2649 606 2734 paucissimos
639 2668 676 2712 ao
698 2669 802 2730 paene
823 2647 931 2711 nullos
952 2646 1114 2722 dicemus,
1148 2646 1203 2726 qui
1234 2645 1312 2708 olim
1334 2647 1370 2709 in
1421 2646 1594 2727 respicitur
1617 2645 1801 2710 communis
1822 2644 1880 2709 illa
1901 2645 2116 2727 dispensatio,
2139 2667 2205 2728 qua
2226 2656 2305 2715 tone
2321 2671 2402 2716 cum

393 2734 517 2800 Israele
538 2733 644 2799 cordis
667 2733 786 2797 affectu
809 2739 906 2815 atque
924 2753 966 2796 ex
984 2733 1092 2795 animo
1108 2729 1221 2795 foedus
1233 2732 1371 2795 Domini
1422 2730 1595 2795 israelitico
1616 2730 1736 2813 populo
1758 2730 1920 2795 Dominus
1940 2731 2065 2814 agebat.

397 2820 542 2903 amplexi
570 2821 651 2897 sint;
684 2820 740 2900 qui
765 2825 875 2882 tamen
901 2816 997 2880 multi
1021 2818 1167 2895 fuerunt,
1200 2817 1228 2880 si
1256 2826 1370 2900 suopte
1513 2821 1559 2880 10.
1600 2818 1690 2893 ares,
1713 2837 1793 2897 quas
1814 2817 2008 2896 posteriores
2026 2817 2207 2897 retulimus,
2230 2840 2402 2902 eompara-

395 2927 532 2973 numero
555 2906 625 2968 sine
647 2904 890 2985 comparatione
914 2911 1118 2968 censeantur.
1422 2903 1527 2967 dones
1548 2908 1628 2966 sunt
1648 2901 1731 2984 legis
1753 2909 1786 2965 et
1807 2901 1983 2984 evaugelii3
2006 2923 2107 2984 quare
2128 2904 2163 2967 in
2183 2904 2248 2968 illis
2264 2904 2320 2969 lex
2341 2927 2400 2972 ve-

306 3018 308 3025 ,
431 3035 434 3037 Α
482 2996 510 3054 9.
551 2991 607 3054 Ex
626 2991 724 3053 tertio
746 2989 933 3054 discrimine
953 2995 1107 3070 quartum
1128 2989 1274 3071 emergit.
1303 2988 1370 3051 Ve-
1424 2989 1502 3052 teris
1524 2988 1726 3058 testamenti,
1755 2986 1964 3071 evangelium
1986 2990 2063 3052 novi
2084 2989 2216 3053 nomine
2237 2991 2398 3073 signatur.
2427 3052 2429 3055 .

393 3084 448 3142 tus
481 3077 567 3140 enim
584 3083 830 3139 testamentum
863 3075 1025 3157 scriptura
1062 3079 1158 3138 vocat
1190 3075 1369 3152 servitutis,
1421 3075 1536 3145 Prima
1556 3073 1654 3138 latius
1673 3072 1874 3142 extenditur:
1898 3074 2144 3155 comprehendit
2166 3075 2255 3139 euim
2276 3076 2338 3142 sub
2362 3098 2400 3142 se

393 3162 479 3245 quod
501 3163 653 3225 timorem
672 3162 707 3225 in
730 3160 849 3224 animis
871 3165 1018 3243 generet;
1049 3179 1170 3223 novum
1198 3167 1309 3223 autem
1330 3159 1370 3223 li·
1422 3168 1455 3224 et
1476 3179 1560 3241 quae
1581 3167 1657 3223 ante
1678 3160 1785 3241 legem
1806 3158 1913 3224 editae
1934 3166 2011 3224 sunt
2027 3160 2264 3241 promissiones.
2298 3159 2414 3243 Quod.

392 3248 542 3325 bertatis,
577 3247 661 3329 quod
695 3247 730 3309 in
757 3244 909 3310 fiduciam
939 3264 977 3308 ao
1005 3244 1215 3309 securitatem
1238 3245 1368 3310 eosdem
1423 3246 1632 3328 autemipsas
1649 3245 1708 3309 sub
1726 3246 1846 3312 veteris
1857 3247 2042 3310 testamenti
2065 3246 2196 3311 nomine
2217 3248 2404 3314 censendas

393 3335 506 3416 erigat.
552 3331 607 3398 Sic
629 3333 754 3397 Paulus
777 3331 819 3394 ad
840 3332 1007 3395 Romanos
1030 3330 1074 3412 (8,
1098 3328 1167 3415 15),
1190 3351 1257 3394 non
1280 3351 1370 3397 acoe-
1423 3333 1628 3415 Augustinus
1642 3328 1666 3413 ¹)
1678 3331 1821 3413 negavit,
1840 3332 1961 3414 optime
1982 3332 2018 3395 in
2039 3353 2077 3396 eo
2099 3332 2209 3410 sensit,
2230 3354 2293 3398 neo
2310 3334 2405 3399 aliud

392 3420 495 3502 pistis,
518 3419 634 3500 inquit,
658 3418 812 3499 spiritum
830 3416 998 3480 servitutis
1018 3415 1191 3480 iterumad
1203 3416 1369 3494 timorum;
1422 3417 1527 3481 voluit
1546 3437 1646 3499 quam
1668 3416 1754 3499 quod
1775 3415 1942 3482 docemus:
1969 3417 2129 3498 siquidem
2149 3417 2192 3482 ad
2212 3418 2288 3484 illas
2309 3419 2404 3486 Iere-

392 3504 449 3569 sed
472 3505 621 3587 spiritum
644 3503 842 3585 adoptionis,
870 3524 929 3585 per
956 3522 1052 3584 quem
1074 3501 1254 3567 clamamus
1277 3502 1368 3580 abba,
1422 3503 1507 3567 miae
1525 3509 1559 3566 et
1571 3501 1668 3568 Pauli
1689 3503 1869 3567 sententias
1885 3502 2086 3585 respiciebat,
2109 3505 2164 3569 ubi
2186 3512 2283 3569 vetus
2300 3512 2405 3571 testa·

392 3598 495 3673 pater.
550 3588 626 3652 Huc
659 3588 802 3670 pertinet
834 3587 921 3669 quod
954 3586 1094 3651 habetur
1126 3585 1169 3650 ad
1199 3586 1370 3652 Hebraeos
1422 3596 1571 3671 mentum
1593 3588 1729 3652 averbo
1750 3587 1875 3670 gratiae
1897 3588 2182 3654 etmisericordiae
2195 3589 2404 3657 discernitur.

393 3675 459 3760 (12,
482 3676 552 3758 18),
580 3694 647 3736 non
676 3676 849 3739 accessisse
873 3695 961 3738 nune
980 3672 1094 3738 fideles
1116 3672 1158 3737 ad
1180 3693 1370 3756 corporeum
1422 3674 1518 3738 Istud
1539 3693 1667 3756 quoquo
1695 3671 1867 3738 scitissime
1890 3673 2003 3738 eodem
2025 3674 2094 3741 loco
2116 3676 2298 3759 subiungit,
2324 3699 2404 3759 per·

392 3767 539 3824 montem
567 3769 600 3822 et
627 3761 931 3843 incensumignem
955 3780 993 3823 ac
1014 3759 1182 3823 turbinem
1204 3766 1237 3823 et
1258 3759 1370 3841 caligi-
1422 3761 1528 3824 tinere
1550 3759 1590 3823 ab
1600 3759 1694 3822 initio
1716 3759 1830 3823 mundi
1853 3757 1896 3823 ad
1917 3781 2040 3824 uorum
2062 3768 2296 3826 testamentum
2313 3762 2402 3828 filios

393 3867 469 3908 nem
493 3854 526 3908 et
546 3844 733 3926 procellam,
756 3846 812 3910 ubi
834 3845 918 3909 nihil
940 3844 1107 3922 audiatur,
1130 3852 1188 3908 aut
1209 3844 1368 3922 videatur,
1421 3845 1652 3928 promissionis,
1675 3840 1885 3926 regeneratds
1907 3866 1927 3909 a
1948 3845 2028 3923 Deo,
2057 3847 2113 3928 qui
2133 3845 2199 3912 fide
2220 3867 2280 3929 per
2300 3847 2403 3914 dilee-

394 3931 457 3994 nisi
491 3930 576 4011 quod
608 3942 732 3994 terrore
765 3938 891 3995 mentes
923 3930 1095 4013 percellat;
1129 3929 1208 3994 adeo
1237 3938 1275 3994 ut
1300 3931 1370 4012 ipse
1422 3931 1546 3995 tionem
1568 3938 1721 4012 operante
1743 3930 1937 3995 obedierunt
1956 3930 2130 3996 mandatis.
2163 3931 2268 4015 quue
2289 3934 2325 3998 in
2343 3956 2404 4018 spe

394 4036 522 4097 quoque
544 4016 653 4079 Moses
676 4024 878 4097 expavescat,
901 4017 958 4081 ubi
979 4037 1045 4081 vox
1063 4016 1369 4094 terribilisinsonat,
1423 4037 1489 4080 non
1510 4016 1700 4094 carnalium,
1724 4025 1940 4094 terrenorum,
1963 4017 2200 4100 temporalium,
2224 4018 2283 4083 sed
2304 4020 2404 4102 spiri-
2430 4054 2434 4060 ’

394 4121 493 4184 quam
516 4098 630 4165 audire
651 4122 764 4165 omnes
787 4101 1014 4183 deprecentur;
1044 4102 1102 4167 sed
1130 4103 1303 4167 accessisse
1328 4102 1370 4166 ad
1423 4103 1569 4180 tualium,
1592 4101 1788 4180 coelestium,
1811 4108 2019 4166 aeternorum
2036 4102 2204 4183 bonorum,
2227 4105 2405 4188 praecipue

394 4193 539 4250 montem
563 4184 657 4261 Sion,
677 4194 711 4250 et
733 4186 901 4250 civitatem
920 4188 984 4251 Dei
1006 4189 1164 4265 viventis,
1190 4188 1370 4252 Ierusalem
1422 4188 1591 4254 credentes
1612 4189 1648 4252 in
1669 4187 1899 4266 mediatorem
1920 4209 1980 4270 per
1999 4210 2098 4271 quem
2119 4210 2186 4254 non
2207 4189 2406 4257 dubitarunt

394 4271 580 4349 coelestem,
604 4277 663 4335 etc.
710 4269 808 4351 Quod
829 4280 940 4336 autem
960 4274 995 4336 in
1017 4274 1180 4338 sententia
1207 4294 1306 4354 quam
1328 4295 1370 4338 ex
1423 4283 1456 4338 et
1483 4273 1636 4356 spiritum
1663 4272 1726 4339 sibi
1748 4273 1986 4351 administrari,
2017 4282 2054 4338 ut
2074 4275 2157 4340 bene
2177 4276 2336 4354 iacerent,
2366 4283 2404 4341 et

338 4387 346 4404 Ι
395 4356 765 4441 epistolaadRomanos
777 4354 983 4436 adduximus,
1006 4359 1150 4424 breviter
1163 4359 1271 4442 tangit
1281 4359 1371 4423 Pau·
1422 4361 1556 4443 ignosci,
1579 4360 1704 4441 quoties
1726 4368 1908 4440 peccarent.
1942 4359 1984 4423 Id
2006 4362 2095 4425 enim
2115 4362 2223 4444 ipsum
2239 4360 2403 4443 estquod

393 4444 461 4521 lus,
489 4444 594 4508 fusius
621 4442 776 4525 explanat
803 4441 844 4507 ad
867 4442 1005 4519 Galatas
1028 4444 1078 4528 (4,
1098 4445 1170 4525 22),
1200 4466 1300 4528 quum
1328 4444 1371 4510 ad
1423 4465 1569 4510 asserere
1590 4446 1756 4509 inanimo
1778 4444 1853 4509 biit:
1882 4444 2028 4510 eiusdem
2056 4448 2225 4513 nobiseum
2245 4445 2403 4513 benedie-

394 4530 585 4613 allegoriam
606 4529 710 4593 trahit
730 4528 810 4593 duos
831 4529 986 4594 Abrahae
1005 4530 1103 4607 filios,
1132 4530 1168 4593 in
1190 4529 1280 4596 hunc
1301 4551 1370 4595 mo-
1422 4531 1522 4611 tionis
1550 4533 1585 4595 in
1611 4538 1780 4594 aeternam
1807 4531 1946 4596 salutem
1974 4541 2141 4597 consortes
2161 4532 2261 4598 tuisse
2282 4552 2403 4599 omnes

395 4614 487 4679 dum:
517 4615 603 4697 quod
625 4617 718 4698 Agar
739 4636 834 4679 serva
855 4622 955 4698 typus
977 4616 1021 4679 sit
1041 4616 1160 4680 montis
1181 4613 1291 4693 Sinai,
1314 4616 1371 4681 ubi
1423 4625 1568 4695 sanctos,
1596 4637 1676 4698 quos
1703 4617 1743 4681 ab
1765 4616 1898 4681 exordio
1919 4618 2035 4682 mundi
2056 4618 2264 4701 peculiariter
2284 4640 2306 4683 a
2324 4616 2405 4685 Deo

393 4699 502 4782 legem
524 4701 648 4784 accepit
669 4700 808 4783 populus
826 4700 943 4780 Israel;
967 4700 1051 4766 Sara
1068 4701 1179 4779 libera,
1203 4703 1309 4783 figura
1328 4702 1372 4766 sit
1424 4702 1559 4768 selectos
1582 4703 1744 4784 scriptura
1766 4712 2006 4768 commemorat
2040 4705 2134 4770 Inter
2153 4712 2300 4770 nostram
2321 4725 2404 4790 ergo

396 4786 544 4850 coelestis
565 4786 760 4864 Ierusalem,
790 4807 895 4869 aqua
917 4786 991 4850 fluit
1011 4786 1226 4870 evangelium.
1272 4785 1370 4867 Quod
1423 4795 1456 4853 et
1477 4787 1565 4852 illius
1587 4789 1796 4870 partitionem
1818 4789 1880 4855 hoc
1901 4789 2055 4869 interest,
2086 4791 2172 4873 quod
2199 4798 2313 4857 nostra
2334 4790 2404 4874 (se-

397 4871 670 4951 quemadmodum
691 4893 801 4937 semen
825 4874 918 4955 Agar
939 4893 1071 4938 servum
1095 4873 1256 4950 nascitur,
1283 4872 1370 4954 quod
1422 4872 1567 4939 cundum
1592 4873 1685 4937 illam
1707 4873 1831 4939 Ohristi
1853 4876 2064 4941 sententiam:
2092 4877 2147 4942 lex
2169 4886 2203 4941 et
2223 4876 2405 4959 prophetae

397 4954 439 5018 ad
466 4954 702 5041 haereditatem
730 4977 901 5040 nunquam
925 4958 1112 5041 perveniat,
1154 4955 1257 5022 Sarae
1289 4958 1369 5024 libe-
1422 4980 1526 5040 usque
1548 4958 1590 5022 ad
1611 4960 1781 5038 Ioannem,
1809 4981 1852 5025 ex
1878 4982 1916 5026 eo
1943 4982 2084 5046 regnum
2106 4963 2170 5028 Dei
2194 4962 2403 5047 evangelisa-

397 5061 481 5118 mm,
510 5040 562 5104 cui
590 5041 773 5108 haereditas
801 5044 972 5123 debeatur,
1000 5045 1048 5108 ita
1068 5065 1128 5127 per
1149 5043 1257 5126 legem
1280 5042 1371 5108 addi·
1423 5052 1479 5108 tur
1502 5042 1636 5130 [Matth.
1659 5050 1711 5124 11,
1736 5044 1807 5133 13])
1835 5047 1924 5112 inter
1951 5049 2116 5132 evangelii
2138 5048 2338 5128 claritatem,
2367 5053 2405 5124 ot

397 5146 512 5191 camur
534 5125 570 5187 in
588 5129 786 5208 servitutem,
809 5151 870 5212 per
891 5130 997 5195 solum
1007 5129 1215 5213 evangelium
1228 5130 1368 5195 inliber-
1422 5130 1643 5195 obscuriorem
1664 5153 1745 5213 quae
1766 5144 1989 5214 praecesserat
2009 5135 2103 5201 verbi
2125 5133 2405 5217 dispensationem

397 5217 499 5277 tatem
510 5231 750 5294 regeneremur.
784 5214 861 5281 Huc
884 5224 994 5280 autem
1012 5237 1142 5280 summa
1158 5215 1253 5292 redit,
1276 5223 1371 5280 vetus
1423 5215 1610 5299 distinguit;
1632 5217 1735 5283 altura
1756 5219 1947 5301 simpliciter
1968 5220 2051 5304 legis
2073 5220 2274 5286 debilitatem
2296 5240 2405 5285 muer·

397 5303 632 5362 testamentum
658 5317 812 5379 pavorem
847 5321 885 5365 ac
917 5296 1169 5386 trepidationem
1195 5300 1371 5366 incussisse
1424 5303 1474 5365 nit
1494 5300 1534 5367 ab
1556 5304 1719 5387 evangelii
1740 5305 1951 5370 firmitudine.
1996 5307 2105 5388 Atque
2132 5306 2187 5371 hic
2209 5326 2339 5388 quoque
2361 5304 2406 5372 de

397 5383 602 5449 conscientiis
608 5406 616 5461 ;
643 5384 720 5448 novi
741 5384 895 5450 beneficio
916 5389 988 5459 fieri
1010 5395 1048 5452 ut
1069 5388 1104 5451 in
1126 5387 1285 5451 laetitiam
1306 5386 1371 5451 sul·
1423 5388 1544 5453 sanctis
1566 5390 1714 5471 patribus
1735 5391 1960 5456 annotandum
1978 5399 2041 5459 est:
2063 5392 2111 5456 ita
2127 5391 2188 5457 sub
2209 5391 2315 5458 veteri
2335 5398 2407 5458 tes-

396 5477 525 5534 vantur.
570 5468 659 5533 Illud
686 5469 763 5552 iugo
791 5472 958 5538 servitutis
986 5474 1198 5540 conscientias
1221 5472 1371 5537 astrictas
2081 5528 2083 5532 ,
2142 5476 2171 5524 ·’
2408 5491 2411 5499 “

397 5556 551 5631 tenuisse,
575 5555 672 5637 huius
693 5554 887 5620 liberalitate
909 5557 945 5621 in
966 5558 1152 5624 libertatem
1172 5558 1370 5622 manumitti
1425 5563 1628 5572 ““”“““

398 5636 495 5718 Quod
516 5642 544 5705 si
566 5662 608 5705 ex
627 5638 747 5725 populo
767 5640 940 5707 israelitico
961 5645 1067 5708 sancti
1083 5654 1193 5727 patres
1215 5643 1372 5709 obiiciun·
1493 5661 1523 5731 1)
1540 5663 1614 5716 Liba
1632 5661 1657 5715 3.
1676 5663 1816 5716 adsonis.
1834 5679 1857 5716 c.
1874 5661 1899 5716 4.
