<?xml version="1.0" encoding="UTF-8"?>
<!DOCTYPE html PUBLIC "-//W3C//DTD XHTML 1.0 Transitional//EN"
    "http://www.w3.org/TR/xhtml1/DTD/xhtml1-transitional.dtd">
<html xmlns="http://www.w3.org/1999/xhtml" xml:lang="en" lang="en">
 <head>
  <title>
</title>
<meta http-equiv="Content-Type" content="text/html;charset=utf-8" />
  <meta name='ocr-system' content='tesseract 3.04.00' />
  <meta name='ocr-capabilities' content='ocr_page ocr_carea ocr_par ocr_line ocrx_word'/>
</head>
<body>
  <div class='ocr_page' id='page_1' title='image "./ioanniscalvinio10calvgoog/ioanniscalvinio10calvgoog_0403.png"; bbox 0 0 5600 6809; ppageno 0'>
   <div class='ocr_carea' id='block_1_1' title="bbox 401 718 2413 822">
    <p class='ocr_par' dir='ltr' id='par_1_1' title="bbox 401 718 2413 822">
     <span class='ocr_line' id='line_1_1' title="bbox 401 718 2413 822; baseline 0.002 -4"><span class='ocrx_word' id='word_1_1' title='bbox 401 757 463 819; x_wconf 77' lang='lat' dir='ltr'><strong>aar</strong></span> <span class='ocrx_word' id='word_1_2' title='bbox 738 749 827 814; x_wconf 81' lang='lat' dir='ltr'><strong>arn.</strong></span> <span class='ocrx_word' id='word_1_3' title='bbox 850 749 911 814; x_wconf 78' lang='grc' dir='ltr'>ιι.</span> <span class='ocrx_word' id='word_1_4' title='bbox 955 747 1019 814; x_wconf 83' lang='lat' dir='ltr'><strong>nn</strong></span> <span class='ocrx_word' id='word_1_5' title='bbox 1041 746 1278 815; x_wconf 76' lang='lat' dir='ltr'><strong>arrasum</strong></span> <span class='ocrx_word' id='word_1_6' title='bbox 1302 746 1470 816; x_wconf 80' lang='lat' dir='ltr'><strong>amous</strong></span> <span class='ocrx_word' id='word_1_7' title='bbox 1495 749 1560 815; x_wconf 80' lang='lat' dir='ltr'><strong>nn</strong></span> <span class='ocrx_word' id='word_1_8' title='bbox 1584 749 1816 817; x_wconf 77' lang='lat' dir='ltr'><strong>amaran.</strong></span> <span class='ocrx_word' id='word_1_9' title='bbox 1862 718 1962 818; x_wconf 74' lang='lat' dir='ltr'><strong>car.</strong></span> <span class='ocrx_word' id='word_1_10' title='bbox 1985 750 2064 818; x_wconf 82' lang='lat' dir='ltr'><strong>vu.</strong></span> <span class='ocrx_word' id='word_1_11' title='bbox 2349 759 2413 822; x_wconf 78' lang='lat' dir='ltr'><strong>aaa</strong></span> 
     </span>
    </p>
   </div>
   <div class='ocr_carea' id='block_1_2' title="bbox 378 936 2487 5478">
    <p class='ocr_par' dir='ltr' id='par_1_2' title="bbox 378 936 2487 5478">
     <span class='ocr_line' id='line_1_2' title="bbox 401 936 2414 1028; baseline 0 -20"><span class='ocrx_word' id='word_1_12' title='bbox 401 941 577 1028; x_wconf 86' lang='lat' dir='ltr'><strong>apostolica</strong></span> <span class='ocrx_word' id='word_1_13' title='bbox 594 938 768 1006; x_wconf 87' lang='lat' dir='ltr'><strong>autoritate</strong></span> <span class='ocrx_word' id='word_1_14' title='bbox 779 936 833 1002; x_wconf 88' lang='lat' dir='ltr'><strong>vel</strong></span> <span class='ocrx_word' id='word_1_15' title='bbox 850 936 1037 1001; x_wconf 83' lang='lat' dir='ltr'>obtinerent</span> <span class='ocrx_word' id='word_1_16' title='bbox 1054 936 1193 1002; x_wconf 91' lang='lat' dir='ltr'><strong>honores</strong></span> <span class='ocrx_word' id='word_1_17' title='bbox 1211 936 1379 1002; x_wconf 89' lang='lat' dir='ltr'><strong>ecclesias·</strong></span> <span class='ocrx_word' id='word_1_18' title='bbox 1431 958 1531 1021; x_wconf 85' lang='lat' dir='ltr'><strong>penes</strong></span> <span class='ocrx_word' id='word_1_19' title='bbox 1558 958 1593 1003; x_wconf 90' lang='lat' dir='ltr'><strong>se</strong></span> <span class='ocrx_word' id='word_1_20' title='bbox 1620 956 1691 1003; x_wconf 90' lang='lat' dir='ltr'><strong>esse</strong></span> <span class='ocrx_word' id='word_1_21' title='bbox 1718 937 1904 1019; x_wconf 89' lang='lat' dir='ltr'><strong>imperandi</strong></span> <span class='ocrx_word' id='word_1_22' title='bbox 1929 945 2139 1021; x_wconf 88' lang='lat' dir='ltr'><strong>potestatem,</strong></span> <span class='ocrx_word' id='word_1_23' title='bbox 2172 941 2257 1006; x_wconf 90' lang='lat' dir='ltr'><strong>alios.</strong></span> <span class='ocrx_word' id='word_1_24' title='bbox 2278 963 2414 1010; x_wconf 84' lang='lat' dir='ltr'><strong>manere</strong></span> 
     </span>
     <span class='ocr_line' id='line_1_3' title="bbox 400 1021 2413 1102; baseline 0 -7"><span class='ocrx_word' id='word_1_25' title='bbox 400 1031 482 1095; x_wconf 83' lang='lat' dir='ltr'><strong>ticos</strong></span> <span class='ocrx_word' id='word_1_26' title='bbox 508 1026 561 1093; x_wconf 85' lang='lat' dir='ltr'><strong>vol</strong></span> <span class='ocrx_word' id='word_1_27' title='bbox 588 1024 779 1090; x_wconf 76' lang='lat' dir='ltr'><strong>retinerent:</strong></span> <span class='ocrx_word' id='word_1_28' title='bbox 808 1021 971 1099; x_wconf 74' lang='lat' dir='ltr'><strong>haudem,</strong></span> <span class='ocrx_word' id='word_1_29' title='bbox 1006 1030 1041 1086; x_wconf 92' lang='lat' dir='ltr'><strong>et</strong></span> <span class='ocrx_word' id='word_1_30' title='bbox 1069 1022 1380 1088; x_wconf 76' lang='lat' dir='ltr'><strong>circumventionem</strong></span> <span class='ocrx_word' id='word_1_31' title='bbox 1431 1022 1603 1089; x_wconf 87' lang='lat' dir='ltr'><strong>obediendi</strong></span> <span class='ocrx_word' id='word_1_32' title='bbox 1633 1023 1876 1102; x_wconf 64' lang='lat' dir='ltr'><strong>necessitatem</strong></span> <span class='ocrx_word' id='word_1_33' title='bbox 1908 1025 1955 1089; x_wconf 88' lang='lat' dir='ltr'><strong>sic</strong></span> <span class='ocrx_word' id='word_1_34' title='bbox 1981 1026 2164 1092; x_wconf 79' lang='lat' dir='ltr'><strong>sanctiones</strong></span> <span class='ocrx_word' id='word_1_35' title='bbox 2194 1048 2307 1093; x_wconf 92' lang='lat' dir='ltr'><strong>omnes</strong></span> <span class='ocrx_word' id='word_1_36' title='bbox 2335 1051 2413 1096; x_wconf 90' lang='lat' dir='ltr'><strong>suas</strong></span> 
     </span>
     <span class='ocr_line' id='line_1_4' title="bbox 401 1106 2413 1196; baseline 0 -16"><span class='ocrx_word' id='word_1_37' title='bbox 401 1123 436 1180; x_wconf 87' lang='lat' dir='ltr'><strong>et</strong></span> <span class='ocrx_word' id='word_1_38' title='bbox 465 1112 655 1179; x_wconf 85' lang='lat' dir='ltr'><strong>violentiam</strong></span> <span class='ocrx_word' id='word_1_39' title='bbox 682 1108 868 1175; x_wconf 88' lang='lat' dir='ltr'><strong>invaluisse.</strong></span> <span class='ocrx_word' id='word_1_40' title='bbox 893 1107 1008 1171; x_wconf 78' lang='lat' dir='ltr'><strong>=Eum</strong></span> <span class='ocrx_word' id='word_1_41' title='bbox 1040 1106 1207 1173; x_wconf 89' lang='lat' dir='ltr'><strong>iudicandi</strong></span> <span class='ocrx_word' id='word_1_42' title='bbox 1234 1107 1378 1188; x_wconf 90' lang='lat' dir='ltr'><strong>modum,</strong></span> <span class='ocrx_word' id='word_1_43' title='bbox 1431 1107 1599 1180; x_wconf 87' lang='lat' dir='ltr'><strong>habendas</strong></span> <span class='ocrx_word' id='word_1_44' title='bbox 1635 1130 1707 1174; x_wconf 91' lang='lat' dir='ltr'><strong>esse</strong></span> <span class='ocrx_word' id='word_1_45' title='bbox 1741 1109 1834 1191; x_wconf 89' lang='lat' dir='ltr'><strong>quasi</strong></span> <span class='ocrx_word' id='word_1_46' title='bbox 1868 1107 1981 1174; x_wconf 84' lang='lat' dir='ltr'><strong>divina</strong></span> <span class='ocrx_word' id='word_1_47' title='bbox 2013 1111 2106 1176; x_wconf 92' lang='lat' dir='ltr'><strong>Petri</strong></span> <span class='ocrx_word' id='word_1_48' title='bbox 2138 1132 2218 1178; x_wconf 89' lang='lat' dir='ltr'><strong>voce</strong></span> <span class='ocrx_word' id='word_1_49' title='bbox 2248 1114 2413 1196; x_wconf 81' lang='lat' dir='ltr'><strong>firmatas3</strong></span> 
     </span>
     <span class='ocr_line' id='line_1_5' title="bbox 401 1193 2413 1285; baseline 0 -21"><span class='ocrx_word' id='word_1_50' title='bbox 401 1201 457 1285; x_wconf 90' lang='lat' dir='ltr'><strong>qui</strong></span> <span class='ocrx_word' id='word_1_51' title='bbox 484 1207 565 1262; x_wconf 89' lang='lat' dir='ltr'><strong>tunc</strong></span> <span class='ocrx_word' id='word_1_52' title='bbox 593 1197 734 1261; x_wconf 86' lang='lat' dir='ltr'><strong>usitatus</strong></span> <span class='ocrx_word' id='word_1_53' title='bbox 756 1201 840 1272; x_wconf 89' lang='lat' dir='ltr'><strong>orat,</strong></span> <span class='ocrx_word' id='word_1_54' title='bbox 863 1193 1096 1258; x_wconf 84' lang='lat' dir='ltr'><strong>exsecrabilem</strong></span> <span class='ocrx_word' id='word_1_55' title='bbox 1118 1214 1189 1258; x_wconf 91' lang='lat' dir='ltr'><strong>esse</strong></span> <span class='ocrx_word' id='word_1_56' title='bbox 1210 1193 1296 1272; x_wconf 89' lang='lat' dir='ltr'><strong>dicit,</strong></span> <span class='ocrx_word' id='word_1_57' title='bbox 1319 1215 1379 1259; x_wconf 93' lang='lat' dir='ltr'><strong>neo</strong></span> <span class='ocrx_word' id='word_1_58' title='bbox 1432 1195 1648 1277; x_wconf 79' lang='lat' dir='ltr'><strong>provinciales</strong></span> <span class='ocrx_word' id='word_1_59' title='bbox 1670 1193 1819 1278; x_wconf 84' lang='lat' dir='ltr'><strong>synodos,</strong></span> <span class='ocrx_word' id='word_1_60' title='bbox 1843 1197 1921 1276; x_wconf 89' lang='lat' dir='ltr'><strong>quia</strong></span> <span class='ocrx_word' id='word_1_61' title='bbox 1937 1217 2042 1278; x_wconf 90' lang='lat' dir='ltr'><strong>papae</strong></span> <span class='ocrx_word' id='word_1_62' title='bbox 2063 1217 2131 1261; x_wconf 92' lang='lat' dir='ltr'><strong>non</strong></span> <span class='ocrx_word' id='word_1_63' title='bbox 2152 1197 2295 1262; x_wconf 81' lang='lat' dir='ltr'><strong>habeant</strong></span> <span class='ocrx_word' id='word_1_64' title='bbox 2316 1221 2413 1282; x_wconf 87' lang='lat' dir='ltr'><strong>prae-</strong></span> 
     </span>
     <span class='ocr_line' id='line_1_6' title="bbox 400 1278 2412 1372; baseline 0 -21"><span class='ocrx_word' id='word_1_65' title='bbox 400 1285 495 1351; x_wconf 91' lang='lat' dir='ltr'><strong>modo</strong></span> <span class='ocrx_word' id='word_1_66' title='bbox 513 1282 667 1349; x_wconf 89' lang='lat' dir='ltr'><strong>ecclesiae</strong></span> <span class='ocrx_word' id='word_1_67' title='bbox 688 1280 745 1346; x_wconf 89' lang='lat' dir='ltr'><strong>sed</strong></span> <span class='ocrx_word' id='word_1_68' title='bbox 767 1281 836 1344; x_wconf 87' lang='lat' dir='ltr'><strong>foro</strong></span> <span class='ocrx_word' id='word_1_69' title='bbox 858 1278 1057 1344; x_wconf 90' lang='lat' dir='ltr'><strong>indecorum.</strong></span> <span class='ocrx_word' id='word_1_70' title='bbox 1101 1278 1233 1344; x_wconf 83' lang='lat' dir='ltr'><strong>Clamat</strong></span> <span class='ocrx_word' id='word_1_71' title='bbox 1248 1280 1381 1363; x_wconf 87' lang='lat' dir='ltr'><strong>plenam</strong></span> <span class='ocrx_word' id='word_1_72' title='bbox 1405 1346 1407 1372; x_wconf 42' lang='grc' dir='ltr'>ἰ</span> <span class='ocrx_word' id='word_1_73' title='bbox 1433 1282 1582 1361; x_wconf 90' lang='lat' dir='ltr'><strong>sentiam,</strong></span> <span class='ocrx_word' id='word_1_74' title='bbox 1611 1281 1724 1364; x_wconf 82' lang='lat' dir='ltr'><strong>vigore</strong></span> <span class='ocrx_word' id='word_1_75' title='bbox 1752 1302 1877 1359; x_wconf 91' lang='lat' dir='ltr'><strong>carore;</strong></span> <span class='ocrx_word' id='word_1_76' title='bbox 1905 1302 1940 1346; x_wconf 91' lang='lat' dir='ltr'><strong>se</strong></span> <span class='ocrx_word' id='word_1_77' title='bbox 1966 1303 2060 1363; x_wconf 89' lang='lat' dir='ltr'><strong>posse</strong></span> <span class='ocrx_word' id='word_1_78' title='bbox 2082 1281 2123 1346; x_wconf 89' lang='lat' dir='ltr'><strong>de</strong></span> <span class='ocrx_word' id='word_1_79' title='bbox 2146 1282 2290 1365; x_wconf 89' lang='lat' dir='ltr'><strong>qualibet</strong></span> <span class='ocrx_word' id='word_1_80' title='bbox 2309 1285 2412 1351; x_wconf 90' lang='lat' dir='ltr'><strong>eccle-</strong></span> 
     </span>
     <span class='ocr_line' id='line_1_7' title="bbox 401 1365 2411 1451; baseline 0 -16"><span class='ocrx_word' id='word_1_81' title='bbox 401 1392 471 1437; x_wconf 90' lang='lat' dir='ltr'><strong>esse</strong></span> <span class='ocrx_word' id='word_1_82' title='bbox 498 1368 678 1433; x_wconf 84' lang='lat' dir='ltr'><strong>ambitiosis</strong></span> <span class='ocrx_word' id='word_1_83' title='bbox 703 1366 887 1442; x_wconf 88' lang='lat' dir='ltr'><strong>ecclesiam,</strong></span> <span class='ocrx_word' id='word_1_84' title='bbox 915 1385 977 1429; x_wconf 93' lang='lat' dir='ltr'><strong>nec</strong></span> <span class='ocrx_word' id='word_1_85' title='bbox 1004 1385 1075 1429; x_wconf 86' lang='lat' dir='ltr'><strong>ease</strong></span> <span class='ocrx_word' id='word_1_86' title='bbox 1105 1365 1161 1448; x_wconf 91' lang='lat' dir='ltr'><strong>qui</strong></span> <span class='ocrx_word' id='word_1_87' title='bbox 1187 1366 1292 1449; x_wconf 88' lang='lat' dir='ltr'><strong>magis</strong></span> <span class='ocrx_word' id='word_1_88' title='bbox 1322 1388 1379 1430; x_wconf 83' lang='lat' dir='ltr'><strong>er·</strong></span> <span class='ocrx_word' id='word_1_89' title='bbox 1433 1368 1481 1431; x_wconf 91' lang='lat' dir='ltr'><strong>sia</strong></span> <span class='ocrx_word' id='word_1_90' title='bbox 1507 1367 1641 1433; x_wconf 90' lang='lat' dir='ltr'><strong>clericos</strong></span> <span class='ocrx_word' id='word_1_91' title='bbox 1668 1365 1834 1443; x_wconf 88' lang='lat' dir='ltr'><strong>ordinare,</strong></span> <span class='ocrx_word' id='word_1_92' title='bbox 1854 1375 1897 1430; x_wconf 90' lang='lat' dir='ltr'><strong>-et</strong></span> <span class='ocrx_word' id='word_1_93' title='bbox 1915 1368 1978 1448; x_wconf 91' lang='lat' dir='ltr'><strong>qui</strong></span> <span class='ocrx_word' id='word_1_94' title='bbox 2006 1367 2083 1431; x_wconf 91' lang='lat' dir='ltr'><strong>alibi</strong></span> <span class='ocrx_word' id='word_1_95' title='bbox 2110 1369 2235 1433; x_wconf 83' lang='lat' dir='ltr'><strong>fuerint</strong></span> <span class='ocrx_word' id='word_1_96' title='bbox 2261 1369 2411 1451; x_wconf 91' lang='lat' dir='ltr'><strong>ordinati,</strong></span> 
     </span>
     <span class='ocr_line' id='line_1_8' title="bbox 401 1450 2412 1538; baseline 0 -15"><span class='ocrx_word' id='word_1_97' title='bbox 401 1457 535 1523; x_wconf 89' lang='lat' dir='ltr'><strong>horreat</strong></span> <span class='ocrx_word' id='word_1_98' title='bbox 552 1453 884 1538; x_wconf 89' lang='lat' dir='ltr'><strong>flagitia&#39;perpetrare</strong></span> <span class='ocrx_word' id='word_1_99' title='bbox 903 1471 1002 1533; x_wconf 90' lang='lat' dir='ltr'><strong>quam</strong></span> <span class='ocrx_word' id='word_1_100' title='bbox 1019 1450 1163 1515; x_wconf 90' lang='lat' dir='ltr'><strong>latrones</strong></span> <span class='ocrx_word' id='word_1_101' title='bbox 1185 1451 1222 1513; x_wconf 91' lang='lat' dir='ltr'><strong>in</strong></span> <span class='ocrx_word' id='word_1_102' title='bbox 1244 1451 1379 1534; x_wconf 87' lang='lat' dir='ltr'><strong>spelun·</strong></span> <span class='ocrx_word' id='word_1_103' title='bbox 1432 1474 1486 1518; x_wconf 90' lang='lat' dir='ltr'><strong>eos</strong></span> <span class='ocrx_word' id='word_1_104' title='bbox 1514 1474 1607 1535; x_wconf 92' lang='lat' dir='ltr'><strong>posse</strong></span> <span class='ocrx_word' id='word_1_105' title='bbox 1636 1452 1678 1517; x_wconf 91' lang='lat' dir='ltr'><strong>ad</strong></span> <span class='ocrx_word' id='word_1_106' title='bbox 1704 1452 1814 1517; x_wconf 90' lang='lat' dir='ltr'><strong>sedem</strong></span> <span class='ocrx_word' id='word_1_107' title='bbox 1841 1473 1934 1517; x_wconf 89' lang='lat' dir='ltr'><strong>suam</strong></span> <span class='ocrx_word' id='word_1_108' title='bbox 1962 1473 2088 1518; x_wconf 88' lang='lat' dir='ltr'><strong>vocare.</strong></span> <span class='ocrx_word' id='word_1_109' title='bbox 2132 1454 2313 1520; x_wconf 91' lang='lat' dir='ltr'><strong>Innumera</strong></span> <span class='ocrx_word' id='word_1_110' title='bbox 2341 1458 2412 1523; x_wconf 92' lang='lat' dir='ltr'><strong>eius</strong></span> 
     </span>
     <span class='ocr_line' id='line_1_9' title="bbox 401 1534 2411 1625; baseline -0 -17"><span class='ocrx_word' id='word_1_111' title='bbox 401 1564 440 1608; x_wconf 91' lang='lat' dir='ltr'><strong>ca</strong></span> <span class='ocrx_word' id='word_1_112' title='bbox 472 1562 573 1625; x_wconf 92' lang='lat' dir='ltr'><strong>quum</strong></span> <span class='ocrx_word' id='word_1_113' title='bbox 601 1538 703 1622; x_wconf 82' lang='lat' dir='ltr'><strong>spolia</strong></span> <span class='ocrx_word' id='word_1_114' title='bbox 729 1539 894 1603; x_wconf 87' lang='lat' dir='ltr'><strong>viatorum</strong></span> <span class='ocrx_word' id='word_1_115' title='bbox 923 1534 1132 1600; x_wconf 85' lang='lat' dir='ltr'><strong>distribuunt</strong></span> <span class='ocrx_word' id='word_1_116' title='bbox 1185 1537 1298 1615; x_wconf 89' lang='lat' dir='ltr'><strong>Pauci,</strong></span> <span class='ocrx_word' id='word_1_117' title='bbox 1327 1537 1379 1601; x_wconf 86' lang='lat' dir='ltr'><strong>in-</strong></span> <span class='ocrx_word' id='word_1_118' title='bbox 1432 1540 1561 1622; x_wconf 86' lang='lat' dir='ltr'><strong>gcneris</strong></span> <span class='ocrx_word' id='word_1_119' title='bbox 1589 1538 1755 1603; x_wconf 84' lang='lat' dir='ltr'><strong>habentur</strong></span> <span class='ocrx_word' id='word_1_120' title='bbox 1781 1538 1816 1601; x_wconf 93' lang='lat' dir='ltr'><strong>in</strong></span> <span class='ocrx_word' id='word_1_121' title='bbox 1844 1539 2009 1622; x_wconf 82' lang='lat' dir='ltr'><strong>farragine</strong></span> <span class='ocrx_word' id='word_1_122' title='bbox 2037 1538 2204 1618; x_wconf 87' lang='lat' dir='ltr'><strong>Gratiani,</strong></span> <span class='ocrx_word' id='word_1_123' title='bbox 2234 1562 2317 1623; x_wconf 92' lang='lat' dir='ltr'><strong>quae</strong></span> <span class='ocrx_word' id='word_1_124' title='bbox 2345 1564 2411 1607; x_wconf 92' lang='lat' dir='ltr'><strong>non</strong></span> 
     </span>
     <span class='ocr_line' id='line_1_10' title="bbox 402 1621 2412 1711; baseline 0 -19"><span class='ocrx_word' id='word_1_125' title='bbox 402 1629 482 1711; x_wconf 87' lang='lat' dir='ltr'><strong>quit,</strong></span> <span class='ocrx_word' id='word_1_126' title='bbox 498 1626 521 1709; x_wconf 91' lang='lat'><strong>¹)</strong></span> <span class='ocrx_word' id='word_1_127' title='bbox 550 1625 592 1691; x_wconf 92' lang='lat' dir='ltr'><strong>ad</strong></span> <span class='ocrx_word' id='word_1_128' title='bbox 620 1646 656 1690; x_wconf 91' lang='lat' dir='ltr'><strong>os</strong></span> <span class='ocrx_word' id='word_1_129' title='bbox 683 1622 894 1706; x_wconf 79' lang='lat' dir='ltr'><strong>legislatoris,</strong></span> <span class='ocrx_word' id='word_1_130' title='bbox 923 1621 966 1686; x_wconf 91' lang='lat' dir='ltr'><strong>ad</strong></span> <span class='ocrx_word' id='word_1_131' title='bbox 994 1642 1111 1687; x_wconf 87' lang='lat' dir='ltr'><strong>manus</strong></span> <span class='ocrx_word' id='word_1_132' title='bbox 1140 1643 1254 1687; x_wconf 91' lang='lat' dir='ltr'><strong>omnes</strong></span> <span class='ocrx_word' id='word_1_133' title='bbox 1276 1623 1378 1705; x_wconf 88' lang='lat' dir='ltr'><strong>respi·</strong></span> <span class='ocrx_word' id='word_1_134' title='bbox 1431 1645 1592 1702; x_wconf 90' lang='lat' dir='ltr'><strong>recenseo,</strong></span> <span class='ocrx_word' id='word_1_135' title='bbox 1614 1646 1656 1689; x_wconf 91' lang='lat' dir='ltr'><strong>ne</strong></span> <span class='ocrx_word' id='word_1_136' title='bbox 1678 1623 1777 1689; x_wconf 91' lang='lat' dir='ltr'><strong>nimis</strong></span> <span class='ocrx_word' id='word_1_137' title='bbox 1795 1624 1950 1689; x_wconf 90' lang='lat' dir='ltr'><strong>molestus</strong></span> <span class='ocrx_word' id='word_1_138' title='bbox 1972 1624 2034 1688; x_wconf 91' lang='lat' dir='ltr'><strong>sim</strong></span> <span class='ocrx_word' id='word_1_139' title='bbox 2052 1624 2235 1691; x_wconf 89' lang='lat' dir='ltr'><strong>lectoribus.</strong></span> <span class='ocrx_word' id='word_1_140' title='bbox 2272 1623 2412 1694; x_wconf 82' lang='lat' dir='ltr'><strong>Summa</strong></span> 
     </span>
     <span class='ocr_line' id='line_1_11' title="bbox 400 1707 2409 1792; baseline -0 -13"><span class='ocrx_word' id='word_1_141' title='bbox 400 1715 497 1779; x_wconf 89' lang='lat' dir='ltr'><strong>ciunt.</strong></span> <span class='ocrx_word' id='word_1_142' title='bbox 536 1711 612 1775; x_wconf 91' lang='lat' dir='ltr'><strong>Non</strong></span> <span class='ocrx_word' id='word_1_143' title='bbox 629 1710 793 1774; x_wconf 91' lang='lat' dir='ltr'><strong>immerito</strong></span> <span class='ocrx_word' id='word_1_144' title='bbox 809 1716 934 1772; x_wconf 90' lang='lat' dir='ltr'><strong>tamen:</strong></span> <span class='ocrx_word' id='word_1_145' title='bbox 957 1729 1053 1773; x_wconf 91' lang='lat' dir='ltr'><strong>omne</strong></span> <span class='ocrx_word' id='word_1_146' title='bbox 1071 1707 1187 1791; x_wconf 87' lang='lat' dir='ltr'><strong>papale</strong></span> <span class='ocrx_word' id='word_1_147' title='bbox 1209 1710 1378 1792; x_wconf 86' lang='lat' dir='ltr'><strong>negotium</strong></span> <span class='ocrx_word' id='word_1_148' title='bbox 1431 1718 1543 1775; x_wconf 89' lang='lat' dir='ltr'><strong>tamen</strong></span> <span class='ocrx_word' id='word_1_149' title='bbox 1565 1710 1631 1774; x_wconf 92' lang='lat' dir='ltr'><strong>huo</strong></span> <span class='ocrx_word' id='word_1_150' title='bbox 1657 1709 1752 1788; x_wconf 89' lang='lat' dir='ltr'><strong>redit,</strong></span> <span class='ocrx_word' id='word_1_151' title='bbox 1779 1730 1879 1792; x_wconf 88' lang='lat' dir='ltr'><strong>penes</strong></span> <span class='ocrx_word' id='word_1_152' title='bbox 1902 1731 2005 1774; x_wconf 92' lang='lat' dir='ltr'><strong>unum</strong></span> <span class='ocrx_word' id='word_1_153' title='bbox 2029 1711 2218 1792; x_wconf 90' lang='lat' dir='ltr'><strong>pontificem</strong></span> <span class='ocrx_word' id='word_1_154' title='bbox 2236 1732 2409 1778; x_wconf 89' lang='lat' dir='ltr'><strong>romanum</strong></span> 
     </span>
     <span class='ocr_line' id='line_1_12' title="bbox 399 1792 2409 1881; baseline 0 -17"><span class='ocrx_word' id='word_1_155' title='bbox 399 1800 476 1864; x_wconf 90' lang='lat' dir='ltr'><strong>illae</strong></span> <span class='ocrx_word' id='word_1_156' title='bbox 497 1808 609 1881; x_wconf 88' lang='lat' dir='ltr'><strong>agunt.</strong></span> <span class='ocrx_word' id='word_1_157' title='bbox 654 1794 761 1876; x_wconf 82' lang='lat' dir='ltr'><strong>Quale</strong></span> <span class='ocrx_word' id='word_1_158' title='bbox 782 1803 833 1858; x_wconf 90' lang='lat' dir='ltr'><strong>est</strong></span> <span class='ocrx_word' id='word_1_159' title='bbox 854 1792 941 1875; x_wconf 90' lang='lat' dir='ltr'><strong>quod</strong></span> <span class='ocrx_word' id='word_1_160' title='bbox 964 1792 1004 1857; x_wconf 93' lang='lat' dir='ltr'><strong>de</strong></span> <span class='ocrx_word' id='word_1_161' title='bbox 1033 1794 1146 1876; x_wconf 89' lang='lat' dir='ltr'><strong>spoliis</strong></span> <span class='ocrx_word' id='word_1_162' title='bbox 1167 1794 1378 1860; x_wconf 90' lang='lat' dir='ltr'><strong>ecclesiarum</strong></span> <span class='ocrx_word' id='word_1_163' title='bbox 1430 1817 1500 1862; x_wconf 85' lang='lat' dir='ltr'><strong>esse</strong></span> <span class='ocrx_word' id='word_1_164' title='bbox 1528 1817 1715 1879; x_wconf 84' lang='lat' dir='ltr'><strong>supremam</strong></span> <span class='ocrx_word' id='word_1_165' title='bbox 1742 1795 2035 1860; x_wconf 87' lang='lat' dir='ltr'><strong>ecclesiasticarum</strong></span> <span class='ocrx_word' id='word_1_166' title='bbox 2061 1797 2208 1861; x_wconf 91' lang='lat' dir='ltr'><strong>omnium</strong></span> <span class='ocrx_word' id='word_1_167' title='bbox 2236 1817 2409 1864; x_wconf 80' lang='lat' dir='ltr'><strong>camarum</strong></span> 
     </span>
     <span class='ocr_line' id='line_1_13' title="bbox 399 1879 2409 1965; baseline 0 -15"><span class='ocrx_word' id='word_1_168' title='bbox 399 1891 568 1960; x_wconf 89' lang='lat' dir='ltr'><strong>emuntur,</strong></span> <span class='ocrx_word' id='word_1_169' title='bbox 604 1882 660 1964; x_wconf 91' lang='lat' dir='ltr'><strong>qui</strong></span> <span class='ocrx_word' id='word_1_170' title='bbox 692 1880 806 1945; x_wconf 90' lang='lat' dir='ltr'><strong>dicunt</strong></span> <span class='ocrx_word' id='word_1_171' title='bbox 833 1880 909 1957; x_wconf 91' lang='lat' dir='ltr'><strong>tibi,</strong></span> <span class='ocrx_word' id='word_1_172' title='bbox 938 1900 1035 1961; x_wconf 86' lang='lat' dir='ltr'><strong>euge,</strong></span> <span class='ocrx_word' id='word_1_173' title='bbox 1063 1879 1167 1964; x_wconf 82' lang='lat' dir='ltr'><strong>euge?</strong></span> <span class='ocrx_word' id='word_1_174' title='bbox 1196 1901 1378 1963; x_wconf 90' lang='lat' dir='ltr'><strong>pauperum</strong></span> <span class='ocrx_word' id='word_1_175' title='bbox 1430 1881 1660 1965; x_wconf 87' lang='lat' dir='ltr'><strong>cognitionem,</strong></span> <span class='ocrx_word' id='word_1_176' title='bbox 1683 1882 1804 1946; x_wconf 87' lang='lat' dir='ltr'><strong>sivein</strong></span> <span class='ocrx_word' id='word_1_177' title='bbox 1823 1880 2039 1946; x_wconf 90' lang='lat' dir='ltr'><strong>diiudicandis</strong></span> <span class='ocrx_word' id='word_1_178' title='bbox 2057 1880 2311 1964; x_wconf 87' lang='lat' dir='ltr'><strong>definiendisque</strong></span> <span class='ocrx_word' id='word_1_179' title='bbox 2334 1884 2409 1950; x_wconf 89' lang='lat' dir='ltr'><strong>doc-</strong></span> 
     </span>
     <span class='ocr_line' id='line_1_14' title="bbox 399 1964 2408 2116; baseline -0.001 -80"><span class='ocrx_word' id='word_1_180' title='bbox 399 1972 470 2036; x_wconf 80' lang='lat' dir='ltr'><strong>rita</strong></span> <span class='ocrx_word' id='word_1_181' title='bbox 496 1971 529 2033; x_wconf 93' lang='lat' dir='ltr'><strong>in</strong></span> <span class='ocrx_word' id='word_1_182' title='bbox 551 1967 669 2052; x_wconf 86' lang='lat' dir='ltr'><strong>plateis</strong></span> <span class='ocrx_word' id='word_1_183' title='bbox 696 1966 837 2031; x_wconf 87' lang='lat' dir='ltr'><strong>divitum</strong></span> <span class='ocrx_word' id='word_1_184' title='bbox 859 1965 1055 2045; x_wconf 87' lang='lat' dir='ltr'><strong>seminatur;</strong></span> <span class='ocrx_word' id='word_1_185' title='bbox 1082 1973 1258 2116; x_wconf 47' lang='lat' dir='ltr'><strong>arqentum</strong></span> <span class='ocrx_word' id='word_1_186' title='bbox 1278 1968 1379 2031; x_wconf 90' lang='lat' dir='ltr'><strong>micat</strong></span> <span class='ocrx_word' id='word_1_187' title='bbox 1430 1968 1537 2045; x_wconf 88' lang='lat' dir='ltr'><strong>trinis,</strong></span> <span class='ocrx_word' id='word_1_188' title='bbox 1559 1968 1628 2033; x_wconf 86' lang='lat' dir='ltr'><strong>sive</strong></span> <span class='ocrx_word' id='word_1_189' title='bbox 1650 1968 1686 2030; x_wconf 91' lang='lat' dir='ltr'><strong>in</strong></span> <span class='ocrx_word' id='word_1_190' title='bbox 1706 1964 1850 2031; x_wconf 88' lang='lat' dir='ltr'><strong>ferendis</strong></span> <span class='ocrx_word' id='word_1_191' title='bbox 1871 1967 2008 2049; x_wconf 86' lang='lat' dir='ltr'><strong>legibus,</strong></span> <span class='ocrx_word' id='word_1_192' title='bbox 2032 1967 2101 2032; x_wconf 87' lang='lat' dir='ltr'><strong>sive</strong></span> <span class='ocrx_word' id='word_1_193' title='bbox 2123 1968 2157 2031; x_wconf 93' lang='lat' dir='ltr'><strong>in</strong></span> <span class='ocrx_word' id='word_1_194' title='bbox 2179 1969 2408 2034; x_wconf 90' lang='lat' dir='ltr'><strong>constituenda</strong></span> 
     </span>
     <span class='ocr_line' id='line_1_15' title="bbox 398 2049 2408 2139; baseline -0 -19"><span class='ocrx_word' id='word_1_195' title='bbox 398 2057 436 2120; x_wconf 93' lang='lat' dir='ltr'><strong>in</strong></span> <span class='ocrx_word' id='word_1_196' title='bbox 456 2056 542 2132; x_wconf 72' lang='lat' dir='ltr'><strong>luto,</strong></span> <span class='ocrx_word' id='word_1_197' title='bbox 570 2053 752 2118; x_wconf 89' lang='lat' dir='ltr'><strong>accurritur</strong></span> <span class='ocrx_word' id='word_1_198' title='bbox 774 2049 930 2132; x_wconf 92' lang='lat' dir='ltr'><strong>undique;</strong></span> <span class='ocrx_word' id='word_1_199' title='bbox 960 2051 1045 2115; x_wconf 92' lang='lat' dir='ltr'><strong>tollit</strong></span> <span class='ocrx_word' id='word_1_200' title='bbox 1061 2051 1120 2116; x_wconf 91' lang='lat' dir='ltr'><strong>illu</strong></span> <span class='ocrx_word' id='word_1_201' title='bbox 1165 2072 1234 2116; x_wconf 91' lang='lat' dir='ltr'><strong>non</strong></span> <span class='ocrx_word' id='word_1_202' title='bbox 1255 2073 1377 2135; x_wconf 89' lang='lat' dir='ltr'><strong>paupe·</strong></span> <span class='ocrx_word' id='word_1_203' title='bbox 1430 2052 1617 2135; x_wconf 87' lang='lat' dir='ltr'><strong>disciplina,</strong></span> <span class='ocrx_word' id='word_1_204' title='bbox 1646 2053 1716 2118; x_wconf 86' lang='lat' dir='ltr'><strong>sive</strong></span> <span class='ocrx_word' id='word_1_205' title='bbox 1750 2053 1786 2116; x_wconf 94' lang='lat' dir='ltr'><strong>in</strong></span> <span class='ocrx_word' id='word_1_206' title='bbox 1818 2052 2009 2117; x_wconf 85' lang='lat' dir='ltr'><strong>exercendis</strong></span> <span class='ocrx_word' id='word_1_207' title='bbox 2042 2051 2177 2117; x_wconf 88' lang='lat' dir='ltr'><strong>iudiciis.</strong></span> <span class='ocrx_word' id='word_1_208' title='bbox 2227 2054 2408 2139; x_wconf 85' lang='lat' dir='ltr'><strong>Pririlegia</strong></span> 
     </span>
     <span class='ocr_line' id='line_1_16' title="bbox 399 2136 2407 2222; baseline -0.001 -16"><span class='ocrx_word' id='word_1_209' title='bbox 399 2143 474 2221; x_wconf 90' lang='lat' dir='ltr'><strong>rior,</strong></span> <span class='ocrx_word' id='word_1_210' title='bbox 503 2140 561 2205; x_wconf 92' lang='lat' dir='ltr'><strong>sed</strong></span> <span class='ocrx_word' id='word_1_211' title='bbox 581 2140 704 2217; x_wconf 85' lang='lat' dir='ltr'><strong>fortior,</strong></span> <span class='ocrx_word' id='word_1_212' title='bbox 732 2147 789 2203; x_wconf 88' lang='lat' dir='ltr'><strong>aut</strong></span> <span class='ocrx_word' id='word_1_213' title='bbox 810 2136 866 2219; x_wconf 90' lang='lat' dir='ltr'><strong>qui</strong></span> <span class='ocrx_word' id='word_1_214' title='bbox 887 2137 970 2201; x_wconf 83' lang='lat' dir='ltr'><strong>forte</strong></span> <span class='ocrx_word' id='word_1_215' title='bbox 992 2139 1088 2203; x_wconf 92' lang='lat' dir='ltr'><strong>citius</strong></span> <span class='ocrx_word' id='word_1_216' title='bbox 1110 2139 1300 2221; x_wconf 87' lang='lat' dir='ltr'><strong>praecurrit.</strong></span> <span class='ocrx_word' id='word_1_217' title='bbox 1345 2139 1378 2202; x_wconf 87' lang='lat' dir='ltr'>A</span> <span class='ocrx_word' id='word_1_218' title='bbox 1429 2141 1556 2222; x_wconf 83' lang='lat' dir='ltr'><strong>quoque</strong></span> <span class='ocrx_word' id='word_1_219' title='bbox 1577 2160 1660 2221; x_wconf 90' lang='lat' dir='ltr'><strong>quae</strong></span> <span class='ocrx_word' id='word_1_220' title='bbox 1682 2138 1745 2203; x_wconf 93' lang='lat' dir='ltr'><strong>sibi</strong></span> <span class='ocrx_word' id='word_1_221' title='bbox 1766 2147 1902 2203; x_wconf 89' lang='lat' dir='ltr'><strong>sumunt</strong></span> <span class='ocrx_word' id='word_1_222' title='bbox 1922 2139 1959 2202; x_wconf 93' lang='lat' dir='ltr'><strong>in</strong></span> <span class='ocrx_word' id='word_1_223' title='bbox 1977 2139 2261 2217; x_wconf 84' lang='lat' dir='ltr'><strong>reservationibus,</strong></span> <span class='ocrx_word' id='word_1_224' title='bbox 2284 2150 2323 2203; x_wconf 92' lang='lat' dir='ltr'><strong>ut</strong></span> <span class='ocrx_word' id='word_1_225' title='bbox 2349 2162 2407 2205; x_wconf 88' lang='lat' dir='ltr'><strong>vo·</strong></span> 
     </span>
     <span class='ocr_line' id='line_1_17' title="bbox 397 2223 2405 2309; baseline -0.001 -17"><span class='ocrx_word' id='word_1_226' title='bbox 397 2238 431 2292; x_wconf 86' lang='lat' dir='ltr'><strong>te</strong></span> <span class='ocrx_word' id='word_1_227' title='bbox 452 2236 564 2291; x_wconf 90' lang='lat' dir='ltr'><strong>tamon</strong></span> <span class='ocrx_word' id='word_1_228' title='bbox 586 2245 656 2289; x_wconf 92' lang='lat' dir='ltr'><strong>mos</strong></span> <span class='ocrx_word' id='word_1_229' title='bbox 677 2225 748 2301; x_wconf 87' lang='lat' dir='ltr'><strong>iste,</strong></span> <span class='ocrx_word' id='word_1_230' title='bbox 771 2223 823 2288; x_wconf 89' lang='lat' dir='ltr'><strong>vel</strong></span> <span class='ocrx_word' id='word_1_231' title='bbox 845 2223 953 2305; x_wconf 88' lang='lat' dir='ltr'><strong>potius</strong></span> <span class='ocrx_word' id='word_1_232' title='bbox 974 2245 1063 2289; x_wconf 92' lang='lat' dir='ltr'><strong>mors</strong></span> <span class='ocrx_word' id='word_1_233' title='bbox 1084 2224 1157 2302; x_wconf 87' lang='lat' dir='ltr'><strong>ista,</strong></span> <span class='ocrx_word' id='word_1_234' title='bbox 1179 2244 1247 2287; x_wconf 95' lang='lat' dir='ltr'><strong>non</strong></span> <span class='ocrx_word' id='word_1_235' title='bbox 1268 2226 1375 2290; x_wconf 82' lang='lat' dir='ltr'><strong>vonit:</strong></span> <span class='ocrx_word' id='word_1_236' title='bbox 1430 2235 1521 2302; x_wconf 73' lang='lat' dir='ltr'><strong>emt,</strong></span> <span class='ocrx_word' id='word_1_237' title='bbox 1552 2232 1586 2289; x_wconf 92' lang='lat' dir='ltr'><strong>et</strong></span> <span class='ocrx_word' id='word_1_238' title='bbox 1613 2224 1750 2309; x_wconf 87' lang='lat' dir='ltr'><strong>longum</strong></span> <span class='ocrx_word' id='word_1_239' title='bbox 1777 2235 1863 2289; x_wconf 88' lang='lat' dir='ltr'><strong>esset</strong></span> <span class='ocrx_word' id='word_1_240' title='bbox 1889 2244 2060 2289; x_wconf 89' lang='lat' dir='ltr'><strong>recensere</strong></span> <span class='ocrx_word' id='word_1_241' title='bbox 2090 2233 2124 2288; x_wconf 92' lang='lat' dir='ltr'><strong>et</strong></span> <span class='ocrx_word' id='word_1_242' title='bbox 2156 2245 2405 2306; x_wconf 83' lang='lat' dir='ltr'><strong>supervacuum.</strong></span> 
     </span>
     <span class='ocr_line' id='line_1_18' title="bbox 398 2309 2407 2392; baseline -0 -15"><span class='ocrx_word' id='word_1_243' title='bbox 398 2313 526 2377; x_wconf 90' lang='lat' dir='ltr'><strong>utinam</strong></span> <span class='ocrx_word' id='word_1_244' title='bbox 553 2312 590 2375; x_wconf 91' lang='lat' dir='ltr'><strong>in</strong></span> <span class='ocrx_word' id='word_1_245' title='bbox 617 2319 651 2375; x_wconf 92' lang='lat' dir='ltr'><strong>tc</strong></span> <span class='ocrx_word' id='word_1_246' title='bbox 673 2309 808 2375; x_wconf 88' lang='lat' dir='ltr'><strong>desinat.</strong></span> <span class='ocrx_word' id='word_1_247' title='bbox 854 2309 947 2373; x_wconf 89' lang='lat' dir='ltr'><strong>Inter</strong></span> <span class='ocrx_word' id='word_1_248' title='bbox 968 2310 1050 2375; x_wconf 88' lang='lat' dir='ltr'><strong>haec</strong></span> <span class='ocrx_word' id='word_1_249' title='bbox 1072 2317 1108 2374; x_wconf 91' lang='lat' dir='ltr'><strong>tu</strong></span> <span class='ocrx_word' id='word_1_250' title='bbox 1129 2317 1243 2392; x_wconf 90' lang='lat' dir='ltr'><strong>pastor</strong></span> <span class='ocrx_word' id='word_1_251' title='bbox 1287 2331 1377 2376; x_wconf 90' lang='lat' dir='ltr'><strong>rooe-</strong></span> <span class='ocrx_word' id='word_1_252' title='bbox 1431 2310 1527 2392; x_wconf 78' lang='lat' dir='ltr'><strong>Quod</strong></span> <span class='ocrx_word' id='word_1_253' title='bbox 1544 2319 1654 2376; x_wconf 90' lang='lat' dir='ltr'><strong>autem</strong></span> <span class='ocrx_word' id='word_1_254' title='bbox 1671 2311 1817 2375; x_wconf 90' lang='lat' dir='ltr'><strong>omnium</strong></span> <span class='ocrx_word' id='word_1_255' title='bbox 1835 2309 1980 2375; x_wconf 84' lang='lat' dir='ltr'><strong>maxime</strong></span> <span class='ocrx_word' id='word_1_256' title='bbox 1989 2310 2192 2375; x_wconf 91' lang='lat' dir='ltr'><strong>intolerabile</strong></span> <span class='ocrx_word' id='word_1_257' title='bbox 2204 2319 2261 2388; x_wconf 89' lang='lat' dir='ltr'><strong>est,</strong></span> <span class='ocrx_word' id='word_1_258' title='bbox 2280 2310 2407 2376; x_wconf 91' lang='lat' dir='ltr'><strong>nullum</strong></span> 
     </span>
     <span class='ocr_line' id='line_1_19' title="bbox 399 2331 2432 2478; baseline -0.001 -15"><span class='ocrx_word' id='word_1_259' title='bbox 399 2397 465 2476; x_wconf 89' lang='lat' dir='ltr'><strong>dis,</strong></span> <span class='ocrx_word' id='word_1_260' title='bbox 493 2397 597 2461; x_wconf 91' lang='lat' dir='ltr'><strong>multo</strong></span> <span class='ocrx_word' id='word_1_261' title='bbox 622 2406 656 2460; x_wconf 89' lang='lat' dir='ltr'><strong>et</strong></span> <span class='ocrx_word' id='word_1_262' title='bbox 676 2396 818 2478; x_wconf 86' lang='lat' dir='ltr'><strong>pretioso</strong></span> <span class='ocrx_word' id='word_1_263' title='bbox 844 2395 1064 2460; x_wconf 90' lang='lat' dir='ltr'><strong>circumdatus</strong></span> <span class='ocrx_word' id='word_1_264' title='bbox 1085 2405 1212 2460; x_wconf 89' lang='lat' dir='ltr'><strong>ornatu.</strong></span> <span class='ocrx_word' id='word_1_265' title='bbox 1259 2331 1297 2461; x_wconf 56' lang='lat' dir='ltr'><strong>gi</strong></span> <span class='ocrx_word' id='word_1_266' title='bbox 1319 2418 1377 2461; x_wconf 91' lang='lat' dir='ltr'><strong>au·</strong></span> <span class='ocrx_word' id='word_1_267' title='bbox 1429 2399 1466 2461; x_wconf 91' lang='lat' dir='ltr'><strong>in</strong></span> <span class='ocrx_word' id='word_1_268' title='bbox 1493 2398 1590 2461; x_wconf 89' lang='lat' dir='ltr'><strong>terris</strong></span> <span class='ocrx_word' id='word_1_269' title='bbox 1617 2396 1774 2461; x_wconf 91' lang='lat' dir='ltr'><strong>iudicium</strong></span> <span class='ocrx_word' id='word_1_270' title='bbox 1799 2395 1991 2478; x_wconf 85' lang='lat' dir='ltr'><strong>relinquunt</strong></span> <span class='ocrx_word' id='word_1_271' title='bbox 2010 2394 2207 2461; x_wconf 84' lang='lat' dir='ltr'><strong>coercendae</strong></span> <span class='ocrx_word' id='word_1_272' title='bbox 2227 2416 2266 2460; x_wconf 88' lang='lat' dir='ltr'><strong>ao</strong></span> <span class='ocrx_word' id='word_1_273' title='bbox 2286 2397 2432 2467; x_wconf 71' lang='lat' dir='ltr'><strong>restae,</strong></span> 
     </span>
     <span class='ocr_line' id='line_1_20' title="bbox 399 2480 2407 2565; baseline -0 -17"><span class='ocrx_word' id='word_1_274' title='bbox 399 2483 511 2548; x_wconf 86' lang='lat' dir='ltr'><strong>darem</strong></span> <span class='ocrx_word' id='word_1_275' title='bbox 529 2481 645 2560; x_wconf 92' lang='lat' dir='ltr'><strong>dicere,</strong></span> <span class='ocrx_word' id='word_1_276' title='bbox 667 2480 864 2546; x_wconf 90' lang='lat' dir='ltr'><strong>daemonum</strong></span> <span class='ocrx_word' id='word_1_277' title='bbox 881 2482 987 2565; x_wconf 87' lang='lat' dir='ltr'><strong>magis</strong></span> <span class='ocrx_word' id='word_1_278' title='bbox 1008 2501 1107 2564; x_wconf 90' lang='lat' dir='ltr'><strong>quam</strong></span> <span class='ocrx_word' id='word_1_279' title='bbox 1123 2482 1234 2546; x_wconf 88' lang='lat' dir='ltr'><strong>orium</strong></span> <span class='ocrx_word' id='word_1_280' title='bbox 1255 2503 1378 2564; x_wconf 90' lang='lat' dir='ltr'><strong>pascua</strong></span> <span class='ocrx_word' id='word_1_281' title='bbox 1429 2482 1557 2548; x_wconf 90' lang='lat' dir='ltr'><strong>nandae</strong></span> <span class='ocrx_word' id='word_1_282' title='bbox 1579 2503 1658 2547; x_wconf 90' lang='lat' dir='ltr'><strong>suae</strong></span> <span class='ocrx_word' id='word_1_283' title='bbox 1674 2481 1811 2560; x_wconf 84' lang='lat' dir='ltr'><strong>libidini,</strong></span> <span class='ocrx_word' id='word_1_284' title='bbox 1834 2481 1949 2547; x_wconf 85' lang='lat' dir='ltr'><strong>sitam</strong></span> <span class='ocrx_word' id='word_1_285' title='bbox 1970 2482 2131 2546; x_wconf 89' lang='lat' dir='ltr'><strong>immensa</strong></span> <span class='ocrx_word' id='word_1_286' title='bbox 2148 2488 2306 2563; x_wconf 88' lang='lat' dir='ltr'><strong>potestate</strong></span> <span class='ocrx_word' id='word_1_287' title='bbox 2328 2483 2407 2547; x_wconf 90' lang='lat' dir='ltr'><strong>abu-</strong></span> 
     </span>
     <span class='ocr_line' id='line_1_21' title="bbox 398 2565 2408 2649; baseline -0.001 -15"><span class='ocrx_word' id='word_1_288' title='bbox 398 2569 488 2634; x_wconf 90' lang='lat' dir='ltr'><strong>haec.</strong></span> <span class='ocrx_word' id='word_1_289' title='bbox 534 2567 670 2633; x_wconf 83' lang='lat' dir='ltr'><strong>Scilicet</strong></span> <span class='ocrx_word' id='word_1_290' title='bbox 691 2567 737 2633; x_wconf 90' lang='lat' dir='ltr'><strong>sic</strong></span> <span class='ocrx_word' id='word_1_291' title='bbox 758 2565 928 2632; x_wconf 85' lang='lat' dir='ltr'><strong>factitabat</strong></span> <span class='ocrx_word' id='word_1_292' title='bbox 948 2569 1084 2648; x_wconf 89' lang='lat' dir='ltr'><strong>Petrus;</strong></span> <span class='ocrx_word' id='word_1_293' title='bbox 1111 2567 1157 2633; x_wconf 90' lang='lat' dir='ltr'><strong>sic</strong></span> <span class='ocrx_word' id='word_1_294' title='bbox 1178 2567 1304 2632; x_wconf 91' lang='lat' dir='ltr'><strong>Paulus</strong></span> <span class='ocrx_word' id='word_1_295' title='bbox 1325 2568 1376 2632; x_wconf 92' lang='lat' dir='ltr'><strong>lu·</strong></span> <span class='ocrx_word' id='word_1_296' title='bbox 1429 2575 1552 2633; x_wconf 89' lang='lat' dir='ltr'><strong>tantur.</strong></span> <span class='ocrx_word' id='word_1_297' title='bbox 1596 2568 1744 2645; x_wconf 90' lang='lat' dir='ltr'><strong>Nemini,</strong></span> <span class='ocrx_word' id='word_1_298' title='bbox 1768 2567 1936 2649; x_wconf 89' lang='lat' dir='ltr'><strong>inquiunt,</strong></span> <span class='ocrx_word' id='word_1_299' title='bbox 1959 2566 2117 2632; x_wconf 91' lang='lat' dir='ltr'><strong>iudicium</strong></span> <span class='ocrx_word' id='word_1_300' title='bbox 2138 2565 2225 2631; x_wconf 88' lang='lat' dir='ltr'><strong>sedis</strong></span> <span class='ocrx_word' id='word_1_301' title='bbox 2247 2566 2346 2631; x_wconf 91' lang='lat' dir='ltr'><strong>huius</strong></span> <span class='ocrx_word' id='word_1_302' title='bbox 2368 2567 2408 2632; x_wconf 91' lang='lat' dir='ltr'><strong>li·</strong></span> 
     </span>
     <span class='ocr_line' id='line_1_22' title="bbox 399 2652 2407 2737; baseline -0.001 -17"><span class='ocrx_word' id='word_1_303' title='bbox 399 2655 504 2720; x_wconf 90' lang='lat' dir='ltr'><strong>debat.</strong></span> <span class='ocrx_word' id='word_1_304' title='bbox 555 2652 657 2718; x_wconf 83' lang='lat' dir='ltr'><strong>Curia</strong></span> <span class='ocrx_word' id='word_1_305' title='bbox 684 2662 741 2717; x_wconf 89' lang='lat' dir='ltr'><strong>tua</strong></span> <span class='ocrx_word' id='word_1_306' title='bbox 769 2653 913 2734; x_wconf 90' lang='lat' dir='ltr'><strong>recipere</strong></span> <span class='ocrx_word' id='word_1_307' title='bbox 941 2653 1042 2718; x_wconf 91' lang='lat' dir='ltr'><strong>bonos</strong></span> <span class='ocrx_word' id='word_1_308' title='bbox 1069 2654 1174 2737; x_wconf 88' lang='lat' dir='ltr'><strong>magis</strong></span> <span class='ocrx_word' id='word_1_309' title='bbox 1202 2673 1301 2735; x_wconf 92' lang='lat' dir='ltr'><strong>quam</strong></span> <span class='ocrx_word' id='word_1_310' title='bbox 1328 2654 1376 2718; x_wconf 89' lang='lat' dir='ltr'><strong>fa·</strong></span> <span class='ocrx_word' id='word_1_311' title='bbox 1429 2661 1502 2720; x_wconf 90' lang='lat' dir='ltr'><strong>ceat</strong></span> <span class='ocrx_word' id='word_1_312' title='bbox 1519 2660 1706 2731; x_wconf 86' lang='lat' dir='ltr'><strong>retractare,</strong></span> <span class='ocrx_word' id='word_1_313' title='bbox 1724 2660 1856 2735; x_wconf 89' lang='lat' dir='ltr'><strong>propter</strong></span> <span class='ocrx_word' id='word_1_314' title='bbox 1873 2673 2027 2717; x_wconf 90' lang='lat' dir='ltr'><strong>romanae</strong></span> <span class='ocrx_word' id='word_1_315' title='bbox 2048 2652 2202 2718; x_wconf 91' lang='lat' dir='ltr'><strong>ecclesiae</strong></span> <span class='ocrx_word' id='word_1_316' title='bbox 2219 2653 2407 2734; x_wconf 88' lang='lat' dir='ltr'><strong>primatum</strong></span> 
     </span>
     <span class='ocr_line' id='line_1_23' title="bbox 398 2737 2408 2822; baseline -0.002 -15"><span class='ocrx_word' id='word_1_317' title='bbox 398 2761 473 2807; x_wconf 91' lang='lat' dir='ltr'><strong>cere</strong></span> <span class='ocrx_word' id='word_1_318' title='bbox 494 2739 671 2806; x_wconf 85' lang='lat' dir='ltr'><strong>consuevit.</strong></span> <span class='ocrx_word' id='word_1_319' title='bbox 716 2737 801 2803; x_wconf 88' lang='lat' dir='ltr'><strong>Mali</strong></span> <span class='ocrx_word' id='word_1_320' title='bbox 822 2739 911 2802; x_wconf 89' lang='lat' dir='ltr'><strong>enim</strong></span> <span class='ocrx_word' id='word_1_321' title='bbox 932 2739 1001 2805; x_wconf 92' lang='lat' dir='ltr'><strong>illic</strong></span> <span class='ocrx_word' id='word_1_322' title='bbox 1022 2760 1090 2803; x_wconf 93' lang='lat' dir='ltr'><strong>non</strong></span> <span class='ocrx_word' id='word_1_323' title='bbox 1112 2740 1296 2822; x_wconf 88' lang='lat' dir='ltr'><strong>proficiunt,</strong></span> <span class='ocrx_word' id='word_1_324' title='bbox 1318 2738 1377 2804; x_wconf 90' lang='lat' dir='ltr'><strong>sed</strong></span> <span class='ocrx_word' id='word_1_325' title='bbox 1429 2740 1528 2805; x_wconf 91' lang='lat' dir='ltr'><strong>Item:</strong></span> <span class='ocrx_word' id='word_1_326' title='bbox 1557 2759 1664 2821; x_wconf 92' lang='lat' dir='ltr'><strong>neque</strong></span> <span class='ocrx_word' id='word_1_327' title='bbox 1691 2738 1731 2803; x_wconf 92' lang='lat' dir='ltr'><strong>ab</strong></span> <span class='ocrx_word' id='word_1_328' title='bbox 1758 2739 1924 2822; x_wconf 85' lang='lat' dir='ltr'><strong>Augusto,</strong></span> <span class='ocrx_word' id='word_1_329' title='bbox 1952 2759 2058 2820; x_wconf 91' lang='lat' dir='ltr'><strong>nequo</strong></span> <span class='ocrx_word' id='word_1_330' title='bbox 2085 2759 2105 2802; x_wconf 89' lang='lat' dir='ltr'><strong>a</strong></span> <span class='ocrx_word' id='word_1_331' title='bbox 2132 2737 2280 2820; x_wconf 85' lang='lat' dir='ltr'><strong>regibus,</strong></span> <span class='ocrx_word' id='word_1_332' title='bbox 2303 2760 2408 2821; x_wconf 90' lang='lat' dir='ltr'><strong>neque</strong></span> 
     </span>
     <span class='ocr_line' id='line_1_24' title="bbox 397 2822 2407 2908; baseline -0.001 -17"><span class='ocrx_word' id='word_1_333' title='bbox 397 2825 477 2891; x_wconf 92' lang='lat' dir='ltr'><strong>boni</strong></span> <span class='ocrx_word' id='word_1_334' title='bbox 499 2825 661 2890; x_wconf 80' lang='lat' dir='ltr'><strong>deficiunt</strong></span> <span class='ocrx_word' id='word_1_335' title='bbox 706 2823 779 2888; x_wconf 92' lang='lat' dir='ltr'><strong>Iam</strong></span> <span class='ocrx_word' id='word_1_336' title='bbox 801 2844 881 2906; x_wconf 90' lang='lat' dir='ltr'><strong>quos</strong></span> <span class='ocrx_word' id='word_1_337' title='bbox 903 2825 1158 2908; x_wconf 88' lang='lat' dir='ltr'><strong>appellationum</strong></span> <span class='ocrx_word' id='word_1_338' title='bbox 1180 2826 1302 2890; x_wconf 88' lang='lat' dir='ltr'><strong>abusus</strong></span> <span class='ocrx_word' id='word_1_339' title='bbox 1324 2847 1375 2889; x_wconf 91' lang='lat' dir='ltr'><strong>re-</strong></span> <span class='ocrx_word' id='word_1_340' title='bbox 1429 2826 1471 2890; x_wconf 90' lang='lat' dir='ltr'><strong>ab</strong></span> <span class='ocrx_word' id='word_1_341' title='bbox 1493 2825 1583 2889; x_wconf 92' lang='lat' dir='ltr'><strong>omni</strong></span> <span class='ocrx_word' id='word_1_342' title='bbox 1605 2824 1708 2901; x_wconf 91' lang='lat' dir='ltr'><strong>clero,</strong></span> <span class='ocrx_word' id='word_1_343' title='bbox 1731 2845 1837 2905; x_wconf 90' lang='lat' dir='ltr'><strong>neque</strong></span> <span class='ocrx_word' id='word_1_344' title='bbox 1859 2845 1879 2886; x_wconf 91' lang='lat' dir='ltr'><strong>a</strong></span> <span class='ocrx_word' id='word_1_345' title='bbox 1899 2824 2019 2906; x_wconf 91' lang='lat' dir='ltr'><strong>populo</strong></span> <span class='ocrx_word' id='word_1_346' title='bbox 2041 2823 2140 2887; x_wconf 82' lang='lat' dir='ltr'><strong>iudex</strong></span> <span class='ocrx_word' id='word_1_347' title='bbox 2162 2822 2367 2889; x_wconf 92' lang='lat' dir='ltr'><strong>iudicabitur.</strong></span> <span class='ocrx_word' id='word_1_348' title='bbox 2382 2827 2407 2906; x_wconf 92' lang='lat'><strong>¹)</strong></span> 
     </span>
     <span class='ocr_line' id='line_1_25' title="bbox 397 2906 2422 2994; baseline -0.002 -17"><span class='ocrx_word' id='word_1_349' title='bbox 397 2911 471 2991; x_wconf 87' lang='lat' dir='ltr'><strong>fert,</strong></span> <span class='ocrx_word' id='word_1_350' title='bbox 493 2932 589 2975; x_wconf 92' lang='lat' dir='ltr'><strong>nemo</strong></span> <span class='ocrx_word' id='word_1_351' title='bbox 611 2910 685 2993; x_wconf 90' lang='lat' dir='ltr'><strong>pius</strong></span> <span class='ocrx_word' id='word_1_352' title='bbox 707 2908 778 2975; x_wconf 92' lang='lat' dir='ltr'><strong>sine</strong></span> <span class='ocrx_word' id='word_1_353' title='bbox 797 2929 917 2991; x_wconf 84' lang='lat' dir='ltr'><strong>magno</strong></span> <span class='ocrx_word' id='word_1_354' title='bbox 940 2911 1074 2975; x_wconf 88' lang='lat' dir='ltr'><strong>horrore</strong></span> <span class='ocrx_word' id='word_1_355' title='bbox 1095 2910 1191 2994; x_wconf 82' lang='lat' dir='ltr'><strong>legat.</strong></span> <span class='ocrx_word' id='word_1_356' title='bbox 1228 2910 1377 2976; x_wconf 76' lang='lat' dir='ltr'><strong>&#39;landem</strong></span> <span class='ocrx_word' id='word_1_357' title='bbox 1429 2910 1471 2976; x_wconf 93' lang='lat' dir='ltr'><strong>Id</strong></span> <span class='ocrx_word' id='word_1_358' title='bbox 1495 2910 1626 2993; x_wconf 91' lang='lat' dir='ltr'><strong>quidem</strong></span> <span class='ocrx_word' id='word_1_359' title='bbox 1652 2909 1728 2991; x_wconf 87' lang='lat' dir='ltr'><strong>plus</strong></span> <span class='ocrx_word' id='word_1_360' title='bbox 1754 2908 1835 2973; x_wconf 88' lang='lat' dir='ltr'><strong>satis</strong></span> <span class='ocrx_word' id='word_1_361' title='bbox 1862 2908 2050 2990; x_wconf 89' lang='lat' dir='ltr'><strong>imperiose,</strong></span> <span class='ocrx_word' id='word_1_362' title='bbox 2083 2906 2168 2989; x_wconf 88' lang='lat' dir='ltr'><strong>quod</strong></span> <span class='ocrx_word' id='word_1_363' title='bbox 2196 2930 2280 2973; x_wconf 89' lang='lat' dir='ltr'><strong>unus</strong></span> <span class='ocrx_word' id='word_1_364' title='bbox 2307 2909 2422 2973; x_wconf 84' lang='lat' dir='ltr'><strong>homo&#39;</strong></span> 
     </span>
     <span class='ocr_line' id='line_1_26' title="bbox 397 2993 2408 3078; baseline -0.002 -16"><span class='ocrx_word' id='word_1_365' title='bbox 397 2998 444 3062; x_wconf 88' lang='lat' dir='ltr'><strong>sio</strong></span> <span class='ocrx_word' id='word_1_366' title='bbox 462 2997 502 3061; x_wconf 93' lang='lat' dir='ltr'><strong>de</strong></span> <span class='ocrx_word' id='word_1_367' title='bbox 520 2996 656 3061; x_wconf 84' lang='lat' dir='ltr'><strong>effraeni</strong></span> <span class='ocrx_word' id='word_1_368' title='bbox 673 2995 731 3059; x_wconf 92' lang='lat' dir='ltr'><strong>illa</strong></span> <span class='ocrx_word' id='word_1_369' title='bbox 748 3016 902 3059; x_wconf 89' lang='lat' dir='ltr'><strong>romanae</strong></span> <span class='ocrx_word' id='word_1_370' title='bbox 919 2996 1005 3061; x_wconf 88' lang='lat' dir='ltr'><strong>sedis</strong></span> <span class='ocrx_word' id='word_1_371' title='bbox 1023 2996 1200 3078; x_wconf 89' lang='lat' dir='ltr'><strong>cupiditate</strong></span> <span class='ocrx_word' id='word_1_372' title='bbox 1222 2997 1257 3059; x_wconf 93' lang='lat' dir='ltr'><strong>in</strong></span> <span class='ocrx_word' id='word_1_373' title='bbox 1278 2997 1376 3061; x_wconf 90' lang='lat' dir='ltr'><strong>iuris·</strong></span> <span class='ocrx_word' id='word_1_374' title='bbox 1429 2997 1577 3061; x_wconf 89' lang='lat' dir='ltr'><strong>omnium</strong></span> <span class='ocrx_word' id='word_1_375' title='bbox 1594 3017 1629 3060; x_wconf 90' lang='lat' dir='ltr'><strong>se</strong></span> <span class='ocrx_word' id='word_1_376' title='bbox 1649 2995 1792 3059; x_wconf 90' lang='lat' dir='ltr'><strong>iudicem</strong></span> <span class='ocrx_word' id='word_1_377' title='bbox 1809 2994 1986 3071; x_wconf 88' lang='lat' dir='ltr'><strong>constituit,</strong></span> <span class='ocrx_word' id='word_1_378' title='bbox 2009 2993 2133 3057; x_wconf 89' lang='lat' dir='ltr'><strong>nullius</strong></span> <span class='ocrx_word' id='word_1_379' title='bbox 2154 3002 2265 3057; x_wconf 87' lang='lat' dir='ltr'><strong>autem</strong></span> <span class='ocrx_word' id='word_1_380' title='bbox 2285 2994 2408 3058; x_wconf 88' lang='lat' dir='ltr'><strong>iudicio</strong></span> 
     </span>
     <span class='ocr_line' id='line_1_27' title="bbox 398 3077 2487 3166; baseline -0.002 -19"><span class='ocrx_word' id='word_1_381' title='bbox 398 3082 539 3147; x_wconf 89' lang='lat' dir='ltr'><strong>dictione</strong></span> <span class='ocrx_word' id='word_1_382' title='bbox 568 3081 758 3164; x_wconf 91' lang='lat' dir='ltr'><strong>usurpanda</strong></span> <span class='ocrx_word' id='word_1_383' title='bbox 784 3080 961 3146; x_wconf 86' lang='lat' dir='ltr'><strong>concludit:</strong></span> <span class='ocrx_word' id='word_1_384' title='bbox 976 3081 1006 3166; x_wconf 70' lang='lat'><strong>²)</strong></span> <span class='ocrx_word' id='word_1_385' title='bbox 1035 3103 1186 3146; x_wconf 89' lang='lat' dir='ltr'><strong>murmur</strong></span> <span class='ocrx_word' id='word_1_386' title='bbox 1206 3082 1321 3164; x_wconf 91' lang='lat' dir='ltr'><strong>loquor</strong></span> <span class='ocrx_word' id='word_1_387' title='bbox 1343 3091 1377 3146; x_wconf 89' lang='lat' dir='ltr'><strong>et</strong></span> <span class='ocrx_word' id='word_1_388' title='bbox 1428 3103 1544 3165; x_wconf 90' lang='lat' dir='ltr'><strong>parere</strong></span> <span class='ocrx_word' id='word_1_389' title='bbox 1561 3083 1708 3147; x_wconf 90' lang='lat' dir='ltr'><strong>sustinet.</strong></span> <span class='ocrx_word' id='word_1_390' title='bbox 1746 3078 1813 3146; x_wconf 83' lang='lat' dir='ltr'><strong>Sed</strong></span> <span class='ocrx_word' id='word_1_391' title='bbox 1831 3079 1909 3163; x_wconf 89' lang='lat' dir='ltr'><strong>quid</strong></span> <span class='ocrx_word' id='word_1_392' title='bbox 1929 3080 1957 3144; x_wconf 91' lang='lat' dir='ltr'><strong>si</strong></span> <span class='ocrx_word' id='word_1_393' title='bbox 1974 3077 2183 3163; x_wconf 87' lang='lat' dir='ltr'><strong>tyrannidem</strong></span> <span class='ocrx_word' id='word_1_394' title='bbox 2200 3079 2235 3142; x_wconf 90' lang='lat' dir='ltr'><strong>in</strong></span> <span class='ocrx_word' id='word_1_395' title='bbox 2252 3079 2408 3160; x_wconf 90' lang='lat' dir='ltr'><strong>populum</strong></span> <span class='ocrx_word' id='word_1_396' title='bbox 2484 3082 2487 3091; x_wconf 84' lang='lat'>&#39;</span> 
     </span>
     <span class='ocr_line' id='line_1_28' title="bbox 396 3162 2407 3250; baseline -0.003 -17"><span class='ocrx_word' id='word_1_397' title='bbox 396 3168 637 3250; x_wconf 89' lang='lat' dir='ltr'><strong>querimoniam</strong></span> <span class='ocrx_word' id='word_1_398' title='bbox 670 3187 876 3233; x_wconf 91' lang='lat' dir='ltr'><strong>communem</strong></span> <span class='ocrx_word' id='word_1_399' title='bbox 907 3168 1132 3245; x_wconf 64' lang='lat' dir='ltr'><strong>ecclesiarum</strong></span> <span class='ocrx_word' id='word_1_400' title='bbox 1166 3168 1313 3233; x_wconf 79' lang='lat' dir='ltr'><strong>trrmcari</strong></span> <span class='ocrx_word' id='word_1_401' title='bbox 1341 3189 1388 3233; x_wconf 91' lang='lat' dir='ltr'><strong>se.</strong></span> <span class='ocrx_word' id='word_1_402' title='bbox 1428 3169 1493 3233; x_wconf 92' lang='lat' dir='ltr'><strong>Dei</strong></span> <span class='ocrx_word' id='word_1_403' title='bbox 1515 3166 1688 3233; x_wconf 85' lang='lat' dir='ltr'><strong>exerceat?</strong></span> <span class='ocrx_word' id='word_1_404' title='bbox 1711 3167 1739 3232; x_wconf 91' lang='lat' dir='ltr'><strong>si</strong></span> <span class='ocrx_word' id='word_1_405' title='bbox 1758 3164 1894 3248; x_wconf 88' lang='lat' dir='ltr'><strong>dissipet</strong></span> <span class='ocrx_word' id='word_1_406' title='bbox 1914 3186 1952 3231; x_wconf 91' lang='lat' dir='ltr'><strong>ao</strong></span> <span class='ocrx_word' id='word_1_407' title='bbox 1974 3171 2082 3230; x_wconf 84' lang='lat' dir='ltr'><strong>vastet</strong></span> <span class='ocrx_word' id='word_1_408' title='bbox 2102 3184 2241 3245; x_wconf 83' lang='lat' dir='ltr'><strong>regnum</strong></span> <span class='ocrx_word' id='word_1_409' title='bbox 2259 3162 2407 3228; x_wconf 79' lang='lat' dir='ltr'><strong>Christi?</strong></span> 
     </span>
     <span class='ocr_line' id='line_1_29' title="bbox 397 3249 2409 3336; baseline -0.003 -17"><span class='ocrx_word' id='word_1_410' title='bbox 397 3252 569 3319; x_wconf 88' lang='lat' dir='ltr'><strong>clamitant</strong></span> <span class='ocrx_word' id='word_1_411' title='bbox 601 3274 638 3317; x_wconf 91' lang='lat' dir='ltr'><strong>ac</strong></span> <span class='ocrx_word' id='word_1_412' title='bbox 671 3251 902 3319; x_wconf 88' lang='lat' dir='ltr'><strong>demembrari:</strong></span> <span class='ocrx_word' id='word_1_413' title='bbox 936 3254 989 3319; x_wconf 85' lang='lat' dir='ltr'><strong>vel</strong></span> <span class='ocrx_word' id='word_1_414' title='bbox 1026 3253 1136 3318; x_wconf 89' lang='lat' dir='ltr'><strong>nullae</strong></span> <span class='ocrx_word' id='word_1_415' title='bbox 1169 3252 1221 3319; x_wconf 86' lang='lat' dir='ltr'><strong>vel</strong></span> <span class='ocrx_word' id='word_1_416' title='bbox 1253 3275 1376 3336; x_wconf 90' lang='lat' dir='ltr'><strong>paucae</strong></span> <span class='ocrx_word' id='word_1_417' title='bbox 1429 3254 1582 3319; x_wconf 83' lang='lat' dir='ltr'><strong>sitotam</strong></span> <span class='ocrx_word' id='word_1_418' title='bbox 1602 3253 1773 3320; x_wconf 87' lang='lat' dir='ltr'><strong>ecclesiam</strong></span> <span class='ocrx_word' id='word_1_419' title='bbox 1790 3251 1971 3330; x_wconf 91' lang='lat' dir='ltr'><strong>conturbet,</strong></span> <span class='ocrx_word' id='word_1_420' title='bbox 2000 3250 2028 3315; x_wconf 92' lang='lat' dir='ltr'><strong>si</strong></span> <span class='ocrx_word' id='word_1_421' title='bbox 2044 3271 2167 3314; x_wconf 86' lang='lat' dir='ltr'><strong>munus</strong></span> <span class='ocrx_word' id='word_1_422' title='bbox 2189 3249 2352 3332; x_wconf 88' lang='lat' dir='ltr'><strong>pastorale</strong></span> <span class='ocrx_word' id='word_1_423' title='bbox 2374 3250 2409 3312; x_wconf 95' lang='lat' dir='ltr'><strong>in</strong></span> 
     </span>
     <span class='ocr_line' id='line_1_30' title="bbox 397 3334 2408 3422; baseline -0.002 -18"><span class='ocrx_word' id='word_1_424' title='bbox 397 3338 574 3404; x_wconf 89' lang='lat' dir='ltr'><strong>admodum</strong></span> <span class='ocrx_word' id='word_1_425' title='bbox 601 3348 678 3402; x_wconf 89' lang='lat' dir='ltr'><strong>sunt</strong></span> <span class='ocrx_word' id='word_1_426' title='bbox 699 3359 783 3420; x_wconf 89' lang='lat' dir='ltr'><strong>quae</strong></span> <span class='ocrx_word' id='word_1_427' title='bbox 805 3337 936 3422; x_wconf 84' lang='lat' dir='ltr'><strong>plagam</strong></span> <span class='ocrx_word' id='word_1_428' title='bbox 956 3340 1054 3404; x_wconf 88' lang='lat' dir='ltr'><strong>istam</strong></span> <span class='ocrx_word' id='word_1_429' title='bbox 1073 3346 1131 3404; x_wconf 90' lang='lat' dir='ltr'><strong>aut</strong></span> <span class='ocrx_word' id='word_1_430' title='bbox 1152 3360 1219 3403; x_wconf 91' lang='lat' dir='ltr'><strong>non</strong></span> <span class='ocrx_word' id='word_1_431' title='bbox 1236 3339 1376 3417; x_wconf 87' lang='lat' dir='ltr'><strong>doleant,</strong></span> <span class='ocrx_word' id='word_1_432' title='bbox 1427 3339 1638 3405; x_wconf 86' lang='lat' dir='ltr'><strong>latrocinium</strong></span> <span class='ocrx_word' id='word_1_433' title='bbox 1665 3336 1854 3405; x_wconf 81' lang='lat' dir='ltr'><strong>convertat?</strong></span> <span class='ocrx_word' id='word_1_434' title='bbox 1899 3335 1971 3401; x_wconf 92' lang='lat' dir='ltr'><strong>Irno</strong></span> <span class='ocrx_word' id='word_1_435' title='bbox 1999 3342 2039 3401; x_wconf 91' lang='grc' dir='ltr'><strong>ιιι</strong></span> <span class='ocrx_word' id='word_1_436' title='bbox 2065 3336 2109 3401; x_wconf 91' lang='lat' dir='ltr'><strong>sit</strong></span> <span class='ocrx_word' id='word_1_437' title='bbox 2128 3334 2408 3414; x_wconf 90' lang='lat' dir='ltr'><strong>sceleratissimus,</strong></span> 
     </span>
     <span class='ocr_line' id='line_1_31' title="bbox 398 3418 2409 3507; baseline -0.002 -18"><span class='ocrx_word' id='word_1_438' title='bbox 398 3431 542 3489; x_wconf 88' lang='lat' dir='ltr'><strong>autnon</strong></span> <span class='ocrx_word' id='word_1_439' title='bbox 561 3424 710 3488; x_wconf 82' lang='lat' dir='ltr'><strong>timeant</strong></span> <span class='ocrx_word' id='word_1_440' title='bbox 754 3422 894 3504; x_wconf 79' lang='lat' dir='ltr'><strong>Quaeris</strong></span> <span class='ocrx_word' id='word_1_441' title='bbox 916 3424 1037 3507; x_wconf 88' lang='lat' dir='ltr'><strong>quam?</strong></span> <span class='ocrx_word' id='word_1_442' title='bbox 1060 3425 1299 3491; x_wconf 91' lang='lat' dir='ltr'><strong>subtrahuntur</strong></span> <span class='ocrx_word' id='word_1_443' title='bbox 1320 3424 1376 3490; x_wconf 93' lang='lat' dir='ltr'><strong>ab·</strong></span> <span class='ocrx_word' id='word_1_444' title='bbox 1429 3447 1465 3491; x_wconf 92' lang='lat' dir='ltr'><strong>se</strong></span> <span class='ocrx_word' id='word_1_445' title='bbox 1498 3425 1540 3490; x_wconf 90' lang='lat' dir='ltr'><strong>ad</strong></span> <span class='ocrx_word' id='word_1_446' title='bbox 1573 3424 1775 3490; x_wconf 88' lang='lat' dir='ltr'><strong>reddendam</strong></span> <span class='ocrx_word' id='word_1_447' title='bbox 1807 3424 1968 3488; x_wconf 92' lang='lat' dir='ltr'><strong>rationem</strong></span> <span class='ocrx_word' id='word_1_448' title='bbox 1995 3421 2134 3504; x_wconf 76' lang='lat' dir='ltr'><strong>astringi</strong></span> <span class='ocrx_word' id='word_1_449' title='bbox 2162 3429 2270 3503; x_wconf 85' lang='lat' dir='ltr'><strong>negat</strong></span> <span class='ocrx_word' id='word_1_450' title='bbox 2321 3418 2409 3485; x_wconf 82' lang='lat' dir='ltr'><strong>Sunt</strong></span> 
     </span>
     <span class='ocr_line' id='line_1_32' title="bbox 397 3506 2408 3594; baseline -0.001 -20"><span class='ocrx_word' id='word_1_451' title='bbox 397 3510 489 3574; x_wconf 88' lang='lat' dir='ltr'><strong>bates</strong></span> <span class='ocrx_word' id='word_1_452' title='bbox 510 3509 677 3592; x_wconf 90' lang='lat' dir='ltr'><strong>episcopis,</strong></span> <span class='ocrx_word' id='word_1_453' title='bbox 700 3509 842 3592; x_wconf 88' lang='lat' dir='ltr'><strong>episcopi</strong></span> <span class='ocrx_word' id='word_1_454' title='bbox 863 3511 1125 3594; x_wconf 87' lang='lat' dir='ltr'><strong>archiepiscopis,</strong></span> <span class='ocrx_word' id='word_1_455' title='bbox 1148 3520 1208 3578; x_wconf 89' lang='lat' dir='ltr'><strong>etc.</strong></span> <span class='ocrx_word' id='word_1_456' title='bbox 1250 3512 1377 3578; x_wconf 86' lang='lat' dir='ltr'><strong>Mirum</strong></span> <span class='ocrx_word' id='word_1_457' title='bbox 1429 3512 1519 3582; x_wconf 89' lang='lat' dir='ltr'><strong>enim</strong></span> <span class='ocrx_word' id='word_1_458' title='bbox 1534 3512 1617 3577; x_wconf 90' lang='lat' dir='ltr'><strong>istae</strong></span> <span class='ocrx_word' id='word_1_459' title='bbox 1634 3511 1826 3594; x_wconf 89' lang='lat' dir='ltr'><strong>pontificum</strong></span> <span class='ocrx_word' id='word_1_460' title='bbox 1843 3530 1954 3577; x_wconf 90' lang='lat' dir='ltr'><strong>voces:</strong></span> <span class='ocrx_word' id='word_1_461' title='bbox 1979 3509 2118 3572; x_wconf 90' lang='lat' dir='ltr'><strong>aliorum</strong></span> <span class='ocrx_word' id='word_1_462' title='bbox 2139 3506 2310 3571; x_wconf 90' lang='lat' dir='ltr'><strong>bominum</strong></span> <span class='ocrx_word' id='word_1_463' title='bbox 2331 3527 2408 3571; x_wconf 86' lang='lat' dir='ltr'><strong>oau-</strong></span> 
     </span>
     <span class='ocr_line' id='line_1_33' title="bbox 398 3589 2408 3680; baseline -0.002 -19"><span class='ocrx_word' id='word_1_464' title='bbox 398 3597 426 3661; x_wconf 89' lang='lat' dir='ltr'><strong>si</strong></span> <span class='ocrx_word' id='word_1_465' title='bbox 448 3595 599 3660; x_wconf 87' lang='lat' dir='ltr'><strong>excusari</strong></span> <span class='ocrx_word' id='word_1_466' title='bbox 622 3596 684 3660; x_wconf 93' lang='lat' dir='ltr'><strong>hoc</strong></span> <span class='ocrx_word' id='word_1_467' title='bbox 704 3602 810 3677; x_wconf 81' lang='lat' dir='ltr'><strong>queat</strong></span> <span class='ocrx_word' id='word_1_468' title='bbox 855 3593 912 3663; x_wconf 78' lang='lat' dir='ltr'><strong>Sic</strong></span> <span class='ocrx_word' id='word_1_469' title='bbox 932 3595 1124 3675; x_wconf 84' lang='lat' dir='ltr'><strong>factitando,</strong></span> <span class='ocrx_word' id='word_1_470' title='bbox 1152 3597 1298 3680; x_wconf 91' lang='lat' dir='ltr'><strong>probatis</strong></span> <span class='ocrx_word' id='word_1_471' title='bbox 1316 3619 1376 3663; x_wconf 88' lang='lat' dir='ltr'><strong>vos</strong></span> <span class='ocrx_word' id='word_1_472' title='bbox 1429 3617 1482 3663; x_wconf 92' lang='lat' dir='ltr'><strong>sas</strong></span> <span class='ocrx_word' id='word_1_473' title='bbox 1508 3597 1613 3663; x_wconf 87' lang='lat' dir='ltr'><strong>voluit</strong></span> <span class='ocrx_word' id='word_1_474' title='bbox 1638 3597 1732 3662; x_wconf 88' lang='lat' dir='ltr'><strong>Deus</strong></span> <span class='ocrx_word' id='word_1_475' title='bbox 1758 3618 1818 3679; x_wconf 92' lang='lat' dir='ltr'><strong>per</strong></span> <span class='ocrx_word' id='word_1_476' title='bbox 1845 3594 1995 3660; x_wconf 92' lang='lat' dir='ltr'><strong>homines</strong></span> <span class='ocrx_word' id='word_1_477' title='bbox 2022 3593 2213 3670; x_wconf 90' lang='lat' dir='ltr'><strong>terminare,</strong></span> <span class='ocrx_word' id='word_1_478' title='bbox 2244 3592 2300 3657; x_wconf 90' lang='lat' dir='ltr'><strong>sed</strong></span> <span class='ocrx_word' id='word_1_479' title='bbox 2323 3589 2408 3657; x_wconf 86' lang='lat' dir='ltr'><strong>sedis</strong></span> 
     </span>
     <span class='ocr_line' id='line_1_34' title="bbox 397 3676 2408 3767; baseline -0.003 -20"><span class='ocrx_word' id='word_1_480' title='bbox 397 3681 519 3747; x_wconf 91' lang='lat' dir='ltr'><strong>habere</strong></span> <span class='ocrx_word' id='word_1_481' title='bbox 554 3681 793 3764; x_wconf 86' lang='lat' dir='ltr'><strong>plenitudinem</strong></span> <span class='ocrx_word' id='word_1_482' title='bbox 825 3685 1008 3765; x_wconf 89' lang='lat' dir='ltr'><strong>potestatis;</strong></span> <span class='ocrx_word' id='word_1_483' title='bbox 1041 3683 1098 3748; x_wconf 90' lang='lat' dir='ltr'><strong>sed</strong></span> <span class='ocrx_word' id='word_1_484' title='bbox 1131 3684 1277 3749; x_wconf 88' lang='lat' dir='ltr'><strong>iustitiae</strong></span> <span class='ocrx_word' id='word_1_485' title='bbox 1310 3705 1376 3748; x_wconf 93' lang='lat' dir='ltr'><strong>non</strong></span> <span class='ocrx_word' id='word_1_486' title='bbox 1428 3684 1527 3749; x_wconf 92' lang='lat' dir='ltr'><strong>huius</strong></span> <span class='ocrx_word' id='word_1_487' title='bbox 1547 3684 1732 3767; x_wconf 85' lang='lat' dir='ltr'><strong>praesulem</strong></span> <span class='ocrx_word' id='word_1_488' title='bbox 1754 3703 1823 3760; x_wconf 85' lang='lat' dir='ltr'><strong>suo,</strong></span> <span class='ocrx_word' id='word_1_489' title='bbox 1846 3682 1917 3746; x_wconf 90' lang='lat' dir='ltr'><strong>sine</strong></span> <span class='ocrx_word' id='word_1_490' title='bbox 1939 3680 2136 3764; x_wconf 90' lang='lat' dir='ltr'><strong>quaestione,</strong></span> <span class='ocrx_word' id='word_1_491' title='bbox 2155 3677 2301 3743; x_wconf 85' lang='lat' dir='ltr'><strong>servavit</strong></span> <span class='ocrx_word' id='word_1_492' title='bbox 2322 3676 2408 3741; x_wconf 92' lang='lat' dir='ltr'><strong>arbi-</strong></span> 
     </span>
     <span class='ocr_line' id='line_1_35' title="bbox 396 3761 2408 3855; baseline -0.002 -23"><span class='ocrx_word' id='word_1_493' title='bbox 396 3769 457 3832; x_wconf 91' lang='lat' dir='ltr'><strong>ita:</strong></span> <span class='ocrx_word' id='word_1_494' title='bbox 485 3768 591 3832; x_wconf 85' lang='lat' dir='ltr'><strong>facitis</strong></span> <span class='ocrx_word' id='word_1_495' title='bbox 619 3767 681 3833; x_wconf 91' lang='lat' dir='ltr'><strong>hoo</strong></span> <span class='ocrx_word' id='word_1_496' title='bbox 708 3769 784 3850; x_wconf 91' lang='lat' dir='ltr'><strong>quia</strong></span> <span class='ocrx_word' id='word_1_497' title='bbox 811 3769 962 3851; x_wconf 88' lang='lat' dir='ltr'><strong>potestis,</strong></span> <span class='ocrx_word' id='word_1_498' title='bbox 986 3768 1043 3834; x_wconf 92' lang='lat' dir='ltr'><strong>sed</strong></span> <span class='ocrx_word' id='word_1_499' title='bbox 1063 3778 1175 3833; x_wconf 90' lang='lat' dir='ltr'><strong>utrum</strong></span> <span class='ocrx_word' id='word_1_500' title='bbox 1198 3771 1297 3855; x_wconf 82' lang='lat' dir='ltr'><strong>etiam</strong></span> <span class='ocrx_word' id='word_1_501' title='bbox 1320 3769 1376 3834; x_wconf 93' lang='lat' dir='ltr'><strong>de·</strong></span> <span class='ocrx_word' id='word_1_502' title='bbox 1429 3770 1501 3835; x_wconf 89' lang='lat' dir='ltr'><strong>trio.</strong></span> <span class='ocrx_word' id='word_1_503' title='bbox 1553 3769 1653 3834; x_wconf 88' lang='lat' dir='ltr'><strong>Item:</strong></span> <span class='ocrx_word' id='word_1_504' title='bbox 1689 3769 1775 3834; x_wconf 86' lang='lat' dir='ltr'><strong>facta</strong></span> <span class='ocrx_word' id='word_1_505' title='bbox 1806 3765 2010 3833; x_wconf 90' lang='lat' dir='ltr'><strong>subditorum</strong></span> <span class='ocrx_word' id='word_1_506' title='bbox 2038 3764 2226 3831; x_wconf 87' lang='lat' dir='ltr'><strong>iudicantur</strong></span> <span class='ocrx_word' id='word_1_507' title='bbox 2253 3785 2273 3828; x_wconf 91' lang='lat' dir='ltr'><strong>a</strong></span> <span class='ocrx_word' id='word_1_508' title='bbox 2300 3761 2408 3841; x_wconf 90' lang='lat' dir='ltr'><strong>nobis;</strong></span> 
     </span>
     <span class='ocr_line' id='line_1_36' title="bbox 397 3852 1948 3938; baseline -0.002 -19"><span class='ocrx_word' id='word_1_509' title='bbox 397 3854 502 3919; x_wconf 89' lang='lat' dir='ltr'><strong>beatis</strong></span> <span class='ocrx_word' id='word_1_510' title='bbox 536 3854 683 3935; x_wconf 90' lang='lat' dir='ltr'><strong>quaestio</strong></span> <span class='ocrx_word' id='word_1_511' title='bbox 715 3861 780 3933; x_wconf 83' lang='lat' dir='ltr'><strong>est3</strong></span> <span class='ocrx_word' id='word_1_512' title='bbox 814 3853 857 3918; x_wconf 89' lang='lat' dir='ltr'><strong>ad</strong></span> <span class='ocrx_word' id='word_1_513' title='bbox 883 3855 1041 3920; x_wconf 92' lang='lat' dir='ltr'><strong>honorem</strong></span> <span class='ocrx_word' id='word_1_514' title='bbox 1068 3856 1248 3938; x_wconf 87' lang='lat' dir='ltr'><strong>quibusque</strong></span> <span class='ocrx_word' id='word_1_515' title='bbox 1279 3878 1376 3921; x_wconf 89' lang='lat' dir='ltr'><strong>suum</strong></span> <span class='ocrx_word' id='word_1_516' title='bbox 1429 3864 1543 3922; x_wconf 90' lang='lat' dir='ltr'><strong>nostra</strong></span> <span class='ocrx_word' id='word_1_517' title='bbox 1564 3863 1675 3920; x_wconf 87' lang='lat' dir='ltr'><strong>autem</strong></span> <span class='ocrx_word' id='word_1_518' title='bbox 1697 3876 1718 3918; x_wconf 93' lang='lat' dir='ltr'><strong>a</strong></span> <span class='ocrx_word' id='word_1_519' title='bbox 1738 3852 1806 3918; x_wconf 87' lang='lat' dir='ltr'><strong>solo</strong></span> <span class='ocrx_word' id='word_1_520' title='bbox 1827 3853 1909 3918; x_wconf 92' lang='lat' dir='ltr'><strong>Deo.</strong></span> <span class='ocrx_word' id='word_1_521' title='bbox 1918 3852 1948 3937; x_wconf 83' lang='lat'><strong>²)</strong></span> 
     </span>
     <span class='ocr_line' id='line_1_37' title="bbox 397 3932 2412 4023; baseline -0.002 -20"><span class='ocrx_word' id='word_1_522' title='bbox 397 3938 601 4023; x_wconf 87' lang='lat' dir='ltr'><strong>gradumque</strong></span> <span class='ocrx_word' id='word_1_523' title='bbox 635 3939 896 4004; x_wconf 84' lang='lat' dir='ltr'><strong>conservandum</strong></span> <span class='ocrx_word' id='word_1_524' title='bbox 929 3942 1029 4023; x_wconf 87' lang='lat' dir='ltr'><strong>positi</strong></span> <span class='ocrx_word' id='word_1_525' title='bbox 1056 3942 1149 4018; x_wconf 89' lang='lat' dir='ltr'><strong>ostis,</strong></span> <span class='ocrx_word' id='word_1_526' title='bbox 1189 3964 1255 4006; x_wconf 93' lang='lat' dir='ltr'><strong>non</strong></span> <span class='ocrx_word' id='word_1_527' title='bbox 1291 3943 1375 4007; x_wconf 88' lang='lat' dir='ltr'><strong>invi-</strong></span> <span class='ocrx_word' id='word_1_528' title='bbox 1517 3945 1567 4005; x_wconf 78' lang='lat'><strong>20.</strong></span> <span class='ocrx_word' id='word_1_529' title='bbox 1612 3942 1663 4005; x_wconf 77' lang='lat' dir='ltr'><strong>Ac</strong></span> <span class='ocrx_word' id='word_1_530' title='bbox 1699 3960 1763 4021; x_wconf 87' lang='lat' dir='ltr'><strong>quo</strong></span> <span class='ocrx_word' id='word_1_531' title='bbox 1801 3937 1961 4003; x_wconf 87' lang='lat' dir='ltr'><strong>eiusmodi</strong></span> <span class='ocrx_word' id='word_1_532' title='bbox 2000 3936 2105 4002; x_wconf 86' lang='lat' dir='ltr'><strong>edicta</strong></span> <span class='ocrx_word' id='word_1_533' title='bbox 2143 3935 2218 4018; x_wconf 88' lang='lat' dir='ltr'><strong>plus</strong></span> <span class='ocrx_word' id='word_1_534' title='bbox 2251 3932 2412 3999; x_wconf 89' lang='lat' dir='ltr'><strong>haberent</strong></span> 
     </span>
     <span class='ocr_line' id='line_1_38' title="bbox 397 4020 2410 4111; baseline -0.002 -22"><span class='ocrx_word' id='word_1_535' title='bbox 397 4023 549 4090; x_wconf 77' lang='lat' dir='ltr'><strong>dendrun</strong></span> <span class='ocrx_word' id='word_1_536' title='bbox 594 4024 688 4089; x_wconf 90' lang='lat' dir='ltr'><strong>Haec</strong></span> <span class='ocrx_word' id='word_1_537' title='bbox 714 4045 819 4107; x_wconf 92' lang='lat' dir='ltr'><strong>pauca</strong></span> <span class='ocrx_word' id='word_1_538' title='bbox 845 4048 887 4090; x_wconf 89' lang='lat' dir='ltr'><strong>ex</strong></span> <span class='ocrx_word' id='word_1_539' title='bbox 915 4028 1027 4092; x_wconf 89' lang='lat' dir='ltr'><strong>multis</strong></span> <span class='ocrx_word' id='word_1_540' title='bbox 1057 4028 1179 4092; x_wconf 82' lang='lat' dir='ltr'><strong>referre</strong></span> <span class='ocrx_word' id='word_1_541' title='bbox 1205 4027 1315 4105; x_wconf 89' lang='lat' dir='ltr'><strong>libuit,</strong></span> <span class='ocrx_word' id='word_1_542' title='bbox 1339 4039 1379 4090; x_wconf 92' lang='lat' dir='ltr'><strong>ut</strong></span> <span class='ocrx_word' id='word_1_543' title='bbox 1430 4027 1597 4111; x_wconf 87' lang='lat' dir='ltr'><strong>ponderis,</strong></span> <span class='ocrx_word' id='word_1_544' title='bbox 1636 4024 1718 4090; x_wconf 86' lang='lat' dir='ltr'><strong>falso</strong></span> <span class='ocrx_word' id='word_1_545' title='bbox 1757 4030 2000 4109; x_wconf 90' lang='lat' dir='ltr'><strong>supposuerunt</strong></span> <span class='ocrx_word' id='word_1_546' title='bbox 2035 4028 2186 4087; x_wconf 86' lang='lat' dir='ltr'><strong>veterum</strong></span> <span class='ocrx_word' id='word_1_547' title='bbox 2218 4020 2410 4103; x_wconf 90' lang='lat' dir='ltr'><strong>pontificum</strong></span> 
     </span>
     <span class='ocr_line' id='line_1_39' title="bbox 395 4106 2409 4195; baseline -0.003 -21"><span class='ocrx_word' id='word_1_548' title='bbox 395 4111 517 4193; x_wconf 89' lang='lat' dir='ltr'><strong>partim</strong></span> <span class='ocrx_word' id='word_1_549' title='bbox 539 4108 672 4175; x_wconf 87' lang='lat' dir='ltr'><strong>videant</strong></span> <span class='ocrx_word' id='word_1_550' title='bbox 692 4109 828 4175; x_wconf 91' lang='lat' dir='ltr'><strong>lectores</strong></span> <span class='ocrx_word' id='word_1_551' title='bbox 849 4131 947 4194; x_wconf 85' lang='lat' dir='ltr'><strong>quarn</strong></span> <span class='ocrx_word' id='word_1_552' title='bbox 969 4113 1116 4195; x_wconf 88' lang='lat' dir='ltr'><strong>graviter</strong></span> <span class='ocrx_word' id='word_1_553' title='bbox 1143 4122 1221 4178; x_wconf 90' lang='lat' dir='ltr'><strong>tunc</strong></span> <span class='ocrx_word' id='word_1_554' title='bbox 1242 4113 1379 4178; x_wconf 89' lang='lat' dir='ltr'><strong>ecclesia</strong></span> <span class='ocrx_word' id='word_1_555' title='bbox 1430 4113 1580 4190; x_wconf 87' lang='lat' dir='ltr'><strong>nomina,</strong></span> <span class='ocrx_word' id='word_1_556' title='bbox 1607 4112 1699 4195; x_wconf 90' lang='lat' dir='ltr'><strong>quasi</strong></span> <span class='ocrx_word' id='word_1_557' title='bbox 1727 4132 1781 4175; x_wconf 90' lang='lat' dir='ltr'><strong>res</strong></span> <span class='ocrx_word' id='word_1_558' title='bbox 1809 4132 1830 4175; x_wconf 93' lang='lat' dir='ltr'><strong>a</strong></span> <span class='ocrx_word' id='word_1_559' title='bbox 1851 4107 2029 4193; x_wconf 89' lang='lat' dir='ltr'><strong>primordio</strong></span> <span class='ocrx_word' id='word_1_560' title='bbox 2051 4108 2097 4171; x_wconf 89' lang='lat' dir='ltr'><strong>sic</strong></span> <span class='ocrx_word' id='word_1_561' title='bbox 2118 4106 2257 4171; x_wconf 76' lang='lat' dir='ltr'><strong>fluissent</strong></span> <span class='ocrx_word' id='word_1_562' title='bbox 2278 4106 2409 4170; x_wconf 88' lang='lat' dir='ltr'><strong>institn-</strong></span> 
     </span>
     <span class='ocr_line' id='line_1_40' title="bbox 396 4191 2409 4281; baseline -0.005 -19"><span class='ocrx_word' id='word_1_563' title='bbox 396 4195 604 4275; x_wconf 89' lang='lat' dir='ltr'><strong>oonoidisset,</strong></span> <span class='ocrx_word' id='word_1_564' title='bbox 633 4195 756 4277; x_wconf 89' lang='lat' dir='ltr'><strong>partim</strong></span> <span class='ocrx_word' id='word_1_565' title='bbox 784 4196 884 4261; x_wconf 88' lang='lat' dir='ltr'><strong>etiam</strong></span> <span class='ocrx_word' id='word_1_566' title='bbox 911 4207 950 4260; x_wconf 93' lang='lat' dir='ltr'><strong>ut</strong></span> <span class='ocrx_word' id='word_1_567' title='bbox 977 4208 1173 4281; x_wconf 81' lang='lat' dir='ltr'><strong>agnoscant,</strong></span> <span class='ocrx_word' id='word_1_568' title='bbox 1196 4206 1318 4281; x_wconf 91' lang='lat' dir='ltr'><strong>quanto</strong></span> <span class='ocrx_word' id='word_1_569' title='bbox 1340 4200 1376 4263; x_wconf 92' lang='lat' dir='ltr'><strong>in</strong></span> <span class='ocrx_word' id='word_1_570' title='bbox 1403 4260 1405 4268; x_wconf 66' lang='lat'><strong>,</strong></span> <span class='ocrx_word' id='word_1_571' title='bbox 1430 4206 1492 4274; x_wconf 91' lang='lat' dir='ltr'><strong>tae,</strong></span> <span class='ocrx_word' id='word_1_572' title='bbox 1515 4219 1617 4280; x_wconf 92' lang='lat' dir='ltr'><strong>quum</strong></span> <span class='ocrx_word' id='word_1_573' title='bbox 1635 4205 1723 4263; x_wconf 89' lang='lat' dir='ltr'><strong>certo</strong></span> <span class='ocrx_word' id='word_1_574' title='bbox 1740 4196 1862 4263; x_wconf 90' lang='lat' dir='ltr'><strong>certius</strong></span> <span class='ocrx_word' id='word_1_575' title='bbox 1884 4196 1927 4259; x_wconf 87' lang='lat' dir='ltr'><strong>sit</strong></span> <span class='ocrx_word' id='word_1_576' title='bbox 1948 4214 2072 4260; x_wconf 84' lang='lat' dir='ltr'><strong>novum</strong></span> <span class='ocrx_word' id='word_1_577' title='bbox 2093 4213 2164 4256; x_wconf 91' lang='lat' dir='ltr'><strong>esse</strong></span> <span class='ocrx_word' id='word_1_578' title='bbox 2182 4198 2217 4255; x_wconf 91' lang='lat' dir='ltr'><strong>et</strong></span> <span class='ocrx_word' id='word_1_579' title='bbox 2237 4211 2343 4273; x_wconf 90' lang='lat' dir='ltr'><strong>nuper</strong></span> <span class='ocrx_word' id='word_1_580' title='bbox 2360 4191 2409 4253; x_wconf 84' lang='lat' dir='ltr'><strong>fa-</strong></span> 
     </span>
     <span class='ocr_line' id='line_1_41' title="bbox 395 4273 2410 4366; baseline -0.004 -20"><span class='ocrx_word' id='word_1_581' title='bbox 395 4302 544 4347; x_wconf 90' lang='lat' dir='ltr'><strong>moerore</strong></span> <span class='ocrx_word' id='word_1_582' title='bbox 572 4302 609 4346; x_wconf 91' lang='lat' dir='ltr'><strong>ac</strong></span> <span class='ocrx_word' id='word_1_583' title='bbox 638 4281 763 4364; x_wconf 88' lang='lat' dir='ltr'><strong>gemitu</strong></span> <span class='ocrx_word' id='word_1_584' title='bbox 790 4283 861 4364; x_wconf 92' lang='lat' dir='ltr'><strong>pios</strong></span> <span class='ocrx_word' id='word_1_585' title='bbox 884 4303 996 4348; x_wconf 90' lang='lat' dir='ltr'><strong>omnes</strong></span> <span class='ocrx_word' id='word_1_586' title='bbox 1016 4284 1160 4348; x_wconf 90' lang='lat' dir='ltr'><strong>tenuerit</strong></span> <span class='ocrx_word' id='word_1_587' title='bbox 1181 4284 1306 4350; x_wconf 87' lang='lat' dir='ltr'><strong>isthaec</strong></span> <span class='ocrx_word' id='word_1_588' title='bbox 1324 4307 1377 4350; x_wconf 91' lang='lat' dir='ltr'><strong>ca-</strong></span> <span class='ocrx_word' id='word_1_589' title='bbox 1431 4284 1593 4349; x_wconf 90' lang='lat' dir='ltr'><strong>bricatum</strong></span> <span class='ocrx_word' id='word_1_590' title='bbox 1634 4281 1791 4366; x_wconf 81' lang='lat' dir='ltr'><strong>quidquid</strong></span> <span class='ocrx_word' id='word_1_591' title='bbox 1827 4301 1963 4346; x_wconf 89' lang='lat' dir='ltr'><strong>romano</strong></span> <span class='ocrx_word' id='word_1_592' title='bbox 2000 4278 2147 4362; x_wconf 91' lang='lat' dir='ltr'><strong>pontifici</strong></span> <span class='ocrx_word' id='word_1_593' title='bbox 2184 4275 2258 4358; x_wconf 89' lang='lat' dir='ltr'><strong>plus</strong></span> <span class='ocrx_word' id='word_1_594' title='bbox 2294 4273 2410 4338; x_wconf 88' lang='lat' dir='ltr'><strong>tribuit</strong></span> 
     </span>
     <span class='ocr_line' id='line_1_42' title="bbox 395 4359 2407 4452; baseline -0.005 -20"><span class='ocrx_word' id='word_1_595' title='bbox 395 4367 534 4432; x_wconf 88' lang='lat' dir='ltr'><strong>lamitas.</strong></span> <span class='ocrx_word' id='word_1_596' title='bbox 1430 4391 1531 4452; x_wconf 89' lang='lat' dir='ltr'><strong>quam</strong></span> <span class='ocrx_word' id='word_1_597' title='bbox 1553 4369 1584 4434; x_wconf 90' lang='lat' dir='ltr'><strong>ei</strong></span> <span class='ocrx_word' id='word_1_598' title='bbox 1606 4391 1626 4434; x_wconf 92' lang='lat' dir='ltr'><strong>a</strong></span> <span class='ocrx_word' id='word_1_599' title='bbox 1647 4368 1787 4434; x_wconf 81' lang='lat' dir='ltr'><strong>vetrrstis</strong></span> <span class='ocrx_word' id='word_1_600' title='bbox 1804 4366 1949 4433; x_wconf 89' lang='lat' dir='ltr'><strong>conciliis</strong></span> <span class='ocrx_word' id='word_1_601' title='bbox 1971 4365 2086 4430; x_wconf 90' lang='lat' dir='ltr'><strong>datum</strong></span> <span class='ocrx_word' id='word_1_602' title='bbox 2107 4363 2206 4426; x_wconf 82' lang='lat' dir='ltr'><strong>fuisse</strong></span> <span class='ocrx_word' id='word_1_603' title='bbox 2226 4359 2407 4424; x_wconf 89' lang='lat' dir='ltr'><strong>retulimus.</strong></span> 
     </span>
     <span class='ocr_line' id='line_1_43' title="bbox 488 4445 2409 4538; baseline -0.004 -22"><span class='ocrx_word' id='word_1_604' title='bbox 488 4456 535 4516; x_wconf 80' lang='lat'><strong>19.</strong></span> <span class='ocrx_word' id='word_1_605' title='bbox 581 4453 655 4518; x_wconf 93' lang='lat' dir='ltr'><strong>Iam</strong></span> <span class='ocrx_word' id='word_1_606' title='bbox 682 4472 761 4517; x_wconf 84' lang='lat' dir='ltr'><strong>vero</strong></span> <span class='ocrx_word' id='word_1_607' title='bbox 783 4459 821 4516; x_wconf 90' lang='lat' dir='ltr'><strong>ut</strong></span> <span class='ocrx_word' id='word_1_608' title='bbox 842 4474 979 4519; x_wconf 92' lang='lat' dir='ltr'><strong>romano</strong></span> <span class='ocrx_word' id='word_1_609' title='bbox 1001 4453 1148 4537; x_wconf 85' lang='lat' dir='ltr'><strong>pontifici</strong></span> <span class='ocrx_word' id='word_1_610' title='bbox 1174 4454 1270 4521; x_wconf 91' lang='lat' dir='ltr'><strong>hodie</strong></span> <span class='ocrx_word' id='word_1_611' title='bbox 1299 4475 1377 4522; x_wconf 92' lang='lat' dir='ltr'><strong>oon·</strong></span> <span class='ocrx_word' id='word_1_612' title='bbox 1432 4455 1643 4537; x_wconf 81' lang='lat' dir='ltr'><strong>Quinetiam</strong></span> <span class='ocrx_word' id='word_1_613' title='bbox 1664 4473 1702 4519; x_wconf 90' lang='lat' dir='ltr'><strong>eo</strong></span> <span class='ocrx_word' id='word_1_614' title='bbox 1722 4453 1947 4538; x_wconf 90' lang='lat' dir='ltr'><strong>impudentiae</strong></span> <span class='ocrx_word' id='word_1_615' title='bbox 1968 4454 2132 4517; x_wconf 81' lang='lat' dir='ltr'><strong>venerunt</strong></span> <span class='ocrx_word' id='word_1_616' title='bbox 2153 4453 2191 4508; x_wconf 91' lang='lat' dir='ltr'><strong>ut</strong></span> <span class='ocrx_word' id='word_1_617' title='bbox 2212 4445 2409 4526; x_wconf 90' lang='lat' dir='ltr'><strong>rescriptum</strong></span> 
     </span>
     <span class='ocr_line' id='line_1_44' title="bbox 399 4528 2408 4625; baseline -0.004 -23"><span class='ocrx_word' id='word_1_618' title='bbox 399 4536 553 4603; x_wconf 88' lang='lat' dir='ltr'><strong>cedamus</strong></span> <span class='ocrx_word' id='word_1_619' title='bbox 586 4538 798 4603; x_wconf 88' lang='lat' dir='ltr'><strong>eminentiam</strong></span> <span class='ocrx_word' id='word_1_620' title='bbox 824 4538 917 4603; x_wconf 91' lang='lat' dir='ltr'><strong>illam</strong></span> <span class='ocrx_word' id='word_1_621' title='bbox 944 4548 977 4604; x_wconf 92' lang='lat' dir='ltr'><strong>et</strong></span> <span class='ocrx_word' id='word_1_622' title='bbox 1004 4540 1235 4607; x_wconf 86' lang='lat' dir='ltr'><strong>iurisdictionis</strong></span> <span class='ocrx_word' id='word_1_623' title='bbox 1262 4542 1377 4625; x_wconf 92' lang='lat' dir='ltr'><strong>ampli·</strong></span> <span class='ocrx_word' id='word_1_624' title='bbox 1430 4540 1630 4625; x_wconf 76' lang='lat' dir='ltr'><strong>ediderint’)</strong></span> <span class='ocrx_word' id='word_1_625' title='bbox 1657 4539 1718 4605; x_wconf 92' lang='lat' dir='ltr'><strong>sub</strong></span> <span class='ocrx_word' id='word_1_626' title='bbox 1745 4540 1877 4604; x_wconf 92' lang='lat' dir='ltr'><strong>nomine</strong></span> <span class='ocrx_word' id='word_1_627' title='bbox 1904 4535 2071 4603; x_wconf 80' lang='lat' dir='ltr'><strong>Anastasii</strong></span> <span class='ocrx_word' id='word_1_628' title='bbox 2094 4529 2298 4613; x_wconf 89' lang='lat' dir='ltr'><strong>patriarchae</strong></span> <span class='ocrx_word' id='word_1_629' title='bbox 2320 4528 2408 4594; x_wconf 76' lang='lat' dir='ltr'><strong>(lon-</strong></span> 
     </span>
     <span class='ocr_line' id='line_1_45' title="bbox 378 4614 2408 4714; baseline 0.002 -35"><span class='ocrx_word' id='word_1_630' title='bbox 378 4622 547 4686; x_wconf 53' lang='lat' dir='ltr'><strong>,tudinem</strong></span> <span class='ocrx_word' id='word_1_631' title='bbox 565 4646 663 4705; x_wconf 90' lang='lat' dir='ltr'><strong>quam</strong></span> <span class='ocrx_word' id='word_1_632' title='bbox 681 4624 796 4689; x_wconf 89' lang='lat' dir='ltr'><strong>mediis</strong></span> <span class='ocrx_word' id='word_1_633' title='bbox 813 4624 1023 4708; x_wconf 82' lang='lat' dir='ltr'><strong>temporibus,</strong></span> <span class='ocrx_word' id='word_1_634' title='bbox 1046 4634 1085 4690; x_wconf 91' lang='lat' dir='ltr'><strong>ut</strong></span> <span class='ocrx_word' id='word_1_635' title='bbox 1101 4628 1224 4692; x_wconf 88' lang='lat' dir='ltr'><strong>Leonis</strong></span> <span class='ocrx_word' id='word_1_636' title='bbox 1241 4636 1275 4692; x_wconf 91' lang='lat' dir='ltr'><strong>et</strong></span> <span class='ocrx_word' id='word_1_637' title='bbox 1292 4628 1377 4694; x_wconf 82' lang='lat' dir='ltr'><strong>Gre-</strong></span> <span class='ocrx_word' id='word_1_638' title='bbox 1431 4626 1726 4709; x_wconf 83' lang='lat' dir='ltr'><strong>stantinopolitani,</strong></span> <span class='ocrx_word' id='word_1_639' title='bbox 1764 4627 1801 4689; x_wconf 94' lang='lat' dir='ltr'><strong>in</strong></span> <span class='ocrx_word' id='word_1_640' title='bbox 1840 4646 1903 4707; x_wconf 90' lang='lat' dir='ltr'><strong>quo</strong></span> <span class='ocrx_word' id='word_1_641' title='bbox 1935 4627 2076 4686; x_wconf 88' lang='lat' dir='ltr'><strong>testatur</strong></span> <span class='ocrx_word' id='word_1_642' title='bbox 2108 4615 2250 4714; x_wconf 72' lang='lat' dir='ltr'><strong>antiquis</strong></span> <span class='ocrx_word' id='word_1_643' title='bbox 2283 4614 2408 4711; x_wconf 79' lang='lat' dir='ltr'><strong>regulis</strong></span> 
     </span>
     <span class='ocr_line' id='line_1_46' title="bbox 400 4706 2408 4798; baseline -0.003 -28"><span class='ocrx_word' id='word_1_644' title='bbox 400 4707 497 4792; x_wconf 87' lang='lat' dir='ltr'><strong>gorii,</strong></span> <span class='ocrx_word' id='word_1_645' title='bbox 525 4707 641 4773; x_wconf 90' lang='lat' dir='ltr'><strong>habuit</strong></span> <span class='ocrx_word' id='word_1_646' title='bbox 667 4710 748 4776; x_wconf 87' lang='lat' dir='ltr'><strong>haec</strong></span> <span class='ocrx_word' id='word_1_647' title='bbox 776 4710 884 4790; x_wconf 86' lang='lat' dir='ltr'><strong>sedes,</strong></span> <span class='ocrx_word' id='word_1_648' title='bbox 913 4711 992 4794; x_wconf 89' lang='lat' dir='ltr'><strong>quid</strong></span> <span class='ocrx_word' id='word_1_649' title='bbox 1021 4712 1083 4778; x_wconf 92' lang='lat' dir='ltr'><strong>hoc</strong></span> <span class='ocrx_word' id='word_1_650' title='bbox 1106 4713 1148 4777; x_wconf 88' lang='lat' dir='ltr'><strong>ad</strong></span> <span class='ocrx_word' id='word_1_651' title='bbox 1169 4723 1378 4798; x_wconf 88' lang='lat' dir='ltr'><strong>praesentem</strong></span> <span class='ocrx_word' id='word_1_652' title='bbox 1429 4713 1530 4779; x_wconf 82' lang='lat' dir='ltr'><strong>fnisse</strong></span> <span class='ocrx_word' id='word_1_653' title='bbox 1551 4713 1725 4790; x_wconf 88' lang='lat' dir='ltr'><strong>sancitum,</strong></span> <span class='ocrx_word' id='word_1_654' title='bbox 1748 4732 1791 4775; x_wconf 90' lang='lat' dir='ltr'><strong>ne</strong></span> <span class='ocrx_word' id='word_1_655' title='bbox 1812 4709 1889 4793; x_wconf 88' lang='lat' dir='ltr'><strong>quid</strong></span> <span class='ocrx_word' id='word_1_656' title='bbox 1908 4706 1960 4773; x_wconf 87' lang='lat' dir='ltr'><strong>vel</strong></span> <span class='ocrx_word' id='word_1_657' title='bbox 1981 4706 2016 4769; x_wconf 90' lang='lat' dir='ltr'><strong>in</strong></span> <span class='ocrx_word' id='word_1_658' title='bbox 2033 4709 2258 4768; x_wconf 79' lang='lat' dir='ltr'><strong>remotissrmrs</strong></span> <span class='ocrx_word' id='word_1_659' title='bbox 2275 4721 2408 4783; x_wconf 82' lang='lat' dir='ltr'><strong>provin-</strong></span> 
     </span>
     <span class='ocr_line' id='line_1_47' title="bbox 399 4785 2408 4885; baseline -0.002 -30"><span class='ocrx_word' id='word_1_660' title='bbox 399 4792 577 4877; x_wconf 81' lang='lat' dir='ltr'><strong>papatum?</strong></span> <span class='ocrx_word' id='word_1_661' title='bbox 618 4794 772 4861; x_wconf 90' lang='lat' dir='ltr'><strong>Nondum</strong></span> <span class='ocrx_word' id='word_1_662' title='bbox 793 4797 908 4881; x_wconf 88' lang='lat' dir='ltr'><strong>loquor</strong></span> <span class='ocrx_word' id='word_1_663' title='bbox 929 4797 969 4862; x_wconf 92' lang='lat' dir='ltr'><strong>de</strong></span> <span class='ocrx_word' id='word_1_664' title='bbox 991 4807 1120 4864; x_wconf 89' lang='lat' dir='ltr'><strong>terreno</strong></span> <span class='ocrx_word' id='word_1_665' title='bbox 1142 4800 1295 4879; x_wconf 93' lang='lat' dir='ltr'><strong>dominio,</strong></span> <span class='ocrx_word' id='word_1_666' title='bbox 1317 4821 1378 4865; x_wconf 91' lang='lat' dir='ltr'><strong>nec</strong></span> <span class='ocrx_word' id='word_1_667' title='bbox 1430 4799 1489 4864; x_wconf 89' lang='lat' dir='ltr'><strong>ciis</strong></span> <span class='ocrx_word' id='word_1_668' title='bbox 1516 4805 1684 4883; x_wconf 89' lang='lat' dir='ltr'><strong>ageretur,</strong></span> <span class='ocrx_word' id='word_1_669' title='bbox 1712 4796 1796 4881; x_wconf 91' lang='lat' dir='ltr'><strong>quod</strong></span> <span class='ocrx_word' id='word_1_670' title='bbox 1820 4816 1888 4860; x_wconf 91' lang='lat' dir='ltr'><strong>non</strong></span> <span class='ocrx_word' id='word_1_671' title='bbox 1914 4792 1957 4859; x_wconf 86' lang='lat' dir='ltr'><strong>ad</strong></span> <span class='ocrx_word' id='word_1_672' title='bbox 1982 4808 2151 4854; x_wconf 90' lang='lat' dir='ltr'><strong>romanam</strong></span> <span class='ocrx_word' id='word_1_673' title='bbox 2178 4785 2289 4885; x_wconf 81' lang='lat' dir='ltr'><strong>sedem</strong></span> <span class='ocrx_word' id='word_1_674' title='bbox 2316 4786 2408 4884; x_wconf 82' lang='lat' dir='ltr'><strong>prius</strong></span> 
     </span>
     <span class='ocr_line' id='line_1_48' title="bbox 400 4870 2409 4968; baseline -0.004 -26"><span class='ocrx_word' id='word_1_675' title='bbox 400 4878 441 4943; x_wconf 90' lang='lat' dir='ltr'><strong>de</strong></span> <span class='ocrx_word' id='word_1_676' title='bbox 463 4878 551 4943; x_wconf 88' lang='lat' dir='ltr'><strong>civili</strong></span> <span class='ocrx_word' id='word_1_677' title='bbox 579 4887 751 4960; x_wconf 85' lang='lat' dir='ltr'><strong>potestate,</strong></span> <span class='ocrx_word' id='word_1_678' title='bbox 780 4883 959 4967; x_wconf 91' lang='lat' dir='ltr'><strong>dequibus</strong></span> <span class='ocrx_word' id='word_1_679' title='bbox 982 4892 1093 4968; x_wconf 89' lang='lat' dir='ltr'><strong>postea</strong></span> <span class='ocrx_word' id='word_1_680' title='bbox 1115 4907 1174 4951; x_wconf 91' lang='lat' dir='ltr'><strong>suo</strong></span> <span class='ocrx_word' id='word_1_681' title='bbox 1195 4886 1265 4952; x_wconf 94' lang='lat' dir='ltr'><strong>loco</strong></span> <span class='ocrx_word' id='word_1_682' title='bbox 1287 4886 1377 4953; x_wconf 85' lang='lat' dir='ltr'><strong>vide-</strong></span> <span class='ocrx_word' id='word_1_683' title='bbox 1430 4885 1573 4951; x_wconf 90' lang='lat' dir='ltr'><strong>relatum</strong></span> <span class='ocrx_word' id='word_1_684' title='bbox 1598 4886 1690 4950; x_wconf 85' lang='lat' dir='ltr'><strong>foret</strong></span> <span class='ocrx_word' id='word_1_685' title='bbox 1740 4883 1977 4961; x_wconf 89' lang='lat' dir='ltr'><strong>Praeterquam</strong></span> <span class='ocrx_word' id='word_1_686' title='bbox 2005 4872 2091 4957; x_wconf 93' lang='lat' dir='ltr'><strong>quod</strong></span> <span class='ocrx_word' id='word_1_687' title='bbox 2124 4873 2340 4938; x_wconf 79' lang='lat' dir='ltr'><strong>vanissimum</strong></span> <span class='ocrx_word' id='word_1_688' title='bbox 2373 4870 2409 4936; x_wconf 82' lang='lat' dir='ltr'><strong>id</strong></span> 
     </span>
     <span class='ocr_line' id='line_1_49' title="bbox 399 4957 2482 5056; baseline -0.002 -28"><span class='ocrx_word' id='word_1_689' title='bbox 399 4964 522 5043; x_wconf 82' lang='lat' dir='ltr'><strong>bimus3</strong></span> <span class='ocrx_word' id='word_1_690' title='bbox 549 4963 606 5028; x_wconf 91' lang='lat' dir='ltr'><strong>sed</strong></span> <span class='ocrx_word' id='word_1_691' title='bbox 632 4965 739 5044; x_wconf 90' lang='lat' dir='ltr'><strong>ipsum</strong></span> <span class='ocrx_word' id='word_1_692' title='bbox 765 4968 933 5050; x_wconf 89' lang='lat' dir='ltr'><strong>spirituale</strong></span> <span class='ocrx_word' id='word_1_693' title='bbox 960 4972 1107 5055; x_wconf 88' lang='lat' dir='ltr'><strong>regimen</strong></span> <span class='ocrx_word' id='word_1_694' title='bbox 1136 4972 1223 5056; x_wconf 93' lang='lat' dir='ltr'><strong>quod</strong></span> <span class='ocrx_word' id='word_1_695' title='bbox 1244 4973 1376 5052; x_wconf 89' lang='lat' dir='ltr'><strong>iactant,</strong></span> <span class='ocrx_word' id='word_1_696' title='bbox 1430 4992 1501 5037; x_wconf 90' lang='lat' dir='ltr'><strong>esse</strong></span> <span class='ocrx_word' id='word_1_697' title='bbox 1528 4977 1666 5049; x_wconf 88' lang='lat' dir='ltr'><strong>constat,</strong></span> <span class='ocrx_word' id='word_1_698' title='bbox 1694 4968 1748 5034; x_wconf 91' lang='lat' dir='ltr'><strong>cni</strong></span> <span class='ocrx_word' id='word_1_699' title='bbox 1777 4965 1948 5030; x_wconf 89' lang='lat' dir='ltr'><strong>hominum</strong></span> <span class='ocrx_word' id='word_1_700' title='bbox 1975 4957 2129 5026; x_wconf 91' lang='lat' dir='ltr'><strong>credibile</strong></span> <span class='ocrx_word' id='word_1_701' title='bbox 2155 4959 2233 5037; x_wconf 89' lang='lat' dir='ltr'><strong>erit,</strong></span> <span class='ocrx_word' id='word_1_702' title='bbox 2261 4959 2328 5024; x_wconf 91' lang='lat' dir='ltr'><strong>tale</strong></span> <span class='ocrx_word' id='word_1_703' title='bbox 2354 4978 2407 5022; x_wconf 91' lang='lat' dir='ltr'><strong>ro-</strong></span> <span class='ocrx_word' id='word_1_704' title='bbox 2480 5018 2482 5024; x_wconf 92' lang='lat'><em>.</em></span> 
     </span>
     <span class='ocr_line' id='line_1_50' title="bbox 400 5042 2409 5139; baseline -0.002 -25"><span class='ocrx_word' id='word_1_705' title='bbox 400 5048 479 5133; x_wconf 90' lang='lat' dir='ltr'><strong>quid</strong></span> <span class='ocrx_word' id='word_1_706' title='bbox 507 5049 613 5113; x_wconf 91' lang='lat' dir='ltr'><strong>simile</strong></span> <span class='ocrx_word' id='word_1_707' title='bbox 640 5070 716 5114; x_wconf 92' lang='lat' dir='ltr'><strong>oum</strong></span> <span class='ocrx_word' id='word_1_708' title='bbox 741 5052 873 5117; x_wconf 92' lang='lat' dir='ltr'><strong>illorum</strong></span> <span class='ocrx_word' id='word_1_709' title='bbox 901 5062 1086 5139; x_wconf 85' lang='lat' dir='ltr'><strong>temporum</strong></span> <span class='ocrx_word' id='word_1_710' title='bbox 1112 5057 1296 5124; x_wconf 87' lang='lat' dir='ltr'><strong>conditione</strong></span> <span class='ocrx_word' id='word_1_711' title='bbox 1319 5058 1378 5122; x_wconf 89' lang='lat' dir='ltr'><strong>ha-</strong></span> <span class='ocrx_word' id='word_1_712' title='bbox 1430 5078 1547 5123; x_wconf 91' lang='lat' dir='ltr'><strong>manae</strong></span> <span class='ocrx_word' id='word_1_713' title='bbox 1569 5056 1655 5123; x_wconf 91' lang='lat' dir='ltr'><strong>sedis</strong></span> <span class='ocrx_word' id='word_1_714' title='bbox 1676 5054 1726 5119; x_wconf 93' lang='lat' dir='ltr'><strong>elo</strong></span> <span class='ocrx_word' id='word_1_715' title='bbox 1752 5053 1819 5115; x_wconf 90' lang='lat' dir='ltr'><strong>&#39;um</strong></span> <span class='ocrx_word' id='word_1_716' title='bbox 1840 5048 1881 5114; x_wconf 90' lang='lat' dir='ltr'><strong>ab</strong></span> <span class='ocrx_word' id='word_1_717' title='bbox 1910 5045 2096 5113; x_wconf 84' lang='lat' dir='ltr'><strong>adversario</strong></span> <span class='ocrx_word' id='word_1_718' title='bbox 2124 5052 2158 5111; x_wconf 90' lang='lat' dir='ltr'><strong>ct</strong></span> <span class='ocrx_word' id='word_1_719' title='bbox 2180 5045 2313 5110; x_wconf 90' lang='lat' dir='ltr'><strong>honoris</strong></span> <span class='ocrx_word' id='word_1_720' title='bbox 2336 5042 2409 5128; x_wconf 70' lang='lat' dir='ltr'><strong>dig-</strong></span> 
     </span>
     <span class='ocr_line' id='line_1_51' title="bbox 400 5129 2412 5226; baseline -0.003 -24"><span class='ocrx_word' id='word_1_721' title='bbox 400 5133 476 5202; x_wconf 81' lang='lat' dir='ltr'><strong>bet?</strong></span> <span class='ocrx_word' id='word_1_722' title='bbox 520 5137 648 5218; x_wconf 83' lang='lat' dir='ltr'><strong>Papam</strong></span> <span class='ocrx_word' id='word_1_723' title='bbox 669 5134 757 5199; x_wconf 93' lang='lat' dir='ltr'><strong>enim</strong></span> <span class='ocrx_word' id='word_1_724' title='bbox 777 5158 843 5201; x_wconf 92' lang='lat' dir='ltr'><strong>non</strong></span> <span class='ocrx_word' id='word_1_725' title='bbox 862 5138 958 5204; x_wconf 86' lang='lat' dir='ltr'><strong>aliter</strong></span> <span class='ocrx_word' id='word_1_726' title='bbox 979 5140 1142 5207; x_wconf 86' lang='lat' dir='ltr'><strong>definiunt</strong></span> <span class='ocrx_word' id='word_1_727' title='bbox 1169 5164 1267 5226; x_wconf 87' lang='lat' dir='ltr'><strong>quam</strong></span> <span class='ocrx_word' id='word_1_728' title='bbox 1288 5167 1377 5211; x_wconf 93' lang='lat' dir='ltr'><strong>sum·</strong></span> <span class='ocrx_word' id='word_1_729' title='bbox 1430 5145 1607 5226; x_wconf 89' lang='lat' dir='ltr'><strong>nitatisque</strong></span> <span class='ocrx_word' id='word_1_730' title='bbox 1641 5160 1714 5204; x_wconf 88' lang='lat' dir='ltr'><strong>aem</strong></span> <span class='ocrx_word' id='word_1_731' title='bbox 1748 5156 1768 5199; x_wconf 95' lang='lat' dir='ltr'><strong>o</strong></span> <span class='ocrx_word' id='word_1_732' title='bbox 1801 5134 1983 5218; x_wconf 89' lang='lat' dir='ltr'><strong>profectum</strong></span> <span class='ocrx_word' id='word_1_733' title='bbox 2017 5129 2136 5197; x_wconf 83' lang='lat' dir='ltr'><strong>esse?&#39;</strong></span> <span class='ocrx_word' id='word_1_734' title='bbox 2162 5129 2229 5196; x_wconf 79' lang='lat' dir='ltr'><strong>Sed</strong></span> <span class='ocrx_word' id='word_1_735' title='bbox 2265 5130 2412 5214; x_wconf 83' lang='lat' dir='ltr'><strong>oportuit</strong></span> 
     </span>
     <span class='ocr_line' id='line_1_52' title="bbox 400 5218 1378 5305; baseline 0.008 -18"><span class='ocrx_word' id='word_1_736' title='bbox 400 5243 493 5287; x_wconf 91' lang='lat' dir='ltr'><strong>mum</strong></span> <span class='ocrx_word' id='word_1_737' title='bbox 512 5223 547 5286; x_wconf 95' lang='lat' dir='ltr'><strong>in</strong></span> <span class='ocrx_word' id='word_1_738' title='bbox 564 5221 662 5285; x_wconf 88' lang='lat' dir='ltr'><strong>terris</strong></span> <span class='ocrx_word' id='word_1_739' title='bbox 683 5220 836 5286; x_wconf 90' lang='lat' dir='ltr'><strong>ecclesiae</strong></span> <span class='ocrx_word' id='word_1_740' title='bbox 855 5218 960 5304; x_wconf 80' lang='lat' dir='ltr'><strong>ca&#39;pnt,</strong></span> <span class='ocrx_word' id='word_1_741' title='bbox 983 5233 1017 5288; x_wconf 90' lang='lat' dir='ltr'><strong>et</strong></span> <span class='ocrx_word' id='word_1_742' title='bbox 1033 5226 1253 5305; x_wconf 82' lang='lat' dir='ltr'><strong>universalem</strong></span> <span class='ocrx_word' id='word_1_743' title='bbox 1275 5231 1378 5296; x_wconf 90' lang='lat' dir='ltr'><strong>totins</strong></span> 
     </span>
     <span class='ocr_line' id='line_1_53' title="bbox 400 5307 1523 5399; baseline 0.007 -27"><span class='ocrx_word' id='word_1_744' title='bbox 400 5307 490 5373; x_wconf 91' lang='lat' dir='ltr'><strong>orbis</strong></span> <span class='ocrx_word' id='word_1_745' title='bbox 511 5308 716 5390; x_wconf 65' lang='lat' dir='ltr'><strong>episcopum:</strong></span> <span class='ocrx_word' id='word_1_746' title='bbox 744 5307 813 5389; x_wconf 90' lang='lat' dir='ltr'><strong>Ipsi</strong></span> <span class='ocrx_word' id='word_1_747' title='bbox 834 5327 912 5371; x_wconf 86' lang='lat' dir='ltr'><strong>vero</strong></span> <span class='ocrx_word' id='word_1_748' title='bbox 933 5310 1111 5399; x_wconf 85' lang='lat' dir='ltr'><strong>pontifices,</strong></span> <span class='ocrx_word' id='word_1_749' title='bbox 1134 5332 1236 5392; x_wconf 92' lang='lat' dir='ltr'><strong>quum</strong></span> <span class='ocrx_word' id='word_1_750' title='bbox 1257 5313 1297 5379; x_wconf 91' lang='lat' dir='ltr'><strong>de</strong></span> <span class='ocrx_word' id='word_1_751' title='bbox 1319 5338 1379 5381; x_wconf 85' lang='lat' dir='ltr'><strong>aua</strong></span> <span class='ocrx_word' id='word_1_752' title='bbox 1432 5337 1523 5344; x_wconf 76' lang='grc'><strong><em>-····</em></strong></span> 
     </span>
     <span class='ocr_line' id='line_1_54' title="bbox 400 5393 1379 5478; baseline 0.005 -19"><span class='ocrx_word' id='word_1_753' title='bbox 400 5394 577 5460; x_wconf 86' lang='lat' dir='ltr'><strong>autoritate</strong></span> <span class='ocrx_word' id='word_1_754' title='bbox 601 5393 794 5475; x_wconf 92' lang='lat' dir='ltr'><strong>loquuntur,</strong></span> <span class='ocrx_word' id='word_1_755' title='bbox 822 5411 943 5476; x_wconf 83' lang='lat' dir='ltr'><strong>magno</strong></span> <span class='ocrx_word' id='word_1_756' title='bbox 964 5395 1136 5477; x_wconf 91' lang='lat' dir='ltr'><strong>supercilio</strong></span> <span class='ocrx_word' id='word_1_757' title='bbox 1157 5401 1379 5478; x_wconf 87' lang='lat' dir='ltr'><strong>pronunciant</strong></span> 
     </span>
    </p>
   </div>
   <div class='ocr_carea' id='block_1_3' title="bbox 471 5448 2409 5738">
    <p class='ocr_par' dir='ltr' id='par_1_3' title="bbox 471 5448 2409 5738">
     <span class='ocr_line' id='line_1_55' title="bbox 1500 5448 2408 5572; baseline -0.011 -57"><span class='ocrx_word' id='word_1_758' title='bbox 1500 5468 1529 5530; x_wconf 85' lang='lat'><strong>1)</strong></span> <span class='ocrx_word' id='word_1_759' title='bbox 1548 5462 1681 5523; x_wconf 76' lang='lat' dir='ltr'><strong>Nicotaus,</strong></span> <span class='ocrx_word' id='word_1_760' title='bbox 1705 5460 1780 5512; x_wconf 90' lang='lat' dir='ltr'><strong>cuins</strong></span> <span class='ocrx_word' id='word_1_761' title='bbox 1798 5459 1933 5511; x_wconf 82' lang='lat' dir='ltr'><strong>sententia</strong></span> <span class='ocrx_word' id='word_1_762' title='bbox 1951 5457 2017 5508; x_wconf 86' lang='lat' dir='ltr'><strong>haee</strong></span> <span class='ocrx_word' id='word_1_763' title='bbox 2045 5456 2073 5506; x_wconf 89' lang='lat' dir='ltr'><strong>in</strong></span> <span class='ocrx_word' id='word_1_764' title='bbox 2092 5454 2217 5506; x_wconf 87' lang='lat' dir='ltr'><strong>Decretis</strong></span> <span class='ocrx_word' id='word_1_765' title='bbox 2236 5451 2276 5504; x_wconf 83' lang='grc'><strong>17.</strong></span> <span class='ocrx_word' id='word_1_766' title='bbox 2296 5470 2321 5572; x_wconf 58' lang='lat' dir='ltr'><strong>q.</strong></span> <span class='ocrx_word' id='word_1_767' title='bbox 2340 5448 2364 5504; x_wconf 62' lang='lat' dir='ltr'><strong>b</strong></span> <span class='ocrx_word' id='word_1_768' title='bbox 2384 5467 2408 5505; x_wconf 89' lang='lat' dir='ltr'><strong>o.</strong></span> 
     </span>
     <span class='ocr_line' id='line_1_56' title="bbox 1431 5519 2407 5642; baseline -0.016 -55"><span class='ocrx_word' id='word_1_769' title='bbox 1431 5534 1546 5613; x_wconf 84' lang='lat' dir='ltr'><strong>Nemini.</strong></span> <span class='ocrx_word' id='word_1_770' title='bbox 1574 5529 1725 5583; x_wconf 85' lang='lat' dir='ltr'><strong>Inuoocntii</strong></span> <span class='ocrx_word' id='word_1_771' title='bbox 1742 5527 1767 5609; x_wconf 81' lang='lat'><strong>⁹:</strong></span> <span class='ocrx_word' id='word_1_772' title='bbox 1786 5546 1812 5597; x_wconf 92' lang='lat' dir='ltr'><strong>q.</strong></span> <span class='ocrx_word' id='word_1_773' title='bbox 1830 5526 1855 5581; x_wconf 99' lang='lat'>3</span> <span class='ocrx_word' id='word_1_774' title='bbox 1875 5543 1896 5579; x_wconf 88' lang='lat' dir='ltr'><strong>c.</strong></span> <span class='ocrx_word' id='word_1_775' title='bbox 1915 5525 2009 5615; x_wconf 72' lang='lat' dir='ltr'><strong>Nemo.</strong></span> <span class='ocrx_word' id='word_1_776' title='bbox 2081 5522 2111 5589; x_wconf 81' lang='grc'><strong>2)</strong></span> <span class='ocrx_word' id='word_1_777' title='bbox 2239 5522 2282 5601; x_wconf 86' lang='lat' dir='ltr'><strong>¹h.</strong></span> <span class='ocrx_word' id='word_1_778' title='bbox 2317 5519 2407 5642; x_wconf 51' lang='lat' dir='ltr'><strong>q}</strong></span> 
     </span>
     <span class='ocr_line' id='line_1_57' title="bbox 471 5590 2409 5738; baseline -0.014 -71"><span class='ocrx_word' id='word_1_779' title='bbox 471 5666 501 5735; x_wconf 68' lang='lat'><strong>1)</strong></span> <span class='ocrx_word' id='word_1_780' title='bbox 519 5668 597 5720; x_wconf 57' lang='lat' dir='ltr'><strong>Uim</strong></span> <span class='ocrx_word' id='word_1_781' title='bbox 612 5668 693 5719; x_wconf 62' lang='lat' dir='ltr'>finem</span> <span class='ocrx_word' id='word_1_782' title='bbox 710 5666 828 5722; x_wconf 26' lang='lat' dir='ltr'><strong>mbr&amp;</strong></span> <span class='ocrx_word' id='word_1_783' title='bbox 896 5666 927 5736; x_wconf 64' lang='lat'><strong>2)</strong></span> <span class='ocrx_word' id='word_1_784' title='bbox 945 5668 1020 5721; x_wconf 41' lang='grc' dir='ltr'><strong>ΜΝ.</strong></span> <span class='ocrx_word' id='word_1_785' title='bbox 1038 5666 1064 5721; x_wconf 42' lang='lat'><strong>3·</strong></span> <span class='ocrx_word' id='word_1_786' title='bbox 1193 5679 1196 5687; x_wconf 27' lang='grc' dir='ltr'>ι</span> <span class='ocrx_word' id='word_1_787' title='bbox 1429 5603 1616 5738; x_wconf 49' lang='grc' dir='ltr'>ἓςῃιιζιιοιιιιιι.</span> <span class='ocrx_word' id='word_1_788' title='bbox 1649 5598 1800 5652; x_wconf 77' lang='lat' dir='ltr'><strong>Anthemus</strong></span> <span class='ocrx_word' id='word_1_789' title='bbox 1826 5597 1891 5650; x_wconf 86' lang='lat' dir='ltr'><strong>rbrd.</strong></span> <span class='ocrx_word' id='word_1_790' title='bbox 1916 5611 1938 5649; x_wconf 84' lang='lat' dir='ltr'><strong>c.</strong></span> <span class='ocrx_word' id='word_1_791' title='bbox 1966 5595 2059 5649; x_wconf 75' lang='lat' dir='ltr'><strong>lacta</strong></span> <span class='ocrx_word' id='word_1_792' title='bbox 2164 5591 2176 5656; x_wconf 85' lang='lat'><em>)</em></span> <span class='ocrx_word' id='word_1_793' title='bbox 2202 5590 2271 5642; x_wconf 90' lang='lat' dir='ltr'><strong>lbrd.</strong></span> <span class='ocrx_word' id='word_1_794' title='bbox 2300 5607 2321 5642; x_wconf 83' lang='lat' dir='ltr'><strong>a</strong></span> <span class='ocrx_word' id='word_1_795' title='bbox 2396 5617 2409 5627; x_wconf 91' lang='lat'><strong>·</strong></span> 
     </span>
    </p>
   </div>
   <div class='ocr_carea' id='block_1_4' title="bbox 2148 5744 2202 5797">
    <p class='ocr_par' dir='ltr' id='par_1_4' title="bbox 2148 5744 2202 5797">
     <span class='ocr_line' id='line_1_58' title="bbox 2148 5744 2202 5797; baseline 0 -25"><span class='ocrx_word' id='word_1_796' title='bbox 2148 5744 2202 5797; x_wconf 73' lang='lat' dir='ltr'><strong>aa·</strong></span> 
     </span>
    </p>
   </div>
   <div class='ocr_carea' id='block_1_5' title="bbox 0 0 2804 6806">
    <p class='ocr_par' dir='ltr' id='par_1_5' title="bbox 0 0 2804 6806">
     <span class='ocr_line' id='line_1_59' title="bbox 0 0 2804 6806; baseline 0 0"><span class='ocrx_word' id='word_1_797' title='bbox 0 0 2804 6806; x_wconf 95' lang='lat' dir='ltr'><strong> </strong></span> 
     </span>
    </p>
   </div>
  </div>
 </body>
</html>
