5600 6809
403 761 463 822 ru
843 723 846 730 ’
1050 750 1317 820 1881188118
1340 750 1445 816 888.
1469 745 1650 814 eumer.
1675 751 1767 815 1888.
2143 788 2146 793 .
2348 748 2412 809 uo

410 943 619 1010 uoluntatibus
640 962 758 1021 eorum,
781 961 862 1023 quas
882 942 917 1005 iu
938 941 1007 1007 iltis
1027 946 1173 1021 operatam
1193 947 1255 1021 cst,
1277 939 1389 1006 trabit·
1434 936 1565 1020 veritas)
1592 938 1696 1001 ornuis
1721 938 1778 1017 qui
1805 936 1916 1001 didicit
1936 938 2034 1013 veuit,
2062 937 2207 1017 quisquis
2232 954 2295 999 ucu
2320 934 2413 1012 uenit,

413 1030 476 1096 Sed
497 1031 578 1111 quod
599 1030 742 1093 contiuuo
763 1027 897 1106 subiicit,
918 1028 1046 1092 minime
1066 1027 1166 1091 amitti
1187 1027 1286 1093 debd:
1306 1027 1384 1109 quia
1429 1024 1566 1106 praseae
1591 1042 1645 1086 uec
1675 1023 1802 1087 didicit:
1829 1042 1891 1086 um
1911 1028 1957 1086 est
1977 1023 2075 1105 iqitur
2095 1040 2281 1102 consequeus
2302 1025 2337 1084 ut
2356 1020 2414 1100 qui

409 1117 566 1181 nescimus
583 1116 657 1197 quis
674 1115 718 1178 ad
728 1114 1383 1195 praedestinatarumuumerumpertiueat,
1429 1109 1655 1192 8888888118
1676 1109 1770 1172 etiam
1790 1108 1909 1185 oeuiat,
1932 1108 1998 1172 uisi
2019 1109 2054 1172 id
2075 1108 2206 1172 coluerit
2228 1111 2319 1186 atque
2337 1105 2415 1186 fece

409 1203 458 1267 cet
478 1222 540 1266 acu
556 1202 726 1282 pertimeat,
755 1203 801 1264 sie
822 1220 879 1263 uos
900 1198 987 1280 affici
1008 1200 1111 1263 decem
1132 1204 1166 1262 ut
1187 1219 1291 1263 omues
1311 1198 1385 1261 ceti
1436 1196 1494 1274 rit,·
1520 1195 1575 1259 sed
1601 1195 1703 1258 amuis
1731 1195 1786 1275 qui
1808 1193 1918 1258 didicit
1939 1199 2084 1273 epatre,
2113 1213 2174 1257 um
2194 1192 2295 1256 sotum
2312 1196 2415 1273 potest

408 1308 480 1354 mus
506 1287 609 1352 saluos
634 1286 714 1367 sieri.
759 1285 813 1350 Ita
837 1285 1109 1365 squequaque
1130 1285 1218 1349 uobis
1240 1288 1384 1362 88881188,
1436 1282 1554 1358 veuire,
1580 1281 1634 1345 sed
1659 1280 1754 1344 etiam
1774 1280 1873 1357 aeuit;
1899 1279 1953 1343 ubi
1972 1281 2038 1343 iam
2059 1285 2087 1343 et
2102 1279 2323 1360 possibilitatis
2338 1297 2415 1357 pra

408 1395 480 1439 eum
501 1375 683 1439 studeamus
698 1372 801 1453 faeere
812 1371 907 1452 pacis
923 1376 1104 1449 consortem,-
1124 1371 1178 1435 sed
1189 1391 1260 1451 pau
1277 1374 1385 1434 nostra
1433 1368 1546 1447 fectus,
1573 1371 1602 1430 et
1627 1367 1796 1431 uoluntatis
1823 1366 1953 1445 affedus
1974 1366 2153 1429 medianis
2174 1365 2295 1445 effectus
2316 1365 2414 1427 adest.

408 1481 505 1540 suqrer
524 1459 609 1539 filios
623 1460 718 1539 pacis
738 1458 910 1538 requiescet.
954 1455 1056 1539 Erqo,
1086 1462 1236 1537 quactum
1265 1457 1308 1520 od
1328 1474 1386 1519 uas
1438 1452 1529 1517 Alibi
1550 1453 1645 1516 diam
1666 1451 1802 1517 clarius:
1816 1450 1841 1535 ¹)
1868 1451 1945 1530 quid
1965 1456 2022 1529 est,
2050 1451 2152 1515 amuis
2172 1449 2228 1531 qui
2248 1448 2370 1513 audiuit
2393 1469 2415 1512 a

405 1548 555 1627 pertimet,
584 1544 739 1622 omuibus,
767 1563 806 1606 ue
826 1548 973 1623 pereant,
999 1543 1048 1607 cet
1073 1564 1112 1606 ue
1139 1542 1219 1607 aiios
1240 1542 1385 1622 perdam,
1432 1543 1526 1619 patre
1547 1542 1574 1602 et
1595 1537 1706 1602 didicit
1726 1538 1808 1601 omit
1827 1537 1871 1602 ad
1891 1558 1953 1614 me,
1980 1539 2062 1616 uisi,
2085 1538 2194 1602 uultus
2215 1540 2259 1599 est
2279 1535 2334 1615 qui
2356 1554 2416 1598 au·

410 1632 710 1706 salubrisctsevera,
729 1630 831 1691 iustar
847 1627 1028 1706 medicinae,
1051 1628 1227 1692 adiibeuda
1247 1629 1387 1693 8118881-
1438 1625 1507 1689 diat
1527 1629 1556 1686 et
1575 1623 1676 1687 discut
1695 1642 1716 1687 a
1731 1628 1839 1703 patre,
1862 1627 1890 1685 et
1910 1643 1972 1687 uam
1993 1625 2098 1688 ceuiat
2119 1624 2162 1689 ad
2182 1621 2255 1687 uic?
2277 1622 2309 1686 si
2329 1621 2415 1684 euim

409 1718 523 1799 reptio:
552 1715 617 1780 Dei
639 1720 739 1778 autem
761 1715 819 1777 erit
840 1714 909 1778 iltis
935 1713 1043 1778 utitem
1070 1714 1171 1795 facere
1200 1733 1388 1795 811888188-
1439 1710 1541 1775 mauis
1561 1710 1618 1790 qui
1644 1709 1767 1774 audiuit
1794 1731 1816 1773 a
1836 1713 1933 1789 patre
1959 1714 1988 1773 et
2014 1709 2126 1774 didicit
2152 1709 2250 1786 uenit,
2274 1706 2415 1788 prosecta

406 1804 498 1866 sciuit
518 1807 546 1865 et
560 1801 819 1881 praedestinavit.
1439 1796 1539 1859 cumis
1566 1796 1622 1876 qui
1648 1815 1710 1859 888
1730 1796 1811 1858 veuit
1831 1814 1894 1858 acu
1915 1795 2039 1859 audiuit
2060 1817 2082 1860 a
2096 1800 2192 1874 putre
2212 1813 2267 1858 uec
2287 1793 2416 1870 didicit,-

1438 1901 1514 1944 uam
1541 1882 1572 1945 si
1597 1882 1737 1950 audisset
1764 1885 1792 1943 et
1817 1880 1992 1959 didicisset,
2019 1882 2151 1945 veniret:
2178 1880 2269 1944 vaide
2295 1883 2416 1942 runata

1438 1972 1482 2031 est
1501 1988 1522 2031 a
1542 1966 1685 2031 suecos
1703 1967 1811 2030 caruis
1831 1967 1907 2030 baec
1927 1965 2045 2044 semu,
2073 1969 2109 2031 ia
2130 1987 2195 2047 qua
2208 1970 2303 2047 pater
2322 1962 2416 2027 audi

614 2093 620 2112 ’
727 2089 879 2156 0811
900 2088 1065 2173 ffl')
1436 2041 2416 2222 tuttstmemadccduttcm

406 2233 676 2315 Electionem
698 2232 850 2314 sanciri
869 2232 953 2313 Dei
975 2231 1213 2340 vocatione3
1239 2261 1386 2344 18818-
1439 2224 1816 2323 curaurcqreetptum
1842 2223 1910 2288 '²²⁶⁰
1931 2226 2044 2305 quippe
2064 2224 2228 2322 maur,
2256 2187 2291 2285 ii
2310 2221 2417 2319 aucis

437 2356 515 2437 bos
548 2363 692 2435 autem
724 2353 803 2434 sibi
837 2381 1050 2435 accersere
1083 2352 1257 2457 iustum,
1289 2352 1356 2434 cui
1439 2312 1722 2476 mmm
1730 2310 2417 2476 ,ffsmfflfflffiffiffi

595 2472 796 2554 destinati
827 2483 940 2577 sunt,
970 2472 1201 2553 interitum.
1439 2482 1554 2563 quau
1571 2483 1651 2563 saue
1669 2470 1755 2561 fieus·
1769 2481 1993 2562 umacus
2019 2488 2048 2545 a
2073 2502 2151 2546 vass
2172 2480 2416 2555 misericoraiae,

1440 2587 1535 2648 quac·
1545 2568 1754 2648 praeparauit
1785 2567 1821 2630 iu
1849 2567 2002 2650 qloriam,·
2032 2588 2089 2632 eur
2120 2588 2191 2651 erqo
2222 2587 2286 2630 uou
2312 2583 2417 2629 811888

499 2661 524 2719 1.
561 2654 628 2721 Sed
650 2664 689 2718 ut
709 2675 763 2719 res
780 2655 898 2719 melius
915 2655 1087 2733 elucescat,
1109 2662 1183 2718 tum
1203 2652 1245 2717 de
1267 2655 1387 2718 electo-
1439 2655 1523 2718 dccet
1541 2658 1577 2717 ut
1597 2653 1724 2717 ceuiaut
1744 2653 1787 2716 ad
1811 2650 1985 2731 Christum,
2013 2655 2079 2718 uisi
2107 2654 2183 2735 quia
2209 2672 2312 2717 cmucs
2340 2670 2416 2731 ques

365 2770 367 2774 ·
409 2763 485 2806 rum
508 2741 694 2818 vocatione,
717 2751 790 2804 8818
812 2740 853 2804 (18
875 2741 1100 2805 excaecatione
1122 2748 1156 2803 88
1177 2739 1387 2805 1888881888
1439 2739 1529 2818 docet,
1551 2739 1768 2802 misericordia
1789 2738 1887 2818 dccet;
1907 2759 1986 2820 quos
2006 2745 2111 2804 autem
2131 2760 2194 2803 888
2214 2739 2309 2815 dccet,
2331 2737 2417 2801 iudi·

409 2827 590 2910 impiorum
611 2825 776 2909 agendum
798 2835 856 2890 888.
901 2825 947 2890 m
972 2826 1010 2890 de
1031 2827 1142 2907 priore
1169 2826 1292 2907 quidem
1321 2827 1387 2890 iam
1439 2827 1486 2888 cic
1506 2844 1567 2888 uou
1588 2825 1695 2888 dccet?
1715 2825 1863 2905 quereiam
1884 2827 1975 2888 cuius
1995 2827 2062 2891 mitt
2081 2827 2254 2903 miseretur,
2276 2828 2304 2887 et
2324 2842 2417 2902 quem

409 2913 534 2995 aliquid
550 2912 735 2995 (1188818182)
758 2932 863 2975 earum
885 2923 1018 2991 81181818
1039 2912 1184 2992 refelleres
1205 2912 1387 2995 811188888-
1438 2911 1506 2975 uult
1526 2909 1665 2976 obdurat.
1708 2909 1813 2984 Filios
1836 2931 1914 2994 ergo
1936 2909 2192 2995 sibi-designat,
2220 2930 2257 2973 88
2283 2919 2417 2990 8881881

407 2999 561 3063 ueratitm
581 2998 830 3077 promtissimam
856 2998 980 3062 uidetur
1008 3017 1144 3078 aequare
1162 3000 1258 3061 tatum
1278 2996 1386 3061 buma-
1439 3017 1474 3060 se
1495 2996 1544 3067 118Ι
1558 2996 1703 3061 (18881888
1718 2995 1813 3062 Deus
1835 3016 1917 3079 8888
1938 2996 2046 3080 elegit.
2080 2994 2236 3062 Vocando
2257 3014 2354 3076 88118
2375 2994 2416 3055 111

408 3105 485 3148 uum
514 3103 620 3167 qeuus.
664 3083 765 3164 Atqui
797 3103 860 3146 aaa
891 3083 1005 3164 absque
1036 3083 1151 3148 deiectu
1183 3082 1384 3161 electionem,
1437 3081 1597 3146 familiam
1619 3103 1791 3147 88888818
1812 3083 1955 3160 asciscit,
1984 3084 2209 3166 8888188881
2234 3081 2276 3144 iis
2302 3079 2417 3144 coadu-

408 3189 506 3252 quam
528 3168 714 3251 18881888
741 3168 864 3250 alioqui
890 3167 1115 3234 absconditam
1142 3169 1258 3247 habet,-
1288 3188 1385 3234 8888-
1437 3173 1508 3247 uat,
1541 3174 1577 3232 ut
1607 3169 1705 3233 simod
1735 3176 1836 3232 uuum
1867 3170 1939 3234 siut.
1983 3168 2098 3250 Quum
2123 3176 2235 3233 888881
2262 3164 2417 3230 electioni

407 3255 498 3319 tione
521 3252 654 3318 demum
676 3275 735 3318 sua
757 3253 851 3318 Deus
872 3254 1076 3334 manifestat,
1105 3274 1205 3337 quam
1231 3253 1304 3318 ideo
1326 3275 1385 3337 ap-
1437 3254 1564 3319 8888818
1591 3254 1809 3331 subnectitur,
1838 3255 1874 3319 in
1896 3274 1972 3318 eum
1992 3256 2129 3320 modum
2150 3254 2312 3336 scriptura
2333 3249 2417 3315 88818

406 3341 531 3424 pellere
552 3341 684 3422 proprie
706 3340 784 3403 licet
805 3340 876 3404 8188
894 3339 1168 3405 testificationem.
1197 3340 1284 3404 Nam
1302 3361 1384 3422 quos
1436 3338 1563 3419 innuit,
1592 3341 1629 3404 in
1655 3361 1696 3404 88
1721 3341 1807 3405 811111
1828 3339 2063 3424 requirendum
2084 3350 2215 3424 8188881
2235 3339 2417 3422 gratuitam

406 3425 600 3510 praescivit,
624 3447 678 3491 888
701 3435 735 3489 88
756 3425 948 3508 praefinivit
969 3426 1151 3491 conformes
1172 3426 1246 3490 ficri
1267 3426 1384 3509 imagi-
1437 3423 1503 3488 Dei
1524 3426 1791 3492 misericordiam.
1837 3424 1876 3492 Si
1897 3424 1987 3490 enim
2009 3428 2199 3510 quaerimus
2228 3445 2294 3507 quo
2319 3429 2416 3488 88888

406 3512 460 3577 818
481 3512 543 3576 filii
565 3512 632 3591 sui;
655 3534 736 3595 8888
758 3520 870 3576 autem
891 3512 1089 3593 praefinivit,
1112 3533 1167 3577 888
1190 3519 1224 3575 88
1239 3512 1384 3591 8888818
1438 3517 1471 3574 88
1492 3531 1557 3593 888
1577 3513 1719 3592 1881888,
1741 3513 1931 3596 respondet,
1954 3533 2035 3594 8888
2057 3513 2208 3596 elegerat.
2254 3509 2416 3575 1168188-

291 3624 294 3630 ·
405 3618 487 3681 quos
509 3598 653 3676 vocavit,
683 3619 738 3663 eos
766 3605 801 3660 et
829 3596 1038 3676 iustificavit,
1061 3605 1100 3666 ut
1122 3597 1202 3661 olim
1224 3597 1385 3681 glorificet
1437 3597 1563 3673 tionem
1583 3598 1796 3676 autem-dum
1823 3600 1972 3676 venitur,
2001 3599 2070 3664 sola
2095 3599 2164 3662 illic
2191 3593 2417 3662 misericordia

406 3683 517 3765 (Rom.
537 3687 567 3757 8,
587 3683 652 3767 29).
693 3682 807 3764 Quum
827 3703 903 3747 suos
924 3681 1075 3766 eligendo
1097 3684 1164 3747 iam
1185 3683 1222 3746 in
1241 3683 1385 3748 fitiorum
1438 3683 1655 3765 undecunque
1677 3690 1823 3767 8888188.
1868 3685 1978 3767 Atque
2006 3685 2087 3750 adeo
2116 3705 2193 3749 vere
2221 3684 2276 3746 hic
2304 3681 2416 3744 locum

405 3767 516 3833 locum
542 3768 708 3833 Dominus
737 3767 916 3851 adoptarit,
950 3768 1101 3834 videmus
1132 3776 1245 3833 tamen
1276 3776 1317 3833 ut
1348 3769 1385 3832 18
1438 3767 1539 3832 habet
1558 3769 1642 3834 illud
1664 3770 1762 3834 Pauli
1789 3769 1954 3853 (188189,
1980 3769 2052 3854 16),
2081 3792 2147 3835 11811
2174 3791 2246 3835 esse
2274 3766 2417 3833 volentis

406 3855 493 3917 tanti
513 3853 592 3918 beni
612 3855 852 3935 possessionem
871 3875 941 3918 non
961 3855 1115 3933 8881888,
1138 3854 1204 3919 8181
1226 3853 1305 3918 (1818
1326 3876 1384 3920 vo·
1437 3875 1543 3936 nequo
1576 3856 1759 3935 currentis,
1793 3856 1852 3920 sed
1883 3857 2072 3921 miserentis
2103 3856 2178 3919 Dei.
2223 3856 2338 3936 Neque
2369 3851 2414 3931 id,

406 3945 539 4018 cantur3
563 3947 686 4017 contra,
706 3948 745 4004 88
760 3939 869 4004 888881
886 3939 1027 4022 quadam
1046 3942 1113 4005 iam
1130 3942 1284 4005 fruantur
1301 3940 1384 4004 elec-
1436 3939 1711 4022 quemadmodum
1739 3942 1839 4025 vulgo
1867 3943 2032 4025 accipiunt
2059 3943 2116 4026 qui
2141 3943 2231 4006 inter
2251 3940 2317 4005 Dei
2338 3958 2416 4020 gra-

407 4024 507 4089 tionis
535 4045 613 4089 8888
635 4026 938 4089 communicatione.
983 4025 1208 4107 Quaestione
1230 4026 1404 4108 spiritum‘
1435 4027 1542 4105 tium,
1561 4027 1782 4107 voluntatem,
1809 4049 2009 4111 cursumque
2039 4029 2182 4093 hominis
2210 4027 2413 4110 partiuntur.

408 4131 507 4192 quem
530 4110 703 4192 accipiunt,
725 4120 758 4174 et
780 4110 963 4193 adoptionis
984 4113 1148 4195 spiritum,
1171 4121 1206 4176 88
1227 4112 1382 4195 sigillum,
1435 4113 1619 4195 Exponunt
1646 4114 1749 4197 enim,
1783 4113 1983 4180 desiderium
2016 4115 2158 4180 hominis
2191 4134 2228 4177 88
2260 4118 2417 4176 88888818

368 4266 373 4275 ,
407 4206 442 4260 88
474 4195 693 4261 arrhabonem
725 4196 936 4261 haereditatis
969 4198 1100 4262 1888188
1132 4204 1229 4264 vocat
1257 4198 1384 4263 Paulus
1434 4198 1520 4262 nihil
1540 4219 1601 4280 881
1622 4221 1657 4265 88
1678 4200 1812 4284 quidem
1833 4200 1955 4266 habere
1975 4202 2143 4277 momenti,
2166 4199 2229 4263 11181
2251 4197 2316 4259 Ι)81
2337 4216 2416 4275 gra-

407 4283 518 4366 (Rom.
543 4286 572 4360 8,
600 4287 654 4361 15;
675 4283 761 4365 Eph.
788 4287 814 4360 1,
841 4286 879 4344 13
902 4292 936 4345 88
958 4282 1060 4368 alibi),
1084 4286 1161 4366 quia
1182 4283 1307 4348 88111888
1329 4304 1383 4348 88-
1435 4285 1483 4348 818
1503 4295 1756 4367 prosperrimum
1779 4287 1836 4353 sed
1858 4308 1961 4370 quum
1982 4287 2183 4352 adiuvantur
2203 4282 2291 4346 illius
2313 4279 2416 4342 bene-

406 4389 482 4432 rum
509 4367 662 4433 cordibus
689 4369 820 4432 litturae
848 4367 1032 4450 adoptionis
1059 4368 1292 4434 certitudinem
1325 4392 1384 4434 suo
1436 4368 1587 4451 (11881888,
1611 4372 1732 4438 habere
1754 4394 1831 4438 suas
1853 4393 1983 4455 quoque
2003 4382 2115 4454 partes
2136 4371 2171 4433 in
2195 4363 2417 4448 comparanda

403 4455 593 4519 testimonio
615 4453 741 4518 stabilit
768 4465 802 4517 et
828 4453 987 4536 obsignat.
1035 4456 1122 4519 Nam
1149 4457 1206 4520 etsi
1233 4456 1383 4539 ecauqetii
1436 4456 1543 4521 salute
1572 4459 1785 4523 contendunt.
1831 4456 1982 4539 Quorum
2010 4456 2165 4522 cavillum
2191 4451 2414 4535 Augustini2)

397 4541 596 4621 praedicatio
614 4560 653 4604 eu
674 4540 757 4622 ferite
778 4540 934 4604 electionis
954 4543 1093 4620 scaturit,
1116 4543 1193 4623 quia
1214 4547 1316 4606 tamen
1336 4562 1383 4606 ra
1434 4542 1543 4608 verbis
1576 4544 1724 4609 refellere
1757 4565 1856 4627 88818
1887 4540 1970 4607 81818
2001 4541 2096 4606 malo.
2142 4537 2181 4604 Si
2209 4539 2294 4602 nihil
2323 4536 2413 4601 aliud

395 4626 507 4706 probis
534 4628 630 4690 etiam
658 4627 830 4691 8811818818
858 4630 916 4704 est,
945 4647 1007 4690 um
1033 4632 1110 4692 esset
1130 4649 1192 4708 per
1219 4648 1253 4691 se
1280 4627 1383 4692 solida
1434 4628 1540 4694 881818
1566 4630 1747 4713 apostolus,
1779 4630 1843 4694 nisi
1871 4650 1938 4692 888
1965 4649 2035 4692 esse
2064 4625 2164 4691 881188
2191 4624 2333 4690 88188818
2355 4632 2414 4685 888

400 4713 492 4776 iltius
526 4712 680 4793 probatio.
723 4712 814 4776 Deus
842 4716 944 4801 autem
973 4713 1139 4794 efficaciter
1171 4715 1277 4778 eiectos
1308 4732 1383 4777 suos
1435 4715 1607 4794 currentis,
1630 4715 1696 4780 nisi
1719 4715 1805 4780 adsit
1821 4714 2006 4778 misericors
2023 4711 2199 4789 Dominus,
2224 4717 2413 4791 retorquere

401 4798 484 4861 docet
509 4802 544 4860 ut
572 4799 614 4862 ad
638 4798 732 4879 fidem
759 4796 909 4876 uacum,-
938 4798 1031 4863 sicuti
1052 4801 1217 4864 educimus
1246 4804 1317 4864 aute
1343 4818 1382 4862 eu
1435 4819 1628 4865 econverso
1646 4800 1766 4879 licebit,
1784 4821 1851 4864 non
1869 4799 1969 4863 solius
1987 4818 2059 4863 esse
2074 4795 2326 4872 misericordiae,
2349 4794 2413 4857 nisi

402 4883 503 4946 certis
523 4880 649 4946 Obristi.
698 4883 760 4964 Qui
781 4905 819 4948 etc
836 4882 910 4965 Dec,
926 4889 978 4963 cst,
1001 4886 1051 4949 tric
1072 4886 1154 4949 cidit
1165 4890 1299 4967 patrem
1321 4903 1383 4948 mou
1435 4884 1521 4950 adsit
1548 4885 1703 4950 88188888
1732 4895 1765 4949 88
1793 4905 1923 4950 881888;
1959 4883 2046 4966 quod
2075 4884 2103 4948 si
2131 4891 2242 4966 aperte
2274 4881 2412 4963 impium

402 4966 492 5030 atius
514 4965 643 5048 (Ioann.
665 4973 692 5046 6,
712 4972 778 5051 te).
824 4969 919 5032 item:
939 4972 1142 5052 manifestavi
1163 4991 1272 5035 mamea
1293 4975 1382 5032 tuum
1435 4979 1502 5048 est,
1531 4991 1598 5034 non
1626 4969 1813 5035 dubitemus
1835 4968 2020 5052 8888181881
2043 4970 2153 5035 881818
2173 4966 2413 5033 misericordiae

400 5049 579 5114 bomiudrus
605 5073 681 5131 quas
707 5055 821 5118 dedisti
846 5055 927 5117 mibi
957 5056 1087 5136 (18888.
1114 5060 1162 5133 17,
1187 5057 1230 5137 6).
1280 5056 1382 5134 Quum
1433 5053 1572 5118 Domini
1593 5053 1679 5132 dare,
1702 5057 1826 5121 8888118
1848 5063 1959 5119 autem
1976 5056 2203 5121 voluntatibus
2220 5063 2279 5118 aut
2295 5051 2412 5118 studiis

400 5135 1278 5235 8111811888181888818818881188688818888
1294 5159 1382 5204 meus
1433 5139 1517 5204 nihil
1549 5139 1745 5223 relinquere.
1791 5143 1833 5207 In
1861 5141 1947 5206 hanc
1974 5143 2171 5207 sententiam
2198 5140 2254 5203 ille
2282 5145 2412 5202 8888888

399 5225 534 5322 truserat
555 5243 624 5287 eum
651 5222 781 5321 (Ioann.
806 5229 834 5303 6,
857 5230 925 5309 44).
975 5227 1071 5308 Quem
1093 5227 1192 5290 tecum
1208 5225 1382 5306 prudenter
1435 5225 1494 5291 vir.
1539 5226 1609 5291 Nec
1635 5227 1696 5310 pili
1725 5228 1864 5294 aestimo
1891 5249 1992 5310 quam
2018 5228 2180 5292 inducunt
2206 5223 2412 5308 argutiolam,

399 5309 543 5391 rependit
565 5307 818 5409 Auqustiaus,⁸)
840 5311 932 5375 euius
953 5314 1046 5378 certm
1068 5317 1155 5377 uu.-
1183 5313 1213 5376 si
1235 5310 1285 5396 (ut
1305 5311 1383 5375 dicit
1434 5333 1502 5379 888
1519 5313 1621 5378 fuisse
1639 5313 1674 5378 id
1692 5313 1859 5381 dicturum
1877 5315 2023 5380 Paulum
2039 5314 2105 5379 8181
2125 5312 2241 5394 8118818
2262 5311 2297 5374 18
2319 5309 2413 5374 nobis

466 5530 495 5595 1)
517 5531 587 5585 Olim
608 5532 673 5599 Cap.
694 5529 777 5585 XIV.
797 5531 820 5598 5.
838 5531 948 5588 22—3'1.
998 5535 1028 5603 2)
1047 5535 1086 5589 Gt.
1105 5553 1228 5605 888188.
1246 5533 1289 5588 22.
1308 5540 1373 5588 8888.
2071 5565 2074 5570 .

394 5598 430 5650 10
448 5607 476 5651 et
494 5598 534 5652 11.
578 5599 1372 5675 3)111111.1.(18818818Ο1111881888818Ρ8188.88088·
1451 5618 1453 5620 ’
1502 5605 1532 5673 1)
1549 5607 1625 5658 Libr.
1645 5607 1678 5658 de
1696 5606 1832 5675 praedast.
1852 5610 2005 5658 8888181818
2024 5622 2045 5657 8.
2065 5604 2089 5657 8.
2202 5600 2233 5667 2)
2250 5602 2360 5654 Euchir.
2379 5601 2413 5652 ad

391 5664 454 5720 1888
472 5683 494 5720 8
514 5667 548 5720 14
564 5667 652 5723 8861.
1435 5677 1564 5730 Laurent.
1582 5691 1604 5727 c
1622 5672 1664 5726 32.
