5600 6809
411 770 473 833 533
620 765 720 835 ΜΒ.
743 764 806 829 IIL
851 764 915 829 DE
938 761 1074 831 MODO
1096 762 1447 867 PERCIPIENDAE
1469 762 1662 831 onmem
1682 764 1901 831 GRATIAE.
1946 767 2048 835 CAP.
2067 769 2111 835 K
2130 771 2192 837 XI.
2304 803 2306 807 ·
2350 781 2414 842 534

756 1003 907 1069 oon
930 1004 991 1068 n
1006 1002 1031 1087 ,
1435 951 2414 1116 16666666666666616

409 1168 476 1250 De
499 1164 795 1249 iustificatione
825 1162 936 1268 fidei,
969 1192 1015 1245 ac
1041 1162 1177 1274 primo
1209 1161 1261 1243 de
1292 1161 1385 1272 ipsa
1435 1122 2068 1291 {Zffetssfessgussussffiffinddceafflr
2080 1142 2414 1295 116661118611111111

575 1283 754 1366 nominis
787 1294 831 1366 et
860 1282 923 1364 rei
954 1282 1207 1364 definitione.
1436 1293 1581 1357 iustitiae
1603 1293 1690 1375 apud
1710 1294 1775 1391 Dei
1797 1293 1954 1393 thronum
1975 1307 2154 1379 mereatur;
2182 1324 2238 1366 seu
2261 1307 2316 1386 qui
2337 1327 2414 1389 ope·

1436 1400 1511 1441 rum
1543 1400 1679 1444 suorum
1707 1389 1899 1462 mtegntate
1932 1383 2130 1464 respondere
2163 1394 2196 1452 et
2228 1391 2414 1457 satisfacere

498 1474 524 1533 1.
568 1468 641 1532 Iam
665 1466 749 1531 mihi
762 1466 855 1531 ·satis
882 1463 1056 1551 diligenter
1077 1464 1264 1547 exposuisse
1285 1484 1385 1545 supra
1436 1463 1524 1528 illius
1550 1463 1669 1528 iudicio
1697 1472 1802 1546 queat
1855 1465 1979 1532 Contra
2003 1470 2232 1536 iustificabitur
2257 1474 2312 1540 illc
2339 1477 2413 1555 fide,

409 1555 536 1633 videor,
563 1553 722 1636 quomodo
749 1551 937 1616 hominibus
962 1571 982 1616 a
1008 1551 1081 1636 lege
1107 1549 1289 1615 maledictis
1311 1549 1384 1612 uni·
1437 1550 1493 1631 qui
1524 1571 1659 1632 operum
1685 1550 1811 1615 iustitia
1838 1553 1990 1618 exclusus
2018 1553 2144 1621 Christi
2170 1559 2329 1624 iustitiam
2354 1583 2443 1644 pcr-

408 1663 484 1708 cum
511 1638 752 1722 recuperandae
779 1638 893 1702 salutis
921 1645 1021 1703 restet
1047 1637 1082 1700 in
1108 1635 1172 1701 fide
1193 1634 1382 1700 subsidium.
1437 1633 1536 1699 fidem
1563 1635 1792 1717 apprehendit,
1822 1659 1887 1719 qua
1915 1640 2053 1704 vestitus
2082 1642 2117 1704 in
2146 1645 2210 1708 Dei
2238 1656 2413 1728 conspectu

409 1728 559 1793 Rursum
587 1723 664 1807 quid
691 1724 772 1788 fides
801 1725 872 1805 ipsa
900 1723 956 1801 sit,
990 1728 1024 1786 et
1050 1743 1133 1805 quae
1160 1721 1385 1785 inhominem
1437 1729 1504 1785 non
1526 1728 1564 1786 ut
1585 1730 1748 1804 peccator,
1776 1721 1835 1787 sed
1864 1732 2018 1806 tanquam
2039 1727 2147 1792 iustus
2171 1746 2315 1812 apparet.
2361 1733 2415 1798 Ita

409 1813 476 1878 Dei
497 1810 653 1877 beneficia
674 1811 833 1887 conferat,
867 1816 901 1872 et
929 1830 1008 1892 quos
1037 1809 1072 1871 in
1093 1829 1131 1872 eo
1152 1809 1277 1872 fructus
1300 1805 1383 1871 edat.
1437 1827 1496 1871 nos
1517 1807 1780 1872 iustificationem
1807 1808 1996 1890 simpliciter
2023 1812 2278 1896 interpretamur
2300 1839 2414 1901 accep·

411 1898 550 1966 Summa
578 1904 689 1962 autem
715 1897 797 1961 haec
824 1895 900 1959 fuit:
932 1894 1103 1960 Christum
1128 1892 1222 1958 nobis
1243 1892 1308 1957 Dei
1329 1891 1385 1956 be·
1437 1893 1561 1957 tionem
1582 1914 1648 1975 qua
1668 1914 1728 1957 nos
1744 1894 1837 1958 Deus
1859 1895 1894 1958 in
1914 1898 2054 1978 gratiam
2076 1909 2223 1982 receptos
2241 1923 2300 1983 pro
2318 1904 2413 1968 iustis

347 1994 352 2005 ‘
411 1984 572 2069 nignitate
594 1981 721 2060 datum,
750 1980 815 2046 fide
843 1979 979 2045 anobis
1000 1979 1201 2062 apprehendi
1222 1999 1260 2043 ac
1281 1977 1386 2061 possi·
1437 1978 1545 2044 habet.
1589 1980 1737 2059 Eamque
1760 1979 1796 2043 in
1817 1991 2024 2061 peccatorum
2046 1986 2235 2051 remissione
2260 2009 2297 2053 ac
2319 1990 2414 2054 iusti·

410 2070 496 2147 deri,
525 2069 617 2134 cuius
638 2067 884 2150 participatione
906 2065 1067 2149 duplicem
1085 2065 1291 2147 potissimum
1309 2083 1385 2146 gra-
1437 2066 1501 2129 tiae
1524 2064 1649 2129 Christi
1668 2065 1884 2146 imputatione
1904 2069 2045 2148 positam
2067 2091 2137 2135 esse
2159 2072 2306 2146 dicimus.

409 2157 491 2220 tiam
512 2155 721 2238 recipiamus,
744 2174 861 2234 nempe
882 2158 920 2217 ut
940 2153 1010 2217 eius
1031 2150 1218 2216 innocentia
1239 2150 1311 2215 Deo
1333 2170 1385 2214 re-
1524 2153 1552 2213 3.
1597 2149 1638 2213 In
1665 2149 1763 2214 huius
1785 2152 1832 2215 rei
1854 2153 2134 2219 confirmationem
2155 2167 2288 2223 exstant
2308 2160 2414 2224 multa

408 2240 574 2308 conciliati
605 2261 664 2322 pro
696 2239 801 2304 iudice
832 2239 898 2303 iam
930 2237 1108 2321 propitium
1139 2236 1319 2301 habeamus
1349 2235 1385 2298 in
1438 2243 1472 2299 et
1492 2234 1581 2300 clara
1599 2235 1780 2317 scripturae
1804 2238 2000 2304 testimonia.
2035 2241 2210 2325 Principio,
2235 2244 2321 2310 hanc
2343 2266 2414 2311 esse

409 2326 508 2393 coelis
539 2333 681 2408 patrem;
721 2323 837 2389 deinde
869 2331 909 2388 ut
940 2324 1009 2388 eius
1042 2322 1160 2405 spiritu
1191 2320 1386 2387 sanctificati
1437 2322 1604 2403 propriam
1625 2329 1657 2385 et
1678 2321 1926 2387 usitatissimam
1944 2325 2035 2390 verbi
2053 2327 2332 2410 significationem,
2355 2352 2413 2396 ne·

411 2412 633 2476 innocentiam
652 2411 892 2494 puritatemque
916 2411 1001 2475 vitae
1022 2409 1228 2472 meditemur.
1273 2409 1324 2472 Ac
1345 2405 1385 2471 de
1438 2409 1510 2491 gari
1532 2428 1599 2470 non
1620 2414 1736 2489 potest.
1770 2403 1838 2472 Sed
1855 2410 1931 2490 quia
1954 2411 2054 2476 nimis
2072 2412 2208 2497 longum
2225 2417 2414 2483 6666116666

411 2495 658 2580 regeneratione
678 2495 820 2578 quidem,
842 2515 924 2577 quae
946 2493 1088 2560 secunda
1109 2503 1159 2559 est
1181 2494 1296 2578 gratia,
1319 2492 1385 2557 dic
1438 2514 1552 2558 omnes
1573 2492 1727 2576 colligere
1746 2501 1780 2557 ot
1801 2494 1887 2558 inter
1909 2516 1943 2559 se
1966 2497 2128 2575 conferre,
2153 2501 2232 2565 satis
2250 2503 2293 2565 sit
2315 2503 2415 2568 lecto·

413 2590 486 2647 tum
511 2583 574 2646 fuit
602 2588 761 2663 quantum
780 2581 930 2648 sufficere
952 2579 1132 2645 videbatur.
1176 2579 1386 2644 Iustificatio·
1438 2600 1491 2643 res
1513 2579 1680 2643 monuisse
1687 2602 1695 2657 ;
1716 2599 1776 2660 per
1792 2601 1828 2643 se
1850 2581 1938 2644 enim
1955 2580 2049 2647 facile
2068 2583 2297 2651 observabunt.
2326 2589 2415 2653 Pau·

413 2669 466 2734 nis
492 2669 576 2732 ratio
603 2667 709 2731 levius
734 2666 807 2730 ideo
833 2673 956 2733 attacta
981 2673 1047 2744 est,
1076 2665 1230 2748 quoniam
1252 2663 1386 2729 adrem
1438 2685 1493 2730 ecs
1514 2670 1645 2729 tantum
1666 2662 1857 2745 producam,
1885 2665 1943 2730 ubi
1964 2666 2059 2746 haec,
2093 2668 2132 2734 de
2154 2691 2219 2752 qua
2239 2671 2413 2755 loquimur,

413 2752 598 2838 pertinebat
623 2751 806 2835 intelligere
823 2752 986 2834 primum,
1013 2758 1047 2817 et
1067 2771 1165 2834 quam
1191 2751 1295 2816 otiosa
1320 2771 1386 2813 non
1437 2750 1623 2815 luctificatio
1644 2750 1839 2814 nominatim
1856 2758 2025 2818 tractatrn.
2060 2753 2208 2819 Primum
2228 2758 2283 2821 ubi
2302 2763 2414 2825 mnae

414 2842 459 2906 sit
480 2862 500 2904 a
520 2838 612 2903 bonis
634 2836 787 2920 operibus
807 2835 897 2915 fides,
919 2856 984 2920 qua
1004 2836 1074 2902 sola
1093 2837 1271 2923 gratum
1292 2836 1387 2899 iusti·
1439 2837 1544 2900 16666
1560 2834 1679 2916 plebem
1703 2833 1862 2921 01166161)
1890 2839 1998 2904 cudite
2024 2840 2219 2921 1661666666
2233 2842 2352 2924 Deum,
2385 2849 2414 2910 et

413 2927 493 2990 tiam
522 2924 590 3004 ,Dei
621 2920 844 2988 misericordia
877 2922 1078 3000 obtinemus,
1116 2929 1152 2987 at
1181 2921 1290 3006 qualia
1319 2921 1387 2986 sint
1437 2922 1491 2986 ubi
1506 2922 1694 3002 6666661161
1712 2919 1857 2985 Christus
1877 2925 2067 3004 6664661666
2093 2927 2265 3008 iustificari
2287 2951 2307 2993 6
2332 2929 2413 3010 filiis

411 3018 599 3077 sanctorum
619 3009 705 3074 bona
725 3029 836 3090 opera,
865 3009 900 3072 in
928 3008 1044 3090 quibus
1065 3028 1143 3090 pars
1164 3006 1264 3073 huius
1288 3025 1386 3089 quae·
1438 3008 1509 3073 cuia
1530 3007 1626 3092 (Luc.
1646 3010 1680 3084 7,
1699 3009 1739 3070 29
1762 3015 1795 3070 et
1818 3006 1890 3091 35),
1912 3029 1972 3074 666
1993 3011 2148 3093 66616661
2169 3014 2236 3078 illie
2255 3015 2413 3081 iurtdiom

389 3096 705 3161 ’611661666666161ι
742 3094 793 3157 Ea
815 3114 893 3177 ergo
914 3114 1003 3158 nune
1023 3094 1156 3176 penitus
1173 3082 1386 3171 discutiendis,
1439 3094 1589 3191 waserre,
1626 3113 1706 3174 quoe
1737 3097 1840 3156 nanee
1871 3114 1992 3175 semper
2023 3098 2147 3180 iatepra
2177 3100 2265 3180 opud
2296 3100 2411 3182 Deum,

302 3251 308 3264 ,
412 3183 512 3247 etita
534 3178 737 3246 1166616616
758 3186 797 3243 ut
817 3180 1062 3244 meminerimus
1083 3178 1296 3260 praecipuum
1316 3197 1387 3242 6666
1438 3199 1584 3263 promeae
1613 3183 1693 3243 16166
1724 3177 1862 3243 mundus
1893 3182 2013 3260 mbae
2050 3189 2187 3263 conetur,
2225 3205 2321 3266 aeque
2362 3186 2412 3252 hie

413 3265 621 3331 sustinendae
643 3265 810 3348 religionis
827 3263 1002 3343 cardinem,
1025 3284 1089 3347 quo
1105 3265 1263 3329 maiorem
1280 3270 1387 3329 atten—
1438 3265 1533 3330 etc'om
1559 3263 1674 3331 edulia
1699 3263 1873 3329 doctrimm
1896 3266 1999 3347 fucere
2025 3269 2157 3348 1666666,
2190 3290 2269 3350 quae
2290 3292 2351 3352 per
2377 3291 2411 3337 ee

413 3352 534 3450 tionem
566 3370 743 3450 curamque
777 3351 961 3416 afferamus.
1016 3349 1091 3414 Nisi
1124 3350 1213 3415 enim
1243 3349 1386 3432 primum
1438 3350 1494 3415 hoc
1519 3349 1620 3499 hehe&
1651 3350 1709 3449 scd
1731 3351 2412 3508 wrmmwmmmezc

413 3434 1387 3603 616116111616166616
1437 3437 1819 3603 waiam
1851 3521 2040 3589 rucco
2071 3462 2236 3609 cada
2268 3525 2413 3594 6666

413 3607 541 3673 1166166
568 3607 683 3673 salutis
709 3607 974 3685 fundamentum,
1003 3608 1050 3672 ita
1076 3629 1136 3673 nec
1157 3604 1331 3690 erigendae
1350 3606 1387 3669 in
1439 3605 1698 3691 (16111615),
1724 3607 1806 3688 quod
1825 3627 1859 3673 ce
1880 3607 1967 3688 16666
1985 3609 2162 3693 beatificent,
2182 3633 2243 3678 coa
2265 3613 2412 3699 melloto

413 3697 523 3760 Deum
549 3693 688 3776 pietatis.
733 3691 801 3757 Sed
826 3693 1002 3759 necessitas
1027 3692 1243 3777 cognoscendi
1269 3691 1387 3756 melius
1438 3694 1601 3773 mairem
1619 3693 1778 3758 iustitium
1797 3697 1876 3758 recte
1892 3693 2018 3777 agendo,
2038 3696 2094 3762 ced
2109 3697 2270 3764 6661111666
2285 3705 2413 3781 capture

414 3802 455 3845 ex
476 3779 658 3862 cognitione
678 3779 751 3861 ipsa
772 3778 940 3844 elucescet.
1439 3779 1579 3844 iustitioe
1603 3797 1668 3859 quo
1694 3779 1786 3843 votui
1810 3783 1885 3842 eunt
1907 3780 2037 3861 fumone.
2081 3781 2177 3848 Hauc
2201 3804 2327 3850 6666666
2351 3805 2414 3852 mc·
2493 3820 2501 3843 e
2526 3797 2531 3809 “

501 3868 528 3927 2.
571 3864 677 3927 Porro
697 3884 739 3927 ne
759 3863 982 3946 impingamus
1003 3863 1130 3946 inipso
1152 3863 1265 3927 limine
1287 3861 1387 3947 (quod
1439 3864 1505 3929 lius
1536 3864 1713 3946 intellrpuat
1744 3863 1907 3928 hebreicae
1933 3864 2060 3947 linguae
2085 3869 2198 3950 periti,
2232 3870 2287 3936 ubi
2318 3873 2412 3939 61666

414 3951 521 4027 fieret,
551 3949 579 4013 si
606 3947 646 4013 16
668 3969 704 4012 re
723 3949 890 4031 incognita
918 3948 1170 4031 disputationem
1199 3947 1387 4032 ingredere·
1438 3951 1557 4014 cocheti
1577 3954 1736 4028 emuntur,
1764 3969 1826 4014 ceu
1846 3949 1935 4014 66616
1957 3951 2012 4030 qui
2039 3953 2102 4018 sici
2122 3957 2237 4021 6666611
2258 3964 2331 4023 eunt
2350 3976 2414 4025 666·

415 4035 505 4117 mur)
535 4034 678 4117 primum
699 4035 899 4115 explicemus
925 4032 1003 4115 quid
1030 4034 1091 4100 sibi
1113 4034 1216 4099 velint
1236 4033 1319 4098 istae
1339 4033 1388 4098 lo·
1439 4035 1528 4113 loric,
1556 4035 1611 4100 aed
1638 4036 1693 4115 qui
1713 4035 1868 4100 iudicium
1888 4035 2102 4103 damnationis
2121 4041 2259 4106 616666.
2305 4043 2414 4126 Neque

334 4179 338 4186 .
415 4120 602 4202 quntiones:
628 4119 796 4183 hominem
817 4140 927 4185 coram
947 4120 1020 4184 Deo
1040 4120 1223 4198 iustificari,
1251 4117 1316 4184 fide
1336 4120 1387 4183 iu·
1439 4122 1523 4185 enim
1544 4119 1736 4204 Bersabe,²)
1758 4119 1836 4185 dum
1856 4141 1889 4185 ae
1910 4127 1938 4186 et
1960 4120 2149 4190 Solomcnem
2169 4128 2245 4192 died
2262 4128 2331 4209 sore
2351 4148 2413 4194 666·

414 4205 550 4270 stificari
569 4205 617 4270 vel
638 4205 798 4286 operibus.
838 4204 1013 4270 Iustificari
1035 4224 1144 4269 coram
1165 4206 1237 4269 Deo
1259 4204 1386 4283 dicitur,
1439 4207 1530 4271 lectos
1547 4203 1579 4289 (l
1593 4205 1675 4289 Reg.
1695 4211 1722 4285 l,
1735 4205 1801 4290 21),
1822 4207 1940 4270 odmen
1960 4211 2105 4291 egrescit,
2127 4213 2182 4277 sed
2191 4213 2308 4292 probro
2329 4233 2362 4278 ee
2381 4219 2411 4278 et

415 4292 470 4372 qui
497 4290 615 4355 iudicio
637 4291 699 4355 Dei
727 4298 760 4355 et
786 4297 938 4356 censetur
959 4291 1078 4368 iustus,
1107 4297 1140 4354 et
1165 4296 1316 4372 acceptus
1338 4297 1389 4354 est
1438 4291 1542 4372 filicem
1563 4293 1737 4372 expositum
1756 4292 1802 4356 iri
1821 4293 2031 4374 conquritur,
2058 4302 2093 4361 ut
2113 4303 2312 4362 naceretur
2330 4300 2412 4363 inter

414 4376 456 4440 ob
483 4398 576 4440 snam
602 4376 777 4454 iustitiam;
809 4374 970 4456 siquidem
997 4384 1036 4439 ut
1063 4377 1135 4439 Deo
1162 4374 1388 4443 abominabilis
1440 4376 1629 4458 reprobaret
1649 4376 1819 4442 damnatos.
1853 4376 1908 4442 Ea
1924 4383 2066 4446 66616616
2086 4387 2189 4446 tomen
2207 4382 2302 4463 focile
2316 4389 2413 4464 putet,

415 4469 465 4525 est
485 4462 655 4544 iniquitas,
684 4462 732 4525 ita
758 4483 818 4526 neo
839 4470 989 4542 peccator
1009 4461 1047 4524 in
1068 4462 1137 4525 eius
1158 4461 1260 4526 oculis
1280 4468 1388 4544 potest
1440 4461 1566 4526 uerbum
1586 4461 1648 4541 hcc,
1671 4464 1765 4528 611666
1785 4463 1861 4528 dum
1877 4463 1973 4529 lutiae
1989 4466 2107 4548 legitve,
2130 4488 2192 4531 666
2206 4487 2300 4546 posse
2321 4468 2414 4534 aliter

415 4547 563 4611 invenire
592 4548 749 4631 gratim,
778 4552 930 4628 66616666
955 4550 999 4612 est
1020 4552 1163 4628 peccator
1189 4548 1389 4629 aequanda
1440 4548 1557 4629 accipi,
1586 4567 1694 4628 reempe
1714 4549 1856 4628 relative,
1884 4570 1946 4614 non
1973 4557 2076 4615 cutem
2096 4553 2331 4632 616661ιῖ6166
2351 4554 2413 4619 611-

416 4631 491 4695 telis
512 4639 656 4697 armetur.
688 4632 833 4697 Proinde
854 4632 1038 4715 ubicunque
1055 4639 1225 4715 peccatum
1242 4642 1299 4711 est,
1322 4632 1389 4698 illic
1441 4654 1536 4715 quem
1553 4633 1674 4698 denotet.
1706 4634 1880 4715 Quodam
1896 4636 1939 4699 ud
1950 4655 2077 4701 musam
2087 4643 2282 4716 praesmtem
2296 4640 2413 4720 attinet,

289 4756 294 4761 -
415 4716 513 4778 etlam
535 4737 569 4778 sc
591 4718 714 4799 profert
734 4720 784 4783 ira
805 4727 839 4783 et
855 4718 937 4782 ultio
954 4717 1027 4782 Dei
1061 4719 1262 4784 Iustificatur
1279 4724 1389 4783 autem
1441 4719 1497 4784 ubi
1507 4719 1632 4784 Paulus
1650 4719 1697 4783 ait
1707 4718 1797 4804 (Gal.
1811 4723 1839 4800 3,
1852 4721 1888 4804 8)
1905 4723 2101 4801 scripturam
2118 4722 2317 4804 praevidisse
2328 4724 2413 4807 quod
2448 4716 2452 4723 ’

415 4801 469 4882 qui
503 4821 569 4863 non
595 4801 664 4867 loeo
690 4805 880 4885 peccatoris,
913 4802 970 4868 sed
996 4805 1072 4868 iusti
1102 4804 1255 4884 habetur,
1287 4825 1389 4887 eoque
1441 4826 1483 4869 ex
1505 4803 1569 4870 fide
1586 4804 1741 4871 iustificat
1765 4816 1879 4889 gentes
1901 4806 2009 4883 Deus,
2033 4805 2112 4888 quid
2136 4807 2225 4873 61161
2247 4811 2415 4896 intelliges

415 4886 546 4950 nomine
573 4888 719 4951 consistit
742 4911 851 4954 coram
873 4889 938 4954 Dei
959 4889 1129 4968 tribunali,
1158 4889 1253 4974 ubi2)
1275 4910 1388 4972 pecca·
1441 4911 1538 4973 quam
1550 4890 1662 4955 Deum
1678 4891 1838 4956 iustitiam
1856 4912 1897 4954 ex
1909 4891 1973 4956 fide
1986 4891 2172 4974 imputare?
2199 4895 2295 4975 Item,
2313 4918 2415 4979 quum

416 4968 502 5034 tores
529 4992 641 5034 omnes
668 4982 833 5038 corruunt.
879 4972 1162 5053 Quemadmodum
1190 4977 1218 5041 61
1240 4997 1315 5041 reus
1336 4977 1388 5040 in·
1441 4976 1521 5041 dicit
1543 4976 1652 5060 (Rom.
1666 4980 1694 5055 3,
1707 4977 1762 5062 26)
1786 4978 1895 5043 Deum
1912 4977 2088 5043 iustificare
2111 4980 2262 5061 impium,
2286 4983 2343 5066 qui
2366 4991 2416 5049 est

416 5075 536 5120 nocens
558 5055 599 5118 61
622 5055 766 5120 tribunal
789 5059 883 5139 aequi
904 5058 1019 5125 iudicis
1042 5060 1234 5139 adducatur,
1258 5062 1314 5127 ubi
1337 5084 1388 5128 66·
1441 5083 1483 5126 ex
1500 5060 1564 5126 fide
1582 5061 1716 5142 Christi,
1735 5065 1807 5145 quis
1824 5084 1940 5129 sensus
1958 5085 2028 5128 esse
2046 5073 2161 5146 potest,
2184 5068 2248 5132 nisi
2264 5067 2341 5134 fidei
2359 5068 2415 5134 be·

415 5142 560 5207 cundum
592 5141 812 5205 innocontiam
844 5143 914 5206 cius
941 5142 1120 5210 iudicatum
1148 5149 1262 5226 fuerit,
1295 5149 1388 5214 iusti·
1441 5149 1557 5213 neficio
1581 5170 1601 5212 a
1623 5147 1830 5215 damnatione
1852 5150 1991 5215 liberare
2012 5171 2112 5232 quam
2133 5152 2279 5234 ipsorum
2301 5155 2415 5235 impie·

415 5230 531 5293 ficatus
558 5226 646 5309 apud
666 5225 808 5291 iudicem
829 5224 963 5305 dicitur,
990 5230 1035 5295 sic
1057 5229 1143 5312 apud
1164 5234 1275 5297 Deum
1295 5234 1389 5299 iusti·
1441 5241 1492 5298 tas
1511 5234 1721 5298 merebatur?
1764 5236 1921 5318 Apertius
1945 5237 2124 5302 etiamnum
2145 5239 2180 5303 in
2201 5239 2414 5315 conclusione,

1442 5318 1520 5384 dum
1541 5320 1587 5384 sic
1609 5318 1771 5395 exclamat
1792 5320 1882 5404 (ibid
1902 5327 1932 5401 8,
1952 5323 2023 5405 33):
2053 5325 2126 5406 quis
2147 5324 2310 5390 accusabit
2330 5322 2415 5388 eleo-

487 5533 516 5601 1)
544 5533 674 5604 &quaer
693 5533 881 5602 meccedentie
902 5533 1030 5587 editionis
1050 5532 1115 5601 Cap.
1135 5532 1170 5586 X.
1193 5541 1218 5588 et
1238 5535 1391 5590 aeaeae
2096 5579 2100 5587 .

416 5618 467 5671 per
480 5603 566 5671 pluro
587 5605 680 5671 cepeto
696 5603 869 5658 6661616661.
895 5602 985 5672 Atque
1001 5600 1167 5724 bicsgur'dem
1185 5601 1392 5701 legemem
1501 5604 1541 5698 Ἰ1)
1566 5603 1614 5685 616
1631 5620 1728 5658 omnes.
1798 5605 1829 5671 2)
1856 5606 1902 5661 Sic
1924 5609 2101 5690 66666661
2117 5627 2220 5679 omnes,
2242 5613 2324 5666 edum
2347 5611 2416 5668 Ἠιο-

416 5672 531 5736 fuerant
547 5672 571 5738 5.
589 5670 680 5725 1-14.
750 5669 780 5738 2)
801 5671 874 5726 Edd.
892 5677 999 5727 recmtl.
1016 5670 1045 5739 (1
1082 5669 1213 5736 7-1667)
1231 5669 1311 5724 mele.
1330 5680 1369 5724 nt.
1446 5671 1569 5726 laelium
1587 5689 1641 5728 cao.
1659 5673 1843 5728 661616661ιὶ.
1863 5675 1930 5729 1667
1947 5694 1995 5745 qur
2012 5678 2149 5732 ernendae:
2168 5681 2294 5734 Bersabe.

2154 5764 2211 5816 34*
