5600 6809
386 789 448 848 877
756 780 848 848 LIB.
869 783 930 848 IV.
976 783 1040 848 DE
1063 781 1301 848 EXTERNIS
1323 777 1488 848 MEDIIS
1512 779 1576 843 AD
1600 778 1831 846 SALUTEM.
1877 780 1977 846 CAP.
2000 782 2044 847 X.
2345 787 2409 849 878

390 981 471 1035 runt
494 975 527 1034 in
559 969 679 1054 populo
703 971 891 1035 israelitico:
920 971 1049 1034 illenim
1073 993 1170 1037 causa
1192 973 1376 1036 institutam
1403 968 1405 993 ²
1430 968 1508 1033 Ideo
1542 969 1629 1032 enim
1655 990 1754 1051 opera
1779 992 1798 1034 a
1826 972 1897 1035 Deo
1926 971 2081 1035 mandata
2116 976 2413 1040 remunerationem

393 1079 464 1121 csse
495 1056 652 1122 eiusmodi
682 1056 930 1140 paedagogiam,
965 1079 1028 1139 qua
1058 1059 1188 1122 tametsi
1215 1059 1378 1122 firmiores
1402 1032 1405 1135 l
1430 1054 1561 1131 habent,
1586 1055 1672 1136 quod
1695 1056 1861 1136 legislatir
1883 1058 1954 1140 ipse
1979 1058 2179 1123 obedientiae
2202 1068 2351 1143 respectu
2374 1083 2413 1126 ea
2477 1111 2479 1113 -

394 1165 505 1208 carere
534 1151 686 1224 possunt,
717 1143 883 1225 negligere
911 1150 1024 1206 tamen
1052 1164 1124 1206 eam
1153 1164 1217 1207 non
1248 1142 1376 1221 debent,
1403 1144 1405 1239 ξ
1431 1151 1563 1222 accepta
1583 1140 1690 1204 habet.
1735 1143 1811 1205 Non
1831 1144 1935 1226 igitur
1957 1163 1976 1206 a
1998 1145 2130 1225 propria
2152 1144 2311 1228 dignitate
2338 1167 2412 1228 pro-

394 1251 495 1312 qunm
523 1229 658 1292 videant
685 1229 826 1292 infirmis
854 1229 1010 1292 fratribus
1041 1250 1119 1303 esse,
1141 1229 1264 1292 utilem.
1310 1230 1378 1292 Re·
1403 1243 1405 1273 ³
1430 1228 1669 1308 prioremerito
1688 1228 1831 1310 pretium
1846 1230 2028 1311 accipiunt;
2051 1230 2108 1293 sed
2127 1231 2211 1312 quod
2228 1232 2320 1295 Dens
2337 1232 2413 1298 obe·

393 1315 554 1396 spondeo,
584 1336 644 1378 nos
672 1335 739 1377 non
767 1315 893 1378 nescire
920 1314 996 1395 quid
1026 1316 1165 1378 fratrum
1192 1315 1377 1379 infirmitati
1403 1284 1406 1386 l
1431 1313 1587 1376 dientiam
1621 1334 1699 1395 erga
1735 1335 1769 1378 se
1797 1323 1942 1378 nostram
1970 1316 2054 1378 tanti
2083 1317 2241 1380 aestimat.
2292 1318 2345 1381 De
2374 1340 2413 1384 ea

394 1399 568 1479 debeatur,
590 1400 647 1464 sed
670 1423 711 1464 ex
735 1399 871 1464 adverso
894 1400 1086 1482 excipimus,
1109 1422 1176 1464 non
1199 1422 1269 1465 esse
1293 1401 1377 1466 hanc
1403 1387 1406 1485 l
1431 1419 1566 1480 operum
1595 1400 1792 1479 perfectione
1822 1400 1875 1463 hic
1902 1400 2016 1482 loquor
2037 1422 2120 1482 quae
2143 1423 2162 1464 a
2184 1401 2255 1466 Deo
2277 1403 2413 1467 manda·

392 1488 553 1550 rationem
577 1507 641 1568 qua
664 1487 853 1550 consulatur
875 1487 1030 1563 infirmis,
1060 1494 1097 1549 ut
1117 1488 1246 1569 magnis
1269 1506 1377 1551 caere·
1431 1494 1496 1561 tur,
1527 1505 1594 1545 non
1624 1485 1664 1548 ab
1687 1485 1873 1549 hominibus
1901 1495 2095 1568 praestatur.
2140 1487 2219 1552 Ideo
2242 1491 2412 1556 enimrnec

392 1573 580 1636 moniarum
604 1573 729 1636 acervis
751 1570 942 1634 obruantur.
985 1571 1060 1635 Non
1081 1573 1206 1635 frustra
1229 1572 1290 1636 hoo
1313 1572 1377 1636 dis·
1431 1590 1530 1651 opera
1557 1570 1639 1653 legis
1668 1592 1751 1652 quae
1782 1572 1933 1649 facimuS,
1956 1573 2018 1636 nisi
2041 1594 2083 1636 ex
2105 1575 2248 1656 gratuita
2269 1574 2334 1639 Dei
2355 1576 2412 1640 be-

392 1660 518 1722 crimen
546 1659 655 1740 posuit
675 1657 768 1721 Deus
795 1658 883 1720 inter
907 1678 967 1721 nos
989 1665 1022 1721 et
1044 1666 1189 1721 veterem
1211 1658 1377 1741 populum,
1404 1630 1407 1716 l
1431 1655 1602 1738 nignitate,
1633 1658 1773 1738 gratiam
1800 1656 1937 1746 habent,
1965 1660 2041 1739 quia
2067 1658 2104 1721 in
2125 1660 2205 1741 ipsis
2227 1661 2358 1725 infirma
2379 1669 2413 1725 et

395 1743 481 1824 quod
499 1744 594 1807 illum
611 1743 717 1808 voluit
738 1742 907 1824 pueriliter
925 1743 1055 1806 erudire
1078 1745 1179 1827 signis
1198 1752 1231 1807 et
1253 1744 1377 1826 figuris,
1404 1748 1407 1884 ¹
1432 1740 1547 1804 mutila
1568 1740 1752 1806 obediontia
1773 1751 1831 1805 est.
1875 1743 1942 1806 Sed
1964 1745 2041 1825 quia
2063 1743 2115 1808 hic
2140 1766 2206 1808 non
2229 1743 2414 1830 disputatur

394 1851 454 1893 nos
477 1829 665 1911 simplicius,
690 1828 760 1892 sine
782 1836 873 1892 tanto
892 1840 1026 1892 externo
1049 1838 1218 1911 apparatu.
1256 1827 1379 1908 Quem·
1405 1905 1407 1920 ἡ
1432 1826 1508 1907 quid
1532 1848 1631 1908 opera
1653 1828 1723 1892 sine
1745 1827 1879 1892 Christo
1900 1829 2045 1905 valecmt,
2076 1832 2300 1911 quaestionem
2321 1831 2414 1897 illam

395 1915 581 1991 admodum,
606 1916 711 1996 inquit
732 1913 858 1979 Paulus
881 1914 971 1998 (Gal.
996 1922 1025 1989 4,
1052 1915 1093 1998 l),
1116 1935 1198 1996 puer
1220 1935 1239 1977 a
1260 1913 1378 1996 paeda·
1431 1914 1627 1976 omittamus.
1684 1911 1781 1993 Quod
1814 1916 1996 1996 praesentis
2029 1918 2214 1998 argumenti
2245 1918 2414 2000 proprium

396 2022 481 2085 gogo
502 2021 561 2082 pro
583 2001 698 2064 aetatis
722 2008 818 2081 captu
839 2002 965 2083 regitur
986 2010 1020 2063 et
1042 2000 1103 2064 sub
1131 2000 1278 2066 custodia
1301 2021 1378 2065 oon·
1404 1939 1407 2098 l
1432 2006 1481 2062 est
1509 2000 1628 2062 iterum
1658 2009 1784 2080 repeto:
1815 1999 1970 2081 quidquid
2000 2003 2035 2064 in
2064 2023 2098 2065 se
2121 2001 2412 2069 commendationis

396 2089 535 2162 tinctur,
570 2087 617 2149 ita
651 2087 711 2150 sub
739 2086 811 2169 lege
841 2085 1106 2150 custodiebantur
1136 2085 1258 2149 Iudaei.
1309 2087 1379 2151 Nos
1405 2131 1407 2157 .
1432 2083 1555 2149 habent
1577 2106 1683 2166 opera,
1707 2085 1828 2149 habere
1850 2085 2051 2151 obedientiae
2073 2088 2210 2165 intuitu,
2241 2109 2340 2169 quam
2361 2110 2413 2156 so·

397 2182 508 2237 autem
538 2172 660 2236 adultis
689 2172 810 2236 similes
839 2193 961 2246 sumus,
986 2172 1041 2254 qni
1065 2194 1084 2236 a
1106 2172 1208 2235 tutela
1231 2188 1262 2235 et
1285 2194 1374 2237 cura·
1431 2169 1499 2233 lam
1520 2168 1613 2234 Deus
1636 2171 1783 2253 respicit,
1807 2179 1845 2234 ut
1872 2181 2012 2235 testatur
2037 2194 2097 2254 per
2118 2173 2311 2255 prophetam
2332 2175 2410 2258 (Ier.

394 2259 483 2322 tione
513 2258 655 2335 liberati,
685 2257 866 2340 puerilibus
895 2256 1090 2322 rudimentis
1117 2280 1197 2341 opus
1225 2281 1291 2322 non
1320 2258 1379 2322 ha·
1434 2260 1462 2333 7,
1487 2255 1557 2338 22):
1586 2277 1652 2319 non
1680 2257 1832 2339 praecepi
1860 2257 1900 2321 de
1928 2259 2094 2322 sacrificiis
2121 2266 2154 2321 et
2175 2260 2333 2338 victimis;
2354 2261 2412 2325 sed

395 2346 482 2409 bent.
527 2344 691 2407 Dominus
714 2351 799 2407 certe
823 2343 917 2425 quale
938 2344 1085 2407 futurum
1109 2353 1195 2408 esset
1220 2346 1253 2407 in
1277 2344 1379 2409 ecele-
1432 2349 1562 2405 tanturn
1585 2355 1623 2404 ut
1645 2342 1808 2406 audiendo
1830 2342 1971 2407 audiatis
1993 2364 2105 2408 vocem
2127 2366 2243 2408 meam.
2281 2346 2333 2409 De
2354 2347 2412 2412 fic·

396 2432 445 2494 sia
478 2450 538 2493 sua
570 2427 690 2512 vulgus
722 2427 924 2511 providebat,
959 2439 993 2492 et
1024 2430 1165 2511 qualiter
1197 2429 1379 2513 regendum
1432 2428 1513 2491 titiis
1541 2435 1649 2491 autem
1677 2428 1829 2510 operibus
1857 2428 1935 2492 alibi
1970 2429 2113 2511 loquitur
2141 2431 2218 2511 (Ios.
2249 2436 2304 2508 55,
2333 2435 2433 2515 Zet!

394 2517 486 2578 foret.
532 2514 604 2578 Hoc
626 2523 751 2592 tamen,
776 2535 839 2596 quo
861 2514 986 2579 dictum
1008 2525 1072 2591 est,
1096 2515 1191 2578 modo
1212 2517 1298 2579 inter
1319 2536 1378 2580 nos
1433 2516 1488 2589 29,
1516 2513 1582 2596 l3):
1616 2512 1800 2595 appenditis
1833 2523 2008 2598 argentum
2036 2525 2197 2593 vestrum,
2225 2526 2259 2580 et
2284 2538 2351 2581 non
2376 2518 2412 2582 in

395 2611 429 2664 et
450 2600 589 2664 Iudaeos
612 2598 775 2665 discrevit.
821 2599 933 2666 Stulta
959 2601 1063 2683 igitur
1090 2601 1174 2665 ratio
1199 2610 1250 2666 est
1271 2602 1299 2665 si
1321 2622 1378 2665 vo-
1430 2598 1579 2680 panibus.
1630 2598 1731 2662 Item:
1762 2599 1896 2681 (Matth.
1931 2606 1984 2679 15,
2008 2601 2043 2684 8)
2071 2601 2195 2666 frustra
2222 2623 2275 2665 me
2301 2602 2413 2667 colunt

395 2687 504 2749 lumus
542 2686 713 2768 imperitis‘
735 2687 922 2762 consulere,
963 2687 1159 2751 ludaismum
1194 2708 1213 2750 a
1246 2686 1379 2751 Christo
1431 2684 1611 2765 praeceptis
1632 2684 1811 2748 hominum.
1857 2685 1929 2750 Hoc
1952 2687 2061 2768 itaque
2083 2686 2291 2752 nullomodo
2313 2710 2412 2754 excu-

396 2773 589 2855 abrogatbm
612 2769 775 2854 erigendo.
813 2772 909 2835 Hanc
932 2793 1058 2854 quoque
1080 2773 1378 2837 dissimilitudinem
1432 2769 1558 2846 sabunt,
1581 2768 1665 2850 quod
1690 2771 1861 2851 patiuntur
1883 2773 2037 2836 miseram
2059 2773 2187 2855 plebem
2211 2774 2245 2836 in
2268 2775 2412 2839 externis

396 2859 517 2922 veteris
546 2865 580 2920 et
607 2858 682 2921 novi
712 2857 823 2939 populi
855 2859 982 2922 notavit
1004 2857 1159 2923 Christus
1181 2859 1248 2922 suis
1271 2859 1379 2923 verbis
1432 2856 1497 2919 illis
1519 2858 1618 2938 nugis
1640 2855 1807 2931 iustitiam,
1830 2877 1927 2937 quam
1945 2858 2018 2921 Deo
2036 2866 2211 2940 opponant,
2235 2869 2268 2922 et
2290 2881 2355 2941 qua
2377 2881 2411 2925 se

398 2944 526 3024 (Ionan.
551 2949 587 3022 4,
612 2941 677 3027 23),
708 2963 808 3024 quum
837 2943 959 3007 diceret
985 2944 1116 3008 mulieri
1150 2944 1378 3022 samaritanae,
1433 2951 1510 3004 ante
1537 2940 1676 3006 coeleste
1706 2940 1850 3005 tribunal
1873 2942 2073 3019 sustineant,
2101 2964 2265 3025 quaerere.
2310 2946 2412 3010 Prae-

396 3029 526 3092 venisse
545 3034 675 3110 tempus
698 3049 761 3110 quo
778 3030 849 3093 veri
867 3029 1008 3094 cultores
1027 3029 1202 3093 adorarent
1212 3031 1321 3094 Deum
1344 3031 1380 3093 in
1433 3035 1523 3090 terea
1558 3048 1669 3091 annon
1699 3027 1761 3091 hoc
1790 3026 1927 3110 dignum
1959 3028 2172 3092 insectatione
2201 3030 2319 3092 vitium
2350 3038 2411 3110 est,

398 3116 514 3196 spiritu
548 3123 581 3178 et
613 3116 762 3179 veritate.
814 3115 887 3179 Hoc
920 3116 1063 3198 profecto
1096 3137 1224 3197 semper
1257 3117 1379 3180 factum
1433 3112 1520 3194 quod
1537 3133 1602 3176 non
1621 3112 1804 3177 intellectas
1821 3113 2051 3191 caeremonias,
2074 3113 2166 3178 velut
2186 3114 2413 3179 histrionicam
2524 3195 2526 3202 ¹

397 3203 513 3277 fuerat,
544 3199 600 3264 sed
629 3201 664 3263 in
695 3200 755 3265 hoc
778 3200 935 3264 differunt
960 3202 1037 3264 novi
1061 3201 1202 3264 cultores
1224 3202 1380 3265 aveteri·
1433 3219 1564 3263 scenam
1582 3206 1639 3261 aut
1657 3199 1818 3281 magicam
1833 3199 2097 3277 incantationem,
2115 3199 2302 3263 ostentant?
2331 3200 2412 3277 Cer·

398 3285 468 3362 bus,
492 3284 577 3365 quod
600 3285 660 3349 sub
682 3287 776 3349 Mose
804 3286 983 3368 spiritualis
1010 3285 1075 3350 Dei
1099 3285 1245 3351 adoratio
1265 3287 1380 3350 multis
1433 3291 1504 3347 tum
1527 3285 1614 3347 enim
1638 3294 1688 3347 est
1709 3285 1929 3364 caeremonias
1951 3305 2064 3349 omnes
2095 3295 2265 3367 corruptas
2287 3307 2358 3351 esse
2380 3294 2414 3351 et

398 3370 612 3435 caeremoniis
651 3370 845 3435 adumbrata
880 3380 913 3436 et
950 3370 1186 3453 quodammodo
1221 3372 1380 3455 implicita
1406 3416 1409 3456 Ι
1432 3370 1557 3447 noxias,
1572 3370 1638 3459 pisi
1656 3391 1716 3452 per
1732 3391 1787 3434 eas
1805 3371 1953 3434 homines
1971 3370 2012 3433 ad
2030 3370 2202 3434 Christum
2216 3370 2411 3455 dirigantur.

397 3465 476 3532 erat,
500 3455 617 3537 quibus
640 3455 768 3521 abolitis
790 3479 879 3522 nunc
898 3457 1078 3540 simplicius
1096 3455 1259 3522 adoratur.
1295 3458 1380 3523 Pro·
1434 3453 1528 3534 Quae
1555 3464 1665 3520 autem
1693 3457 1729 3519 in
1756 3477 1819 3519 usu
1845 3467 1924 3521 sunt
1952 3457 2174 3521 caeremoniae
2196 3456 2258 3520 sub
2279 3464 2410 3541 papatu,

397 3542 482 3618 inde,
506 3542 562 3623 qui
584 3543 669 3606 hanc
692 3541 987 3607 dissimilitudinem
1007 3542 1219 3622 confundunt,
1231 3543 1381 3608 ordinem
1434 3540 1624 3605 adootrina
1650 3550 1858 3623 separantur,
1882 3550 1920 3604 ut
1947 3541 2096 3605 homines
2123 3544 2157 3606 in
2186 3543 2289 3626 signis
2322 3544 2412 3608 omni

397 3635 551 3692 evertunt
573 3650 592 3691 a
614 3626 746 3692 Christo
769 3629 958 3693 institutum
980 3637 1014 3693 et
1035 3630 1205 3694 sancitum.
1235 3630 1379 3713 Ergone,
1433 3626 1669 3709 significatione
1682 3625 1868 3692 carentibus
1889 3629 2061 3691 retineant.
2098 3629 2270 3693 Postremo
2287 3630 2341 3708 (ut
2360 3630 2412 3693 in·

396 3714 532 3794 inquies,
561 3713 642 3777 nihil
672 3716 950 3779 caeremoniarum
978 3714 1164 3779 rudioribus
1187 3714 1317 3779 dabitur
1338 3714 1379 3779 ad
1406 3691 1408 3753 l
1432 3713 1584 3795 geniosus
1603 3713 1721 3777 artifex
1743 3721 1793 3777 est
1814 3714 1944 3797 venter)
1973 3723 2108 3795 apparet
2129 3714 2249 3778 multas
2271 3714 2312 3779 ab
2334 3737 2412 3780 ava·

397 3800 573 3863 iuvandam
608 3820 719 3863 eornm
754 3800 974 3882 imperitiam?
1025 3800 1065 3863 Id
1100 3821 1161 3884 ego
1195 3822 1262 3864 non
1290 3801 1377 3866 dico:
1432 3799 1478 3862 ris
1513 3798 1703 3863 sacrificulis
1733 3799 1884 3862 inventas
1913 3820 1996 3876 esse,
2030 3807 2069 3863 ut
2095 3809 2204 3864 essent
2231 3800 2412 3883 captandae

397 3886 529 3948 omnino
551 3887 638 3949 enim
661 3885 741 3950 utile
762 3886 827 3950 illis
845 3908 915 3951 esse
938 3887 1043 3951 sentio
1065 3886 1126 3950 hoc
1149 3908 1252 3970 genus
1275 3887 1378 3952 admi·
1431 3884 1589 3967 pecuniae
1607 3885 1754 3965 aucupia.
1791 3882 2029 3966 Quamcunque
2052 3893 2162 3949 autem
2184 3885 2327 3951 habeant
2347 3888 2411 3951 ori·

396 3970 507 4035 niculi.
553 3972 697 4035 Tantum
717 3972 771 4036 hic
794 3972 954 4036 contendo
978 3982 1014 4035 ut
1035 3973 1064 4035 is
1085 3972 1201 4036 modus
1224 3972 1378 4037 adhibea-
1431 3971 1550 4052 ginem,
1574 3971 1620 4035 sic
1642 3990 1755 4033 omnes
1777 3969 1916 4034 suntad
1939 3968 2066 4034 foedum
2098 3979 2271 4053 quaestum
2292 3973 2411 4054 prosti-

395 4070 451 4119 tur
478 4057 532 4138 qui
560 4056 733 4120 Christum
759 4057 918 4134 illustret,
953 4079 1019 4121 non
1049 4059 1206 4122 obscuret.
1258 4058 1378 4123 Caere·
1431 4062 1532 4132 tutae,
1561 4067 1599 4118 ut
1627 4056 1746 4120 bonam
1781 4065 1908 4137 partem
1939 4056 2124 4120 rescindere
2146 4078 2278 4122 necesse
2309 4060 2360 4134 sit,
2383 4059 2411 4123 si

396 4143 524 4207 moniae
560 4140 632 4206 ideo
660 4142 753 4207 nobis
781 4143 939 4220 divinitus
966 4165 1089 4225 paucae
1118 4143 1212 4206 datae
1241 4151 1319 4207 sunt
1345 4151 1379 4207 et
1431 4141 1558 4204 efficere
1577 4139 1737 4220 volumus,
1756 4142 1928 4223 quominus
1945 4142 2082 4224 profana
2099 4151 2132 4206 et
2150 4143 2307 4224 sacrilega
2325 4164 2411 4206 nun·

394 4229 530 4292 minime
562 4228 752 4303 laboriosae,
788 4250 851 4311 qno
883 4239 1090 4311 praesentem
1118 4228 1288 4293 Christum
1322 4227 1377 4293 de·
1431 4225 1555 4290 dinatio
1577 4226 1613 4290 in
1635 4226 1772 4291 ecclesia
1791 4234 1991 4291 exerceatur.

392 4322 580 4378 monstrent
587 4338 594 4392 ;
629 4313 760 4378 Iudaeis
792 4315 904 4396 plnres
932 4312 1027 4378 datae
1062 4323 1148 4391 sunt,
1176 4334 1240 4395 quo
1268 4323 1378 4378 essent
1520 4316 1567 4375 16.
1612 4312 1757 4376 Tametsi
1778 4311 1891 4377 videor
1919 4333 1987 4377 non
2014 4325 2205 4395 perpetuam
2228 4312 2410 4378 doctrinam

394 4399 538 4464 absentis
576 4401 745 4482 imagines.
801 4399 981 4465 Absentem
1020 4409 1130 4464 autem
1163 4400 1262 4464 fuisse
1296 4400 1376 4478 dieo,
1431 4396 1470 4461 de
1503 4397 1657 4462 humanis
1689 4397 1977 4463 constitutionibus
2010 4397 2159 4477 tradere,
2193 4398 2278 4479 quod
2310 4401 2411 4464 aetati

393 4506 458 4547 non
481 4487 613 4563 virt-ute,
637 4485 692 4550 sed
717 4486 921 4569 significandi
943 4485 1048 4550 modo.
1093 4485 1239 4549 Proinde
1260 4486 1377 4550 modus
1430 4494 1561 4547 nostrae
1606 4503 1717 4548 rorsus
1739 4484 1981 4549 accommodata
2004 4496 2053 4548 est
2077 4483 2158 4547 haec
2181 4485 2297 4561 oratio,
2325 4484 2410 4550 nihil

394 4579 431 4630 ut
450 4572 637 4648 retineatur,
661 4571 751 4635 illam
770 4573 805 4634 in
823 4594 960 4636 numero
977 4573 1184 4654 paucitatem,
1207 4572 1242 4635 in
1267 4573 1377 4636 obser·
1429 4577 1541 4633 tamma
1600 4569 1700 4634 'ctum
1733 4577 1783 4634 est
1818 4570 1903 4652 quod
1931 4591 1997 4632 non
2024 4570 2066 4633 sit
2093 4569 2244 4632 omnibns
2272 4570 2409 4635 saeculis

393 4653 525 4718 vatione
545 4657 742 4735 facilitatem,
761 4657 796 4721 in
814 4659 1052 4741 significatione
1076 4657 1271 4740 dignitatem
1294 4678 1376 4739 quae
1429 4655 1577 4719 futurum
1594 4655 1682 4719 utile.
1712 4656 1799 4720 Nam
1821 4657 1947 4738 quoties
1964 4654 2092 4735 obrepit
2109 4654 2189 4717 haec
2211 4656 2408 4736 superstitio
2529 4678 2534 4684 ·

395 4740 492 4801 etiam
513 4740 658 4806 claritate
677 4753 813 4822 constat,
837 4746 979 4808 retinere
998 4764 1129 4809 necesse
1153 4751 1211 4806 est.
1252 4743 1290 4806 Id
1310 4764 1377 4808 non
1429 4749 1467 4804 ut
1477 4742 1588 4805 Deum
1610 4742 1677 4805 suis
1698 4742 1865 4824 figmentis
1885 4739 1989 4804 colere
2008 4738 2156 4803 homines
2174 4738 2287 4819 velint,
2309 4762 2409 4823 quae-

395 4845 464 4887 esse
483 4825 615 4903 factum,
634 4828 712 4908 quid
730 4831 848 4895 attinet
867 4829 995 4909 dicere?
1014 4851 1067 4894 res
1086 4830 1172 4894 enim
1192 4831 1288 4893 estin
1307 4850 1376 4894 om·
1429 4848 1558 4909 cunque
1576 4827 1612 4890 in
1629 4848 1704 4891 eum
1722 4829 1822 4891 finem
1841 4827 1992 4889 feruntur
2008 4825 2107 4908 leges,
2131 4825 2242 4888 statim
2260 4826 2303 4890 ad
2320 4847 2409 4894 oras·

337 4941 345 4962 ι
393 4910 485 4973 nium
510 4910 619 4974 oculis.
1430 4935 1482 4978 sos
1513 4914 1591 4978 istos
1619 4914 1740 4979 abusus
1769 4912 1975 4994 degenerant.
2020 4909 2117 4974 Hanc
2144 4912 2231 4974 enim
2253 4912 2408 4980 maledic·

484 5001 531 5058 15.
573 4995 639 5060 Hic
656 5006 823 5078 praetereo
841 5022 940 5081 quarn
959 5003 1149 5084 perniciosis
1170 5000 1377 5082 opinionibus
1428 5000 1551 5063 tionem
1566 5018 1635 5062 non
1651 5000 1709 5061 uni
1726 5007 1784 5060 ant
1800 4997 1894 5059 alteri
1911 4996 2018 5072 aetati,
2032 4995 2088 5060 sed
2105 4996 2254 5061 omnibus
2270 5000 2408 5065 saeculis

393 5082 584 5146 imbuantur
605 5081 778 5145 hominum
805 5096 946 5149 mentes:
975 5087 1133 5151 sacrificia
1160 5107 1230 5151 esse
1259 5088 1377 5169 quibus
1428 5087 1574 5149 minatur
1589 5082 1682 5148 Deus
1699 5082 1840 5164 (Ies29,
1857 5080 1924 5163 13),
1942 5080 2028 5163 quod
2048 5084 2202 5148 caecitate
2221 5092 2255 5146 et
2276 5092 2407 5168 stupore

393 5168 457 5231 rite
484 5168 597 5231 litetur
624 5166 711 5244 Deo,
735 5168 851 5248 quibus
879 5171 1053 5252 expientur
1080 5181 1228 5253 peccata,
1259 5172 1376 5255 quibus
1428 5172 1589 5254 percutiet
1616 5186 1670 5232 eos
1699 5187 1719 5230 a
1748 5168 1864 5249 quibus
1892 5167 2009 5231 colitur
2038 5166 2194 5232 doctrinis
2223 5168 2404 5233 hominum.

393 5254 519 5318 institia
552 5261 585 5316 et
613 5254 701 5318 salus
729 5261 944 5335 comparetur.
996 5255 1175 5337 Negabunt
1209 5260 1375 5323 extraneis
1428 5257 1520 5322 Haec
1548 5253 1730 5318 excaecatio
1757 5261 1914 5335 perpetuo
1943 5253 2021 5318 facit
2049 5262 2086 5318 ut
2106 5255 2234 5320 nullum
2256 5254 2404 5319 absurdi-

343 5390 346 5396 .
393 5338 553 5404 eiusmodi
576 5339 741 5403 erroribus
758 5339 867 5402 vitiari
885 5360 939 5403 res
957 5340 1067 5416 bonas,
1091 5360 1192 5421 quum
1213 5342 1248 5403 in
1271 5345 1375 5424 operi-
1428 5345 1506 5407 tatis
1527 5360 1630 5423 genus
1657 5338 1792 5420 fugiant,
1823 5339 1876 5421 qui
1899 5339 2093 5425 contemptis
2116 5348 2164 5405 tot
2184 5340 2249 5405 Dei
2271 5341 2405 5405 monitis

392 5425 455 5489 bus
478 5446 605 5508 quoqne
629 5447 648 5490 a
669 5426 741 5490 Deo
763 5426 945 5509 praeceptis
972 5425 1034 5489 hac
1059 5432 1154 5507 parte
1176 5445 1244 5487 non
1265 5427 1376 5492 minus
1428 5436 1542 5510 sponte
1565 5444 1599 5488 se
1621 5424 1657 5486 in
1684 5424 1833 5489 exitiales
1859 5425 1938 5490 istos
1959 5424 2091 5507 laqueos
2113 5424 2263 5490 induunt.
2307 5424 2405 5507 Quod

393 5513 522 5593 peccari
546 5520 652 5595 queat.
697 5511 770 5577 Hoc
792 5517 902 5575 tamen
933 5510 1006 5593 plns
1035 5508 1244 5592 indignitatis
1267 5510 1374 5591 habet,
1428 5516 1456 5577 si
1484 5509 1617 5574 remotis
1650 5510 1901 5576 circumstantiis
1934 5511 2124 5593 simpliciter
2161 5509 2283 5575 habere
2315 5511 2404 5592 libet,

291 5615 297 5623 ·
394 5596 546 5678 operibus
580 5605 703 5662 temere
738 5597 883 5661 humano
906 5595 1040 5662 arbitrio
1068 5596 1214 5661 confictis
1246 5603 1376 5660 tantum
1428 5616 1509 5679 quae
1539 5594 1606 5658 sint
1632 5596 1778 5660 omnium
1805 5605 1990 5680 temporum
2019 5596 2181 5661 humanae
2202 5596 2403 5676 traditiones,

394 5681 530 5747 honoris
549 5684 647 5748 tribui
665 5692 702 5748 ut
721 5684 888 5748 meritoria
910 5684 997 5749 ritae
1019 5690 1171 5747 aeternae
1189 5680 1374 5746 credantur.
1427 5702 1507 5763 quas
1529 5680 1570 5745 ab
1592 5682 1728 5748 ecclesia
1749 5681 1913 5766 repudiari
1934 5679 1971 5747 et
1988 5703 2008 5746 a
2028 5682 2092 5766 piis
2110 5683 2262 5748 omnibus
2284 5685 2404 5769 impro-
