5600 6809
390 858 455 919 099
582 847 584 852 ’
1030 845 1297 914 INSTI'PU'HO
1320 847 1425 912 REL.
1448 845 1629 912 CHRIS'P.
1654 848 1745 910 1550.
2320 848 2412 907 1000

394 1042 533 1118 duxerit,
567 1039 621 1104 sed
652 1041 792 1102 3033333
825 1036 941 1100 milites
968 1034 1002 1119 (2
1022 1032 1112 1099 Sam.
1136 1039 1165 1114 5,
1186 1035 1230 1120 8).
1288 1035 1372 1115 Quid
1424 1035 1467 1099 30
1488 1039 1591 1098 totum.
1635 1033 1800 1114 Discipuli
1821 1039 1970 1098 uocantur
1990 1034 2091 1097 iustae
2117 1032 2228 1097 aetatis
2251 1033 2410 1110 homines,

394 1131 497 1192 autem
529 1117 560 1188 si
586 1123 776 1205 parabolam
809 1123 905 1207 (Luc.
928 1125 976 1198 14,
996 1119 1052 1203 21)
1075 1142 1207 1202 appono,
1241 1123 1275 1185 in
1308 1141 1372 1200 qua
1424 1121 1480 1201 qui
1511 1121 1578 1184 iam
1608 1120 1733 1201 fuerant
1760 1119 1856 1183 edocti
1882 1125 1909 1184 0
1940 1118 2061 1183 Christo
2094 1139 2204 1183 333333
2236 1119 2411 1183 dederant.-

273 1273 276 1284 ,
393 1211 484 1276 0333
505 1211 548 1275 30
569 1209 691 1273 coeleste
715 1209 840 1289 3930333
857 1209 970 1272 inuitat
991 1226 1095 1271 caecos
1116 1212 1144 1271 et
1160 1207 1296 1285 claudos,
1318 1206 1372 1270 hoc
1424 1207 1519 1270 30330
1546 1204 1682 1270 1303333
1713 1205 1771 1269 sub
1803 1205 1866 1288 leqc
1894 1203 1995 1268 Masis
2022 1204 2194 1284 discipulos
2221 1224 2287 1268 3333
2314 1225 2411 1285 3933-

395 1317 428 1362 33
457 1297 535 1360 3303
563 1295 711 1376 quomodo
745 1295 884 1374 expediet
913 1291 1080 1357 Suades?
1132 1293 1252 1372 Quaero
1280 1292 1372 1356 etiam
1425 1292 1500 1355 tuit:
1526 1311 1613 1354 33333
1635 1296 1735 1354 tamen
1756 1291 1830 1356 inde
1856 1296 1933 1355 recte
1965 1291 2085 1372 inferet,
2113 1295 2273 1354 extraneos
2299 1290 2410 1371 fuisse

347 1405 350 1413 ·
394 1403 500 1447 33333
515 1382 613 1461 prius
635 1401 704 1444 oum
722 1379 848 1444 033003
868 1379 1055 1443 militassent
1072 1377 1179 1442 claudi
1196 1384 1224 1443 et
1240 1377 1371 1442 mutili?
1425 1379 1577 1457 intentes,
1605 1397 1681 1456 quos
1708 1376 1800 1442 0333
1827 1381 1954 1442 testatus
1980 1382 2024 1440 est
2047 1397 2110 1457 pro
2136 1376 2312 1441 domesticis
2339 1375 2409 1440 sibi

396 1467 539 1550 Lenqins
570 1467 732 1531 tamenin
760 1465 817 1528 hae
840 1465 961 1529 3300333
982 1464 1126 1527 insistere
1144 1484 1373 1545 supervacuum
1425 1483 1498 1527 esse.
1541 1462 1598 1526 Ad
1624 1462 1698 1526 0333
1724 1462 1874 1541 obtendit,
1906 1461 2101 1526 Christianos
2123 1482 2227 1526 omnes
2247 1481 2315 1526 esse
2334 1461 2409 1542 sra-

395 1558 453 1632 330,
481 1573 578 1634 quam
606 1573 643 1616 33
670 1573 755 1615 mera
781 1551 920 1632 falsitate
948 1546 1124 1628 conflatam,
1152 1571 1190 1614 33
1212 1570 1305 1615 33333
1326 1549 1373 1612 hi
1424 1553 1494 1626 tres,
1517 1569 1577 1629 quo
1598 1548 1634 1611 in
1655 1568 1782 1612 numero
1804 1548 1942 1628 infantes
1962 1548 2050 1612 nobis
2067 1568 2128 1612 333
2145 1553 2227 1625 3330,
2248 1548 2409 1628 quamdiu

396 1639 496 1703 storia
517 1637 742 1718 deprehendent
763 1637 892 1700 lectores.
927 1634 1074 1714 Sequitur
1094 1635 1195 1700 30333
1211 1636 1372 1719 30393303,
1425 1656 1447 1699 3
1468 1655 1558 1698 33333
1579 1655 1629 1698 333
1645 1635 1833 1716 repellimus.
1867 1633 1936 1716 qu
1953 1654 2023 1697 3333
2041 1633 2084 1698 30
2101 1634 2301 1714 principium
2318 1633 2409 1698 illuct

396 1725 551 1807 apostolos
567 1725 741 1804 piscatores
761 1721 923 1785 hominum
942 1721 1052 1801 fuisse,
1074 1741 1137 1785 non
1152 1723 1369 1803 paruulorum.
1424 1721 1521 1797 redeo,
1544 1740 1605 1783 non
1622 1740 1687 1783 esse
1707 1719 1852 1784 haeredes
1868 1721 1957 1802 requi
1974 1719 2131 1797 coelorum,
2154 1720 2219 1783 nisi
2236 1720 2292 1800 qui
2312 1717 2409 1783 Chri-

396 1809 467 1892 qu
496 1813 597 1873 autem
623 1828 739 1889 quaero
766 1807 843 1888 quid
875 1806 937 1870 sibi
963 1807 1037 1870 3300
1063 1806 1147 1871 illud
1175 1804 1309 1872 Christi:
1338 1808 1373 1870 in
1425 1807 1467 1870 sti
1498 1811 1571 1870 sunt
1604 1805 1757 1869 ntembra:
1786 1806 1895 1870 deinde
1929 1803 2046 1869 Christi
2078 1806 2260 1884 amplexum
2294 1826 2407 1869 veram

396 1901 460 1960 rete
481 1895 632 1976 33339300
651 1894 754 1975 330090
776 1913 862 1956 omne
884 1894 1025 1973 piscium
1043 1903 1143 1975 93333
1164 1892 1301 1976 (Matth.
1322 1896 1370 1969 13,
1424 1892 1526 1973 fuisse
1552 1897 1700 1955 tesseram
1721 1892 1912 1972 adeptionis,
1942 1912 2004 1971 933
2030 1891 2166 1972 infantes
2185 1891 2306 1955 adultis
2325 1911 2408 1956 conr·

397 1980 465 2064 47).
503 1977 564 2043 Sed
585 1981 660 2059 quia
681 1978 840 2062 30093303
862 1977 967 2042 ludere
987 1998 1048 2041 non
1064 1978 1175 2059 placet,
1197 1979 1371 2059 respondeo,
1427 1979 1566 2041 3333033
1594 1978 1780 2059 33393033,
1813 1997 1867 2041 333
1898 1978 2116 2041 abstinentiam
2147 1977 2350 2056 temporalem
2382 1998 2406 2040 a

397 2085 493 2147 quum
521 2064 668 2145 apostolis
696 2066 871 2128 iniunctum
895 2064 960 2145 fuit
990 2063 1117 2128 docendi
1147 2085 1277 2141 munus,
1311 2084 1373 2127 non
1425 2083 1518 2127 coena
1540 2063 1658 2127 obstare
1679 2065 1845 2143 quominus
1860 2065 2038 2145 pertineam
2059 2062 2102 2126 30
2119 2063 2263 2126 eeclesiae
2280 2083 2405 2143 eorpus.

396 2152 499 2233 [30333
530 2155 633 2215 tamen
665 2149 838 2231 prohibitas
875 2150 914 2214 ab
953 2149 1127 2230 infantibus
1165 2150 1372 2230 baptizandis.
1428 2148 1492 2213 Nec
1518 2169 1587 2212 ecre
1617 2148 1698 2212 latro
1724 2150 1759 2212 33
1786 2168 1873 2212 uuae
1902 2168 2064 2212 3333333333
2092 2148 2186 2212 desiit
2206 2168 2272 2220 esse
2298 2148 2405 2230 frater·

401 2237 589 2318 Quanquam
617 2237 697 2300 seire
725 2235 826 2300 adhuc
853 2235 959 2313 velim,
989 2255 1085 2316 quum
1112 2232 1293 2320 ἀνθρώπους
1320 2255 1373 2298 no
1419 2237 1559 2315 piorum,
1581 2236 1725 2314 quaereris
1745 2234 1788 2298 ad
1808 2254 1932 2298 coenam
1949 2254 2110 2313 nunquam
2128 2235 2297 2298 accesserit.
2331 2234 2404 2297 Aa·

396 2323 490 2386 minet
511 2321 700 2405 eoanqelista
722 2319 802 2403 (933
822 2341 891 2385 3333
911 2319 1025 2400 absque
1045 2322 1218 2402 exceptione
1239 2340 1373 2402 compre·
1426 2321 1472 2384 dit
1497 2325 1619 2401 933033,
1647 2320 1798 2384 neminem
1823 2319 1894 2399 hert
1919 2319 2054 2400 fratrem
2080 2325 2221 2383 nostrum
2247 2319 2310 2383 nisi
2334 2341 2402 2401 per

395 2406 542 2473 henditur
564 2407 736 2471 humanum
751 2404 873 2489 93333),
896 2426 953 2469 333
974 2406 1112 2487 infantes
1132 2412 1217 2489 3390
1237 2426 1302 2470 3333
1324 2406 1374 2469 ho
1425 2406 1571 2486 spiritum
1600 2406 1789 2486 adoptionis,
1815 2406 1872 2485 qui
1892 2410 2014 2468 tantum
2035 2425 2074 2468 ea
2095 2405 2208 2468 33003
2233 2404 2307 2485 fidei
2327 2426 2399 2470 con-

396 2493 520 2558 mincs?
567 2492 708 2559 Obtendit
737 2493 881 2571 septime:
915 2511 1011 2571 quum
1044 2493 1267 2573 spiritualibus
1299 2513 1375 2572 qua
1423 2493 1534 2572 terim.
1580 2491 1772 2572 Respernteo:
1799 2511 1920 2572 semper
1946 2491 1982 2555 in
2004 2491 2132 2554 eundem
2154 2490 2255 2555 relabi
2270 2491 2399 2571 parato

272 2615 275 2620 ·
397 2579 487 2644 drent
502 2577 696 2660 spiritualia,
715 2577 852 2657 infantes
869 2579 924 2658 930
941 2577 1124 2658 spirituales
1144 2597 1206 2641 non
1223 2583 1302 2656 sunt,
1322 2597 1373 2641 33·
1422 2579 1575 2660 93333333·
1601 2578 1678 2657 quia
1703 2581 1903 2658 praepostere
1924 2576 1967 2641 30
1987 2576 2124 2657 infantes
2144 2576 2241 2640 trahit
2261 2576 2342 2656 9330
2362 2576 2402 2640 03

396 2685 455 2746 933
476 2665 517 2728 30
539 2664 730 2745 baptismum
751 2668 841 2743 aptos
862 2683 935 2728 esse.
981 2661 1043 2727 Sed
1058 2664 1166 2744 prium
1184 2684 1284 2743 qnam
1299 2684 1374 2743 per·
1425 2663 1502 2727 solis
1522 2663 1642 2727 adultis
1662 2662 1778 2726 dictum
1799 2667 1859 2741 330,-
1880 2664 1964 2727 docet
1985 2662 2051 2726 illic
2076 2661 2211 2740 Paulus,
2232 2662 2314 2726 henric
2335 2683 2403 2726 esse

396 2769 482 2815 33333
509 2753 647 2829 torqueat
672 2747 771 2812 locum
801 2747 899 2812 Pauli
928 2750 958 2830 (l
981 2747 1055 2812 Cor.
1076 2752 1110 2827 2,
1137 2748 1201 2832 13),
1218 2749 1315 2830 plane
1336 2749 1373 2813 li·
1426 2748 1494 2813 Deo
1514 2749 1712 2813 ordinarium
1734 2749 1903 2812 vocationis
1923 2749 2057 2825 modum,
2080 2753 2114 2811 30
2135 2748 2241 2812 eleetos
2262 2768 2337 2812 suos
2358 2748 2404 2811 30

397 2839 475 2916 930.
519 2834 640 2916 Aqitur
666 2834 704 2897 03
731 2834 889 2913 0303333,·
920 2852 1016 2914 quum
1043 2833 1104 2897 sibi
1134 2836 1169 2898 in
1196 2855 1275 2899 3333
1301 2855 1374 2898 333-
1423 2834 1516 2914 fidem
1537 2834 1673 2898 adducat
1693 2834 1769 2897 dum
1791 2833 1858 2898 illis
1887 2835 2017 2899 suscitat
2045 2834 2126 2915 fidos
2151 2835 2301 2913 0303333,
2329 2854 2405 2914 933-

398 2921 482 2984 mine
497 2920 576 2998 plus
596 2939 694 2999 aequo
710 2918 869 3000 placerem
892 2917 1057 2998 Cuinthii,
1079 2940 1184 2984 eorum
1201 2920 1374 2984 socordiam
1425 2941 1497 2984 rum
1518 2919 1693 2984 3303030330
1721 2925 1862 3001 039333
1883 2940 2013 2984 manum
2034 2920 2180 3002 9333090.
2228 2921 2307 3000 Quis
2330 2920 2406 2983 3303

398 3007 540 3086 3333930
563 3003 694 3082 Paulus,
717 3006 798 3084 quod
813 3006 934 3086 primis
954 3004 1111 3069 doetrinae
1132 3006 1266 3070 coelestis
1285 3006 1374 3070 rudi
1426 3005 1519 3088 leqem
1547 3007 1704 3086 imponere
1724 3007 1755 3069 ei
1782 3006 1905 3084 audeat,
1928 3006 2093 3085 quominus
2115 3026 2233 3071 arcana
2255 3006 2322 3069 alia
2351 3027 2408 3069 ra-

398 3090 510 3155 mentis
531 3089 633 3153 adhuc
652 3089 810 3155 imbuendi
831 3095 936 3155 essent.
981 3090 1059 3170 Quis
1081 3092 1153 3155 inde
1175 3091 1301 3175 colliqet,
1324 3112 1373 3155 ne·
1425 3093 1505 3155 tione
1534 3092 1670 3173 infantes
1694 3090 1817 3156 Christo
1844 3091 1985 3154 inserat?
2033 3092 2121 3172 Quod
2142 3091 2259 3168 obiicit,
2290 3089 2408 3155 Cerne·

278 3208 282 3226 ·
395 3176 536 3260 pandum
569 3195 634 3239 esse
666 3176 840 3257 infantulus
872 3176 1075 3257 baptismum,
1111 3197 1188 3257 9333
1214 3198 1253 3242 33
1281 3197 1374 3242 33333
1426 3179 1506 3242 0333
1534 3182 1653 3256 aceepto
1680 3177 1798 3259 spiritu
1818 3183 1921 3241 saneto
1943 3176 2134 3257 baptizatum
2158 3176 2271 3259 fuisse,
2304 3197 2410 3256 quam

393 3261 571 3344 proqenitos
603 3260 694 3326 Deus
731 3261 793 3325 sibi
828 3262 972 3344 9330303
1003 3262 1165 3343 adoptione
1197 3262 1374 3328 consecrat?
1421 3284 1590 3346 perperam
1617 3284 1655 3327 33
1676 3284 1737 3327 333
1765 3263 1903 3342 exemplo
1927 3263 2102 3344 qeneralem
2125 3262 2265 3345 requlam
2286 3262 2407 3340 eliciat,

402 3347 490 3428 Quod
518 3348 645 3428 333090,
670 3347 844 3427 pascendos
865 3368 931 3413 esse
957 3348 1120 3429 spirituali
1142 3349 1221 3427 cibo,
1250 3351 1280 3413 si
1301 3349 1374 3413 noni
1421 3354 1507 3430 patet
1529 3370 1567 3413 33
1589 3348 1742 3413 0333303
1762 3354 1789 3412 0
1812 3347 2036 3427 Samaritanis,
2054 3349 2224 3430 inquibus
2243 3349 2409 3413 0033333333

397 3436 471 3498 snm
492 3431 638 3511 homines,
661 3433 773 3497 solutio
792 3433 900 3514 facilis
921 3439 983 3511 est,
1004 3434 1156 3515 baptismo
1177 3456 1228 3499 eos
1250 3435 1375 3498 admitti
1427 3436 1565 3499 ordinem
1582 3435 1673 3500 Deus
1694 3434 1799 3511 03330,
1820 3440 1857 3498 30
1874 3433 2048 3515 baptismus
2065 3435 2146 3499 dona
2162 3436 2296 3516 spiritus
2311 3455 2409 3513 prrae-

397 3519 433 3582 in
463 3516 580 3582 Christi
606 3539 742 3600 qreqem,
771 3524 798 3582 et
824 3518 968 3600 sufficere
993 3520 1063 3584 illis
1089 3520 1267 3600 adoptionis
1293 3541 1375 3603 sym-
1426 3522 1547 3586 cederet.
1591 3520 1725 3586 Decima
1746 3521 1856 3602 quinta
1877 3521 1958 3584 ratio
1974 3521 2054 3601 plus
2075 3541 2170 3600 quam
2196 3522 2321 3585 insulsa
2341 3525 2408 3597 est,·

397 3603 515 3682 bolum,
548 3605 640 3668 donec
670 3605 773 3670 adulti
799 3625 899 3684 pares
925 3605 989 3668 sint
1013 3605 1140 3686 ferendo
1172 3607 1271 3671 solido
1302 3607 1375 3670 cibo.
1427 3607 1502 3670 dicit
1523 3626 1579 3670 nos
1605 3607 1833 3689 339333330333
1853 3606 1925 3670 0333
1943 3606 2029 3687 fieri:
2056 3627 2121 3671 3333
2143 3612 2245 3670 autern
2266 3608 2337 3670 0333
2360 3605 2410 3670 30

396 3688 655 3770 033930330333
676 3710 746 3773 erqo
774 3711 838 3754 3333
859 3695 979 3771 tempus
1002 3692 1160 3755 examinis
1182 3691 1264 3775 9330
1284 3691 1376 3756 0333
1427 3712 1504 3773 9333
1532 3712 1631 3755 sermo
1658 3691 1722 3756 Dei
1752 3692 1857 3773 faetus
1884 3696 1928 3755 ast
1955 3691 2057 3775 (Pssl.
2078 3696 2133 3769 82,
2155 3690 2203 3775 0),
2229 3692 2310 3770 9330
2341 3711 2410 3755 non

398 3776 434 3839 in
461 3794 555 3839 sacra
577 3796 669 3840 33333
696 3776 809 3841 diserte
826 3777 957 3859 flaqitat.
1005 3775 1118 3842 Obiicit
1136 3783 1262 3858 postea,
1287 3775 1376 3841 Chri·
1427 3778 1567 3859 competit
1595 3778 1630 3840 in
1651 3798 1770 3857 pueros
1797 3777 1942 3858 iri-sardes.
1991 3778 2079 3858 Quod
2106 3778 2247 3842 deitatem
2273 3774 2409 3858 affinqit

400 3865 484 3924 stum
516 3880 623 3925 oocare
645 3882 747 3926 omnes
776 3883 850 3927 snos
877 3863 920 3927 30
946 3882 1071 3926 sacram
1098 3883 1230 3927 comeam.
1274 3862 1376 3942 Atqui
1425 3863 1578 3944 9000033,
1600 3883 1698 3925 unum
1719 3867 1764 3927 est
1785 3884 1824 3927 33
1845 3863 1914 3927 eius
1930 3863 2063 3942 ddiriis,
2084 3863 2166 3944 quod
2182 3865 2319 3927 33330333
2339 3882 2408 3927 333
2498 3875 2501 3880 ’

401 3945 482 4009 satis
510 3950 626 4009 3333030
647 3968 717 4011 eum
738 3948 840 4012 nullos
867 3949 1044 4027 admittere,
1066 3949 1132 4012 nisi
1154 3949 1209 4029 qui
1237 3949 1279 4014 30
1305 3948 1376 4012 eele-
1428 3954 1472 4014 est
1487 3949 1666 4028 praesentis
1686 3948 1760 4028 loci,
1781 3949 1835 4012 sed
1856 3950 1956 4013 locum
1980 3948 2104 4014 Psalmi
2124 3954 2261 4029 torquere
2282 3948 2316 4009 in
2339 3953 2408 4010 tam

400 4029 555 4106 03330333
575 4033 684 4096 mortis
704 4054 781 4097 suae
801 4035 982 4099 mensorium
1004 4035 1071 4098 iam
1087 4040 1161 4098 sunt
1176 4035 1375 4116 praeparati.
1428 4035 1566 4099 alr'enum
1586 4053 1719 4112 sensum,
1734 4034 1878 4115 perditae
1894 4034 2104 4114 impudentiae
2120 4039 2172 4099 est.
2205 4033 2295 4096 Dicit
2314 4031 2409 4097 Chri-

409 4114 497 4182 Unde
522 4117 678 4198 seqnitur,
699 4120 849 4201 infantes,
877 4140 953 4201 ques
974 4121 1123 4202 ampleau
1150 4141 1207 4185 suo
1229 4121 1376 4203 00933033
1428 4127 1505 4200 3033,
1521 4141 1607 4202 33933
1624 4125 1652 4184 0
1672 4121 1876 4202 3339003303
1893 4121 1997 4184 333330
2018 4142 2039 4184 3
2053 4119 2206 4201 propheta
2224 4120 2303 4193 0333,
2326 4121 2407 4198 quia

400 4206 454 4279 nst,
477 4201 620 4266 distinato
636 4206 809 4285 etproprio
828 4206 863 4269 33
882 4206 986 4289 93303
1003 4207 1175 4284 subsistere,
1194 4207 1286 4271 donec
1304 4207 1377 4271 ado
1428 4227 1545 4270 nonnus
1565 4206 1739 4275 sustineant
1759 4207 1913 4271 diuinitus
1938 4206 1998 4270 sibi
2018 4207 2204 4271 iniunctum.
2248 4203 2311 4267 Hic
2331 4226 2407 4268 aero

400 4286 532 4365 lescaut,
553 4308 650 4368 neque
671 4294 772 4355 tamen
794 4296 912 4356 exteros
933 4311 1005 4356 esse.
1054 4292 1142 4372 Quod
1162 4293 1283 4373 333090,
1301 4312 1377 4374 por·
1428 4293 1533 4357 deuter
1553 4293 1714 4373 interpres,
1737 4293 1818 4373 quod
1840 4293 1877 4356 03
1898 4291 2026 4372 3933030
2042 4292 2233 4376 9303333300
2251 4290 2405 4354 mandate

401 4377 517 4438 tentum
538 4393 611 4452 esse,
633 4377 664 4438 si
684 4375 772 4440 03333
787 4382 955 4458 postquam
976 4380 1134 4443 natusest
1154 4399 1214 4442 non
1232 4379 1376 4455 comedat,
1429 4381 1472 4444 30
1499 4382 1594 4442 certos
1620 4377 1758 4442 homines
1789 4378 1955 4460 diripitur,
1988 4378 2031 4442 30
2055 4377 2205 4460 33339300
2232 4376 2404 4440 doctrinam
2521 4419 2529 4440 .

402 4459 567 4540 respondeo
594 4461 686 4526 aliter
713 4464 807 4542 pasci
834 4463 960 4527 animas
986 4484 1082 4544 quam
1114 4469 1237 4528 externo
1268 4483 1377 4528 coenae
1428 4463 1533 4541 033000,
1555 4469 1590 4527 30
1610 4463 1745 4544 infames
1767 4463 1805 4526 ab
1827 4464 1953 4528 eeclesia
1974 4465 2158 4528 atterminet.
2206 4462 2314 4549 Obiicit
2330 4481 2406 4522 333-

377 4565 473 4609 ·esu:
500 4545 627 4625 ideoque
656 4546 816 4611 Christum
844 4548 1021 4629 infantibus
1042 4549 1143 4613 eibum
1171 4550 1377 4614 nihilominus
1428 4570 1515 4628 3333,
1544 4549 1681 4630 infantes
1707 4570 1769 4613 non
1784 4569 1879 4629 posse
1899 4570 1993 4613 noros
2014 4548 2152 4612 homines
2173 4548 2304 4624 3333330,
2324 4547 2405 4626 quia

402 4650 484 4708 esse,
510 4630 578 4695 licet
599 4653 620 4696 a
646 4633 780 4716 symbolo
802 4633 983 4700 abstineant.
1034 4633 1198 4714 Baptismi
1219 4637 1377 4702 diuersam
1428 4656 1491 4699 non
1508 4637 1681 4718 qiqnuntur
1696 4657 1758 4716 per
1779 4655 1954 4700 sermonem
1988 4634 2057 4717 qu
2078 4653 2149 4697 ocro
2170 4634 2252 4712 quod
2274 4634 2406 4712 saepius

402 4736 468 4781 csse
484 4717 644 4796 rationein,
662 4739 721 4798 quo
739 4720 807 4784 illis
823 4725 944 4784 tantum
961 4722 1062 4784 ianua
1078 4721 1113 4783 in
1130 4722 1288 4786 3330330333
1307 4740 1377 4803 ape
1428 4723 1496 4785 iam
1528 4722 1599 4785 diei
1631 4740 1713 4784 nunc
1741 4741 1858 4801 quoquc
1885 4726 1997 4801 repeto,
2027 4720 2068 4783 30
2096 4738 2153 4781 333
2179 4719 2407 4800 339333333033

402 4803 495 4866 3033.
541 4801 685 4867 Rursum
706 4805 822 4884 300030,
844 4805 956 4870 boumn
978 4825 1170 4871 3333333333
1191 4807 1377 4871 distribuere
1428 4807 1599 4871 doctrinam
1616 4827 1717 4869 semen
1738 4826 1802 4870 esse
1824 4803 2072 4887 incorruptibile,
2095 4804 2249 4883 siquidem
2271 4804 2314 4867 30
2334 4824 2407 4867 eant

402 4887 503 4952 eibum
529 4888 676 4969 familiae
704 4895 835 4971 tempore
862 4912 927 4956 suo.
980 4891 1068 4972 Quod
1095 4893 1153 4954 030
1180 4892 1308 4956 libenter
1327 4892 1377 4973 fa
1426 4891 1658 4973 percipiendam
1675 4911 1785 4954 333333
1801 4890 1921 4954 0033οι
1937 4890 1991 4953 ubi
2007 4909 2078 4953 aero
2095 4891 2233 4954 3330333
2245 4910 2304 4969 per
2321 4894 2408 4953 aeta-

403 4976 482 5050 teor,
511 4994 570 5053 quo
599 4979 701 5039 tamen
722 4977 794 5040 iure
815 4977 940 5057 definiet
965 4976 1053 5045 nobis
1073 4975 1222 5057 baptismi
1248 4983 1376 5057 tempus,
1429 4983 1487 5042 tem
1520 4976 1608 5041 nobis
1635 4978 1715 5039 inest
1742 4975 1898 5052 docilitas,
1931 4975 2036 5040 Deum
2058 4980 2156 5039 033333
2184 4996 2258 5040 3333
2282 4995 2406 5057 3393333-

403 5061 438 5120 ut
466 5056 576 5137 probet
601 5080 662 5123 non
688 5061 761 5126 dari
788 5065 963 5143 tempestiue
990 5062 1187 5144 infantibus?
1236 5063 1378 5128 Adducit
1428 5063 1524 5126 randi
1543 5062 1673 5144 933033.
1720 5060 1831 5124 Postea
1854 5061 1896 5124 30
1918 5061 2086 5143 alleqorias
2105 5082 2182 5125 3333
2203 5061 2297 5138 redit,
2320 5063 2404 5141 9330

396 5148 564 5223 praeterea
581 5144 665 5209 illud
684 5145 801 5212 Christi
817 5149 1001 5213 mandatum
1019 5149 1062 5212 ad
1079 5147 1231 5228 apostolos
1245 5148 1374 5232 (Ioann.
1429 5148 1495 5210 3303
1515 5152 1543 5211 0
1563 5166 1661 5228 33933
1682 5146 1716 5210 03
1741 5146 1805 5230 0393
1825 5167 1888 5210 333
1908 5147 2016 5212 statim
2037 5167 2074 5212 ac
2094 5167 2233 5230 39333333
2255 5151 2343 5210 erant
2364 5167 2405 5209 ee:

403 5230 434 5307 4,
455 5225 528 5309 35),
557 5234 591 5292 ul
608 5239 775 5312 properent
800 5235 843 5299 ad
866 5255 995 5300 messem
1020 5236 1097 5299 dnm
1118 5234 1275 5300 albescunt
1297 5233 1376 5316 3930.
1428 5237 1512 5297 utero
1537 5232 1657 5313 fuerint
1683 5233 1799 5299 oblatae
1826 5233 1862 5297 in
1890 5234 2089 5314 sacrificium.
2140 5233 2178 5298 Si
2201 5234 2323 5316 093333
2343 5230 2407 5296 033

405 5313 525 5395 033393
552 5313 607 5380 hoc
633 5321 753 5383 tantum
778 5321 843 5384 vult
872 5319 1029 5399 Christus,
1056 5325 1092 5384 ut
1113 5322 1261 5402 apostati,
1283 5339 1377 5402 prae-
1428 5315 1558 5384 trahere
1571 5318 1650 5399 libet,
1672 5319 1752 5384 mihi
1768 5325 1949 5401 proruptum
1970 5324 2014 5384 est
2033 5340 2178 5402 reperere,
2192 5319 2407 5400 primoqenita

403 5406 519 5465 sentem
545 5400 662 5467 laboris
686 5403 823 5484 frudrrm
849 5412 1018 5485 cernentes,
1045 5407 1187 5472 alacrius
1207 5428 1241 5472 33
1259 5407 1303 5472 30
1325 5405 1377 5468 03-
1429 5405 1542 5484 omnia,
1560 5405 1657 5470 simul
1674 5426 1711 5472 ae
1731 5408 1857 5472 enlaam
1875 5409 2072 5488 aperuerant,
2092 5405 2194 5486 fuisse
2210 5404 2277 5468 Deo
2294 5422 2407 5482 sacra,-

403 5488 533 5551 cendum
563 5489 732 5571 acciuqant.
780 5491 858 5571 Quis
884 5484 956 5557 inde
986 5491 1113 5576 oolliqet,
1145 5493 1246 5557 solum
1267 5491 1378 5558 messis
1429 5492 1538 5556 033303
1564 5494 1734 5573 oportuisse
1766 5514 1882 5575 393333
1915 5491 2097 5556 anniculum
2125 5491 2265 5554 mactari.
2316 5487 2407 5554 Unde

402 5574 521 5652 tempus
542 5571 695 5654 baptismo
716 5594 781 5639 esse
801 5577 983 5640 maturum?
1032 5577 1201 5643 Undecima
1221 5579 1304 5645 ratio
1324 5580 1377 5657 est,
1416 5583 1580 5658 3393033,
1602 5579 1695 5645 virile
1714 5579 1808 5643 robur
1827 5578 1955 5642 minime
1976 5596 2041 5641 esse
2057 5575 2302 5658 mspedandwm
2324 5576 2408 5655 buln

404 5657 542 5752 quadiu
555 5659 666 5738 prima
687 5659 814 5726 eeclesia
839 5661 936 5725 iidem
956 5667 1045 5727 erant
1068 5660 1244 5729 Chriuiani
1265 5669 1293 5729 et
1312 5665 1378 5732 dis·
1428 5665 1533 5746 potiris
1549 5665 1693 5748 etsadns
1709 5666 1841 5729 recentes
1861 5668 1889 5728 0
1910 5662 2012 5728 adhuc
2033 5667 2149 5729 0333333
2169 5683 2190 5725 3
2207 5659 2275 5725 033
2295 5661 2330 5724 in
2352 5682 2408 5725 sa-

402 5741 515 5821 339303
536 5742 591 5807 330
607 5744 675 5807 iam
684 5745 823 5810 3000333
840 5764 910 5808 cum
927 5747 1036 5813 inscite
1052 5749 1238 5815 ratiocinari
1255 5771 1276 5814 a
1287 5753 1380 5832 parte
1430 5750 1551 5832 crificia
1576 5749 1678 5833 00090.
1723 5747 1881 5814 Contendit
1901 5752 2081 5829 93303333,
2107 5767 2169 5813 333
2183 5766 2278 5828 93333
2297 5748 2410 5812 venire
