5600 6809
402 872 408 895 Ι
440 781 522 844 1555
833 779 837 794 ·
1087 720 1352 843 marmeno
1370 772 1475 838 1155.
1499 770 1680 839 enarer.
1702 775 1795 841 1555.
2371 775 2454 837 rosc

439 966 539 1032 aetati
561 985 640 1030 suae
662 963 917 1046 congruentibus
941 963 980 1028 de
1003 964 1166 1047 spirituah
1182 965 1247 1029 Dei
1269 963 1357 1028 cultu
1379 963 1415 1026 in
1467 961 1553 1026 facit.
1600 958 1684 1041 Quis
1706 963 1796 1027 enim
1817 963 1938 1046 cogitet
1959 984 1994 1028 55
2016 971 2120 1027 morte
2143 962 2271 1028 Christi
2299 961 2452 1046 redemp-

438 1059 541 1116 totum
577 1049 687 1114 orbem
727 1048 940 1133 propagando
975 1050 1156 1115 vaticinari
1213 1049 1321 1130 Quam
1354 1071 1414 1114 nos
1467 1055 1537 1111 tum
1556 1068 1635 1126 5555,
1659 1048 1856 1117 5111551551
1877 1050 1913 1112 in
1934 1049 2036 1113 missa
2061 1049 2324 1130 redemptionem
2355 1049 2451 1114 1155-

436 1137 501 1201 11115
528 1135 872 1200 5515515551115511155.
905 1136 1016 1201 Η5155
1038 1143 1149 1200 5511155
1172 1137 1415 1219 reiquiapas-
1467 1131 1534 1196 rit?
1580 1130 1663 1212 Quis
1685 1142 1818 1217 peccata
1838 1135 1901 1200 sibi
1919 1135 2056 1199 remissa
2078 1133 2232 1213 confidat,
2252 1133 2308 1197 ubi
2325 1156 2451 1201 novam

437 1224 500 1288 sim
522 1221 618 1286 obvia
639 1222 790 1303 exempla
812 1230 998 1300 occurrunt,
1022 1243 1089 1286 non
1111 1243 1165 1286 515
1187 1223 1220 1287 15
1243 1242 1414 1286 555111515-
1467 1219 1692 1284 remissionem
1726 1220 1867 1284 viderit?
1925 1220 2038 1302 Neque
2075 1220 2193 1285 evadet
2226 1221 2282 1302 qui
2314 1220 2449 1300 dixerit,

438 1310 526 1373 tione
547 1308 687 1390 longiori
709 1307 875 1372 solhcitus.
921 1305 1119 1389 Quanquam
1145 1308 1181 1371 15
1202 1307 1263 1372 1155
1287 1328 1414 1390 555555
1439 1348 1442 1438 y
1467 1324 1534 1367 non
1553 1305 1617 1369 5115
1632 1327 1731 1370 55555
1750 1325 1811 1369 555
1828 1313 2033 1388 peccatorum
2051 1306 2277 1371 remissionem
2294 1306 2328 1369 111
2344 1308 2452 1373 missa

436 1395 556 1459 misere
576 1393 832 1470 hallucinantur,
856 1391 942 1474 quod
963 1393 1091 1457 nullum
1109 1400 1292 1476 agnoscunt
1314 1393 1415 1457 saeri-
1439 1439 1441 1441 -
1467 1390 1628 1468 obtinere,
1652 1392 1716 1455 nisi
1738 1392 1816 1474 quia
1837 1399 1943 1456 morte
1966 1390 2092 1457 Christi
2113 1392 2181 1455 iam
2204 1392 2365 1474 acquisita
2386 1403 2449 1459 est

436 1480 548 1544 ficium
582 1479 646 1542 nisi
673 1478 874 1557 missarium3
908 1500 1009 1561 quum
1038 1501 1174 1543 151515
1202 1480 1414 1544 555555511-
1466 1475 1542 1539 Non
1564 1477 1652 1540 enim
1675 1475 1765 1541 aliud
1787 1477 1883 1541 affert
1903 1499 2001 1560 quam
2024 1478 2052 1542 si
2073 1478 2181 1556 iactet,
2204 1499 2243 1542 ea
2259 1478 2332 1561 1555
2349 1499 2412 1544 nos
2430 1501 2451 1543 a

436 1568 538 1632 fieent
558 1565 702 1629 Domino
732 1564 860 1641 fideles,
884 1571 917 1628 55
936 1564 1095 1629 1115115551
1116 1566 1257 1629 offerant
1279 1564 1414 1633 oblatio·
1467 1560 1600 1626 Christo
1621 1563 1808 1646 redemptos
1830 1585 1916 1642 csse,
1934 1571 1972 1627 ut
1988 1584 2049 1628 1155
2066 1564 2130 1646 ipsi
2146 1564 2346 1628 redimamus
2353 1587 2362 1643 ;
2383 1565 2450 1630 hu-

437 1673 524 1730 nem,
547 1651 588 1715 de
610 1671 675 1732 qua
697 1671 772 1713 mox
796 1648 930 1714 dicetur.
1466 1647 1607 1711 iusmodi
1636 1649 1724 1712 enim
1753 1670 1773 1713 5
1801 1657 1935 1713 satanae
1962 1649 2121 1714 ministris
2159 1648 2306 1715 doctrina
2333 1671 2451 1733 sparsa

525 1742 552 1800 5.
589 1736 685 1799 Nune
703 1734 863 1800 descendo
881 1736 923 1800 55
943 1736 1058 1801 5515155
1078 1737 1197 1802 missae
1219 1743 1338 1819 partes,
1358 1733 1414 1800 ubi
1468 1740 1532 1810 est,
1562 1742 1595 1797 55
1615 1734 1715 1797 551515
1735 1734 1833 1799 115515
1855 1734 2060 1813 clamoribus,
2083 1736 2185 1814 ferro,
2207 1736 2279 1818 igni
2300 1743 2447 1802 tuentur.

438 1819 670 1905 explicandum
692 1828 742 1885 est
764 1821 922 1904 quomodo
956 1843 1069 1886 151551
1091 1830 1124 1886 55
1146 1844 1245 1887 5115111
1273 1829 1415 1886 15515551
1466 1818 1537 1883 Ν55
1558 1840 1659 1900 quum
1682 1819 1853 1885 Christum
1879 1821 1967 1902 patri
1989 1820 2026 1883 in
2047 1821 2149 1885 missa
2177 1822 2360 1900 offerimus,
2382 1824 2448 1890 hoc

437 1907 562 1974 Christi
584 1907 744 1985 obhteret,
768 1914 802 1971 55
823 1929 865 1971 51
887 1907 1059 1972 hominum
1080 1910 1239 1972 memoria
1260 1907 1432 1972 51555155
1467 1904 1640 1970 5515515515
1662 1926 1759 1987 opere
1782 1907 1910 1988 assequi
1928 1914 2136 1989 peccatorum
2165 1907 2392 1972 remissionem
2415 1919 2449 1974 et

436 1993 523 2058 Nam
555 2000 593 2056 ut
625 1993 713 2056 inter
744 1992 893 2058 homines
933 1995 1122 2057 testamenti
1159 1993 1362 2058 confirmatio
1395 2015 1415 2056 5
1467 1991 1641 2073 participes
1662 1992 1735 2056 fieri
1756 1992 1915 2074 passienis
1937 1991 2072 2056 Christi.
2107 1989 2197 2071 Quid
2216 1994 2282 2056 iam
2299 1994 2447 2076 passioni

436 2086 542 2143 1115155
563 2079 728 2142 5555555115
751 2078 880 2162 pendet,
902 2079 950 2144 155
968 2079 1067 2143 etiam
1085 2085 1328 2157 testamentum,
1349 2099 1414 2160 quo
1468 2074 1594 2149 Christi
1613 2086 1770 2160 superest,
1791 2077 1855 2142 nisi
1876 2085 1914 2142 55
1932 2079 1975 2143 515
1995 2078 2184 2161 exemplum
2200 2078 2445 2161 redemptionis,

436 2186 497 2230 nos
518 2169 727 2247 peccatorum
748 2164 940 2230 remissione
958 2172 991 2228 55
1012 2171 1146 2229 aeterna
1166 2164 1292 2230 iustitia
1314 2164 1415 2228 dona-
1467 2160 1703 2244 quodiscamus
1716 2164 1820 2227 nostri
1838 2184 1909 2229 esse
1927 2161 2171 2245 redemptores?
2202 2163 2349 2229 Christis
2366 2167 2446 2249 ipse,

436 2250 494 2329 115,
517 2256 622 2314 morte
645 2270 706 2314 sua
724 2251 931 2315 confirmavit
950 2250 1115 2315 Dominus
1136 2258 1256 2315 noster.
1289 2251 1332 2315 In
1353 2250 1415 2314 hoc
1467 2247 1543 2312 dam
1564 2249 1600 2311 ic
1621 2269 1713 2313 coena
1729 2250 1837 2314 555155
1855 2250 2006 2331 fiduciam
2028 2250 2175 2332 5115151155,
2198 2272 2260 2315 noa
2281 2251 2363 2316 iubet
2379 2253 2446 2318 dis-

437 2342 634 2401 tsstamento
656 2336 712 2418 qui
733 2336 863 2400 variare
891 2336 1069 2418 quidquam
1096 2344 1155 2400 aut
1175 2337 1333 2401 innovare
1355 2356 1415 2399 au·
1468 2334 1586 2415 55111155
1607 2336 1643 2398 in
1663 2336 1781 2400 actione
1797 2335 1857 2400 ilia
1874 2335 2009 2414 5551515,
2027 2337 2082 2401 sed
2099 2336 2218 2420 55155115
2235 2357 2285 2401 ecs
2302 2337 2345 2401 515
2362 2358 2446 2403 mor-

438 2421 525 2500 dent,
545 2429 685 2486 mortcm
702 2423 772 2487 eius
790 2422 963 2505 abnegant,
982 2430 1016 2486 ct
1033 2429 1189 2505 tanquam
1206 2421 1329 2486 nullius
1345 2442 1415 2485 me·
1467 2420 1510 2483 iis
1535 2419 1745 2500 sacrficium,-
1778 2440 1902 2486 5555515
1936 2425 2165 2486 5555555515
2191 2422 2239 2486 cei
2266 2425 2447 2490 maenaa

437 2508 542 2573 menti
564 2506 698 2571 habent.
744 2504 833 2586 Quid
852 2528 931 2572 1515
954 2516 1006 2573 555
1026 2508 1128 2573 missa
1148 2508 1416 2573 515155155155
1469 2503 1519 2588 (ut
1539 2505 1833 2590 551551555511551)
1860 2528 1925 2572 esse
1954 2507 2151 2590 sipnifienas,
2179 2527 2218 2571 55
2236 2528 2296 2590 5115
2321 2509 2447 2576 deccat

436 2614 571 2676 prorsus
600 2591 768 2657 5115155111
794 2592 1053 2658 testamentum?
1099 2590 1190 2672 Quid
1216 2592 1326 2657 enim?
1356 2614 1415 2658 an·
1467 2591 1625 2655 5155115515
1647 2593 2447 2675 5555111555,55551555555555111515,555

437 2700 506 2745 555
537 2677 685 2760 singulae
712 2679 832 2743 missae
859 2699 979 2746 novam
1007 2686 1215 2760 peccatorum
1248 2679 1414 2744 remissio-
1468 2677 1643 2741 5511555151
1663 2678 1770 2758 offerri
1792 2679 1941 2745 5151115555.
1981 2680 2090 2761 Neque
2109 2680 2193 2744 enim
2214 2678 2332 2762 suffieit
2355 2680 2447 2747 Obri-

438 2784 531 2842 11551,
555 2785 674 2827 novam
700 2763 844 2828 iustitiae
870 2765 1114 2847 acquisitionem
1141 2765 1354 2846 promittrmt,
1378 2771 1416 2828 ut
1467 2766 1550 2826 stem
1570 2767 1671 2828 tenere
1697 2763 1823 2828 1111155111
1851 2784 1917 2828 esse
1940 2765 2111 2844 victimam,
2134 2766 2200 2830 cisi
2221 2771 2249 2829 et
2268 2767 2365 2832 unica
2385 2769 2449 2832 em

437 2850 505 2914 1515
522 2855 571 2912 tot
591 2848 660 2913 5155
680 2853 877 2914 testamenta
909 2857 987 2931 quot
1007 2849 1147 2915 missae?
1192 2851 1315 2930 Veniat
1336 2871 1414 2933 5155
1467 2848 1592 2912 mietio
1614 2849 1745 2926 5555555,
1768 2855 1803 2913 115
1821 2850 1900 2931 fides
1918 2856 2026 2915 1155515
2047 2851 2132 2916 cruci
2153 2851 2344 2932 51115αῂ115
2359 2855 2410 2918 sit.

437 2956 569 2999 rursum
591 2933 754 3013 Christus,
777 2943 811 2999 et
830 2935 1061 3012 alteramorte
1082 2957 1207 3001 5515111
1228 2936 1290 3002 1155
1311 2943 1415 3000 testa-
1555 2938 1582 2997 7.
1628 2934 1682 2998 Ad
1704 2934 1890 3000 coronidem
1915 2957 2002 3002 nunc
2025 2938 2133 3001 venio:
2163 2958 2280 3021 nempe
2313 2961 2446 3005 sacram

436 3011 603 3098 me‘ntum,
634 3020 689 3085 151
721 3021 830 3104 potius
867 3020 1006 3085 infinitis
1043 3022 1204 3086 mortibus
1239 3023 1416 3086 innumera
1467 3039 1612 3098 coenam,
1635 3020 1670 3084 in
1692 3042 1757 3103 qua
1777 3021 1941 3087 Dominus
1964 3023 2126 3104 passionis
2148 3043 2227 3088 5555
2247 3026 2445 3090 memoriam

437 3106 614 3171 missarum
636 3113 832 3171 testamenta
853 3113 926 3171 rata
947 3107 1053 3171 faciat
1089 3109 1212 3174 Annon
1233 3109 1335 3191 igitur
1356 3130 1414 3173 15·
1466 3104 1665 3187 insculptam
1686 3107 1925 3190 formatamquc
1957 3107 2148 3191 1511555155,
2171 3115 2279 3174 crecta
2298 3110 2399 3176 missa
2422 3135 2444 3177 e

437 3212 512 3256 rum
533 3191 694 3274 principio
717 3191 801 3270 5111,
825 3192 958 3257 5515551
979 3199 1013 3257 55
1035 3213 1148 3258 veram
1178 3192 1304 3259 Christi
1325 3215 1414 3257 mor·
1467 3190 1574 3256 medio
1602 3190 1781 3271 sublatam,
1811 3192 1979 3258 inductam
2006 3201 2040 3258 et
2068 3192 2280 3277 deperditam.
2329 3195 2445 3280 Siqui-

438 3283 505 3341 tem
534 3277 703 3342 obliterari
729 3298 789 3361 per
814 3277 953 3343 missas?
998 3276 1102 3358 Quid,
1125 3279 1211 3361 quod
1231 3301 1270 3350 55
1293 3279 1415 3344 directe
1467 3276 1542 3341 dem
1563 3297 1665 3342 coena
1686 3278 1758 3361 ipsa
1785 3277 1908 3343 denum
1934 3280 2000 3344 Dei
2021 3287 2085 3358 est,
2108 3279 2196 3362 5555
2217 3301 2292 3345 cum
2319 3284 2446 3366 gratia-

438 3369 564 3446 spectat
584 3362 694 3440 missa,
718 3371 756 3427 ut
777 3385 925 3442 rursum,
949 3364 976 3428 si
997 3365 1070 3428 fieri
1091 3365 1208 3448 possit,
1231 3362 1416 3430 trucidetur
1466 3383 1542 3426 rum
1562 3364 1690 3428 5551555
1719 3364 1946 3448 accipiendum
1967 3371 2047 3430 crat.
2093 3363 2302 3432 Sacrificium
2322 3369 2445 3435 missae

438 3448 613 3518 Christus?
657 3449 745 3513 Nam
772 3449 828 3514 ubi
856 3456 1089 3514 testamentum
1114 3458 1179 3528 est,
1202 3451 1308 3534 inquit
1336 3471 1414 3533 apo-
1466 3449 1610 3531 pretium
1630 3450 1703 3514 Deo
1725 3471 1899 3515 numerare
1921 3451 2072 3535 fingitur,
2092 3450 2178 3533 quod
2199 3453 2269 3535 ipse
2290 3455 2325 3518 in
2346 3457 2445 3520 satis-

438 3533 737 3619 555155(Η5111.9,
763 3536 993 3619 16),1115155111
1020 3537 1185 3602 testatoris
1213 3536 1415 3602 intercedere
1466 3535 1639 3599 1555155515
1660 3535 1805 3619 accipiat
1852 3534 2025 3616 Quantum
2045 3537 2183 3602 interest
2204 3539 2291 3603 inter
2313 3540 2392 3606 5515
2409 3549 2445 3607 55

438 3620 505 3685 11115
527 3641 660 3686 necesse
678 3628 746 3686 est:
768 3622 870 3686 missa
886 3643 1009 3687 novum
1028 3620 1156 3687 Christi
1177 3629 1414 3688 testamentum
1467 3621 1629 3703 accipere,
1657 3627 1788 3685 tantum
1816 3643 1836 3685 5
1864 3629 2068 3687 sacramento
2095 3643 2214 3689 coenae
2246 3628 2445 3692 sacrificium

437 3727 517 3789 prae
539 3728 574 3771 se
595 3705 673 3785 fcrt5
696 3708 766 3771 eius
786 3728 865 3791 ergo
885 3714 1024 3773 mortem
1041 3707 1193 3791 postulat.
1227 3709 1413 3787 Praeterea,
1467 3706 1585 3771 differt.
1630 3707 1740 3789 Atque
1762 3706 1843 3773 haee
1865 3707 1996 3790 quidem
2018 3709 2204 3774 miserrima
2225 3711 2369 3778 hominis
2390 3714 2443 3778 in·

437 3791 583 3856 hostiam
615 3813 697 3875 quae
724 3792 861 3858 offertur
893 3793 997 3860 555151
1025 3804 1058 3858 55
1084 3794 1250 3860 1155151511
1282 3814 1414 3860 necesse
1466 3789 1634 3876 gratitudo
1656 3800 1715 3871 est,
1738 3791 1826 3875 qnod
1847 3793 1903 3858 ubi
1926 3795 2131 3877 agnoscenda
2148 3804 2220 3860 orat
2236 3796 2368 3865 5111555
2383 3797 2443 3864 115-

439 3882 497 3942 est.
543 3874 581 3940 Si
603 3876 758 3943 Christus
785 3880 837 3943 sin
883 3879 924 3944 lis
951 3880 1060 3955 missis
1087 3882 1305 3958 sacrificatur,
1338 3901 1414 3944 eum
1466 3877 1579 3942 nitatis
1601 3877 1736 3961 largitas
1758 3879 1949 3962 5155155555
1968 3880 2123 3964 agendas,
2142 3881 2178 3944 in
2195 3903 2232 3946 eo
2249 3883 2362 3949 Deum
2379 3884 2444 3951 sibi

439 3961 578 4046 singulis
599 3965 775 4029 momentis
796 3901 887 4030 111ιῇ
909 3966 945 4028 15
966 3965 1049 4030 15515
1071 3966 1248 4031 crudeliter
1274 3966 1414 4032 interfici
1467 3963 1645 4028 debitorem
1683 3964 1768 4028 feeit
1825 3962 2079 4031 Sacramentum
2122 3968 2348 4050 promittebat,
2381 3991 2444 4037 nos

438 4054 574 4132 oportet.
618 4049 695 4113 Non
714 4050 749 4113 id
770 4071 880 4115 meum
902 4061 965 4129 555,
989 4052 1046 4117 555
1075 4053 1212 4135 apostoli
1239 4073 1415 4136 argumen-
1467 4048 1594 4114 Christi
1615 4057 1720 4115 morte
1742 4071 1810 4114 non
1832 4051 1934 4117 semel
1956 4052 2121 4118 duntaxat
2146 4054 2316 4121 1555155555
2335 4057 2371 4121 in
2391 4058 2444 4124 11·

437 4140 526 4199 tum:
550 4134 578 4198 si
600 4155 732 4201 necesse
762 4135 932 4201 habuisset
958 4138 1076 4202 offerre
1104 4139 1235 4221 saepius
1262 4139 1415 4221 semetip-
1467 4142 1543 4213 tam,
1568 4134 1625 4200 sed
1647 4136 1778 4201 assidue
1799 4136 1968 4216 vivificari,
1991 4141 2068 4219 quia
2084 4147 2162 4205 tunc
2179 4161 2292 4206 omnes
2309 4149 2443 4207 nostrae

438 4242 525 4296 sum,
555 4221 738 4303 oportuisse
772 4221 867 4287 illum
901 4223 1090 4305 frequenter
1119 4225 1189 4306 pati
1218 4225 1258 4290 ab
1288 4224 1415 4307 origine
1466 4221 1583 4287 salutis
1600 4223 1730 4287 numeri
1745 4222 1871 4305 impleti
1888 4225 1963 4288 sint
1991 4224 2115 4297 Missae
2132 4227 2326 4292 sacrificium
2342 4228 2441 4312 longe

438 4305 552 4369 mundi
581 4306 672 4390 (ibid.
692 4330 722 4372 v.
745 4307 810 4392 26).
861 4309 984 4373 Fateor
1010 4330 1081 4374 esse
1109 4310 1174 4375 illis
1196 4310 1232 4374 in
1258 4316 1415 4392 promptu
1466 4307 1565 4372 aliam
1587 4308 1787 4373 cantilenam
1808 4311 1911 4374 canit:
1934 4308 2105 4375 Christum
2126 4319 2275 4394 oportere
2294 4311 2441 4394 quotidie

438 4413 631 4474 responsum
653 4414 717 4475 quo
738 4413 799 4458 nos
819 4394 1123 4472 etiamcalumniac
1144 4402 1268 4461 notant.
1309 4396 1416 4460 Aiunt
1467 4393 1660 4472 sacrificari,
1687 4402 1726 4458 ut
1754 4394 1878 4477 aliquid
1905 4395 1999 4460 nobis
2032 4397 2222 4463 commodet.
2271 4397 2381 4462 Coena
2402 4399 2442 4463 in

439 4477 527 4541 cuim
549 4478 613 4542 sibi
634 4479 728 4543 obiici
750 4478 836 4561 quod
857 4501 918 4544 nec
937 4481 1114 4563 5551551155
1134 4503 1288 4565 5555515,
1312 4502 1349 4545 ac
1371 4502 1414 4545 ne
1464 4478 1595 4562 publico
1620 4480 1773 4546 eeclesiae
1800 4487 1894 4546 coetu
1926 4480 2153 4547 distribuenda
2175 4492 2260 4563 erat,
2287 4505 2349 4567 quo
2378 4504 2443 4553 nos

437 4562 566 4645 possint
586 4562 726 4646 quidem.
758 4564 828 4629 Nos
849 4586 927 4631 1515
946 4567 1075 4646 55111155,
1099 4574 1238 4632 mortem
1256 4587 1294 4633 55
1311 4568 1415 4632 1155111
1468 4564 1508 4630 55
1530 4567 1757 4630 communione
1785 4565 1915 4632 deceret
1944 4587 2008 4650 555
2035 4588 2149 4633 omnes
2178 4571 2389 4635 cohaeremus
2406 4574 2443 4636 in

438 4647 565 4714 Christi
587 4670 792 4732 nequaquam
813 4651 980 4716 incorum
998 4674 1101 4716 manu
1119 4675 1198 4736 esse.
1232 4653 1288 4718 An
1305 4654 1415 4737 ipsum
1467 4649 1601 4716 Christo
1619 4650 1706 4716 Iesu.
1751 4651 1848 4718 Hanc
1869 4654 2137 4719 communitatem
2161 4655 2311 4721 dissolvit
2333 4677 2371 4722 ao
2392 4656 2443 4721 51-

437 4733 621 4800 1555155515
643 4736 828 4814 instituant,
846 4758 915 4801 555
932 4739 1138 4820 respicimus;
1159 4745 1289 4804 tantum
1306 4746 1414 4803 osten·
1466 4736 1587 4801 strahit
1619 4739 1737 4803 missae
1772 4738 1975 4803 sacrificium.
2026 4740 2207 4822 Postquam
2234 4743 2323 4806 enim
2349 4764 2444 4808 error

439 4819 516 4885 dere
544 4821 675 4884 animus
703 4829 766 4900 est,
797 4823 893 4905 quale
920 4823 1099 4888 absurdum
1131 4833 1350 4907 consequatur
1372 4846 1414 4889 ex
1466 4822 1622 4901 invaluit,
1651 4830 1799 4905 oportere
1833 4844 1904 4887 esse
1937 4825 2120 4891 sacerdotes
2147 4828 2204 4910 qui
2230 4848 2289 4910 pro
2319 4829 2442 4912 populo

437 4904 538 4987 impio
559 4927 597 4970 55
614 4906 750 4971 scelesto
772 4929 887 4972 corum
909 4907 1069 4994 55551555.
1121 4909 1218 4991 Quod
1239 4912 1350 4994 ipsum
1372 4932 1414 4975 ex
1467 4909 1703 4984 sacrificarent,
1726 4908 1819 4989 quasi
1837 4908 1982 4992 relegata
1999 4918 2085 4975 esset
2106 4911 2148 4977 55
2170 4907 2225 4977 555
2247 4935 2363 4994 coena,
2385 4914 2444 4980 de·

439 5011 494 5054 ore
516 4991 655 5073 apostoli
677 4990 872 5058 demonstro.
919 4995 1098 5061 1555155555
1128 4996 1415 5074 551155151555
1466 4994 1522 5057 5115
1538 4994 1633 5056 iuxta
1649 4993 1785 5057 Domini
1803 4993 1995 5059 mandatum
2018 4997 2166 5062 fidelium
2184 4998 2338 5065 ecclesiae
2355 5022 2444 5066 com-

388 5163 392 5167 ,
439 5076 592 5157 orificium
612 5077 666 5140 1155
687 5099 751 5143 esse
773 5077 946 5161 ἀναίματον,
968 5082 1137 5165 5551111555
1154 5083 1315 5147 5515111515
1332 5082 1416 5147 arbi
1467 5079 1635 5145 municari.
1696 5078 1817 5144 Aditus
1849 5081 1976 5147 missis'
1997 5084 2135 5166 privatis
2171 5093 2220 5150 est
2252 5086 2444 5169 patefactus,

438 5163 501 5227 trio
522 5162 667 5244 pendere,
689 5170 723 5228 at
743 5167 902 5247 5551155111
928 5172 1075 5232 1111551551
1104 5174 1235 5249 1111155115,
1262 5168 1340 5250 quia
1360 5167 1416 5231 boe
1467 5184 1549 5248 quac
1571 5166 1941 5232 excommunicationem
1962 5168 2128 5251 quandam
2149 5171 2256 5256 magis
2284 5173 2446 5238 1515115115

438 5249 528 5314 modo
556 5251 724 5316 concideret
756 5273 849 5316 saera
876 5257 904 5316 55
936 5253 1128 5319 inviolabilis
1160 5256 1224 5320 Dei
1253 5254 1414 5319 1555115515.
1466 5272 1566 5333 quam
1603 5253 1871 5317 communitatem
1903 5254 1995 5319 illam
2023 5276 2043 5318 a
2069 5255 2214 5320 Domino
2239 5258 2444 5338 institutam

446 5331 850 5426 quesequiiur,1irmum
871 5359 936 5403 esse
954 5338 1034 5404 iliad
1048 5341 1246 5421 principium
1273 5339 1414 5423 aposloli,
1466 5357 1568 5420 quum
1589 5338 1803 5416 sacrificulus,
1837 5360 1932 5405 suam
1960 5341 2127 5406 victimam
2155 5344 2291 5408 seorsim
2310 5351 2446 5410 voratu·

438 5421 560 5500 requiri
581 5423 749 5504 corpalais
770 5425 950 5504 effcacaem
970 5445 1008 5489 115
1029 5426 1109 5490 desit
1129 5426 1253 5491 11515515.
1467 5445 1540 5501 155,
1571 5444 1606 5488 55
1628 5447 1648 5488 5
1675 5432 1743 5488 toto
1770 5422 1918 5490 fidelium
1944 5426 2064 5509 populo
2097 5436 2256 5512 segreget
2305 5430 2447 5496 Missm

477 5588 483 5601 Ι
502 5589 508 5600 .
526 5509 554 5568 6.
599 5507 673 5570 1515
690 5516 844 5589 quartum
862 5509 981 5575 missae
998 5532 1118 5576 munus
1139 5512 1357 5592 tractandum,
1376 5516 1416 5575 ut
1466 5510 1630 5590 privatam
1652 5531 1740 5589 1555,
1763 5511 1897 5594 nequis
1918 5511 2061 5592 fallatur,
2084 5514 2269 5597 ubieunque
2280 5517 2373 5582 nulla
2393 5523 2447 5582 est

439 5588 563 5688 55111555
583 5592 726 5657 fructum
748 5595 804 5678 qui
825 5616 843 5658 e
864 5603 971 5660 morte
993 5596 1119 5662 Christi
1141 5597 1183 5662 ad
1200 5619 1260 5663 nos
1277 5597 1414 5677 redibat,
1466 5595 1554 5658 inter
1580 5594 1694 5660 fideles
1723 5596 1902 5662 dominicae
1927 5619 2046 5664 coenae
2067 5600 2286 5683 participatio,
2315 5602 2448 5669 etiarnsi

438 5673 534 5739 nobis
558 5677 750 5760 praeripiat,
773 5679 853 5744 dum
874 5701 916 5744 ne
945 5701 1159 5764 agnoscamus
1180 5690 1215 5749 et
1235 5684 1416 5769 cogitemus
1468 5680 1549 5747 51155
1570 5702 1692 5764 magna
1713 5681 1884 5748 hominum
1905 5683 2082 5749 multitudo
2102 5686 2241 5751 intersit
