<?xml version="1.0" encoding="UTF-8"?>
<!DOCTYPE html PUBLIC "-//W3C//DTD XHTML 1.0 Transitional//EN"
    "http://www.w3.org/TR/xhtml1/DTD/xhtml1-transitional.dtd">
<html xmlns="http://www.w3.org/1999/xhtml" xml:lang="en" lang="en">
 <head>
  <title>
</title>
<meta http-equiv="Content-Type" content="text/html;charset=utf-8" />
  <meta name='ocr-system' content='tesseract 3.04.00' />
  <meta name='ocr-capabilities' content='ocr_page ocr_carea ocr_par ocr_line ocrx_word'/>
</head>
<body>
  <div class='ocr_page' id='page_1' title='image "./ioanniscalvinio10calvgoog/ioanniscalvinio10calvgoog_0446.png"; bbox 0 0 5600 6809; ppageno 0'>
   <div class='ocr_carea' id='block_1_1' title="bbox 449 728 2462 816">
    <p class='ocr_par' dir='ltr' id='par_1_1' title="bbox 449 728 2462 816">
     <span class='ocr_line' id='line_1_1' title="bbox 449 728 2462 816; baseline -0.001 -1"><span class='ocrx_word' id='word_1_1' title='bbox 449 752 511 816; x_wconf 81' lang='lat' dir='ltr'>aaa</span> <span class='ocrx_word' id='word_1_2' title='bbox 1088 728 1481 812; x_wconf 70' lang='lat' dir='ltr'>manlianorum.</span> <span class='ocrx_word' id='word_1_3' title='bbox 1504 740 1685 808; x_wconf 75' lang='lat' dir='ltr'>ousian.</span> <span class='ocrx_word' id='word_1_4' title='bbox 1710 746 1801 808; x_wconf 81' lang='lat'>1559.</span> <span class='ocrx_word' id='word_1_5' title='bbox 2388 750 2462 813; x_wconf 73' lang='lat' dir='ltr'>aar</span> 
     </span>
    </p>
   </div>
   <div class='ocr_carea' id='block_1_2' title="bbox 371 930 2455 4357">
    <p class='ocr_par' dir='ltr' id='par_1_2' title="bbox 371 930 2455 3841">
     <span class='ocr_line' id='line_1_2' title="bbox 533 930 2455 1018; baseline 0.002 -20"><span class='ocrx_word' id='word_1_6' title='bbox 533 938 584 999; x_wconf 82' lang='lat'>27.</span> <span class='ocrx_word' id='word_1_7' title='bbox 630 934 777 1016; x_wconf 81' lang='lat' dir='ltr'>Sequuta</span> <span class='ocrx_word' id='word_1_8' title='bbox 800 941 879 1000; x_wconf 90' lang='lat' dir='ltr'>sunt</span> <span class='ocrx_word' id='word_1_9' title='bbox 907 934 1024 999; x_wconf 89' lang='lat' dir='ltr'>deinde</span> <span class='ocrx_word' id='word_1_10' title='bbox 1051 939 1200 1016; x_wconf 84' lang='lat' dir='ltr'>tempora</span> <span class='ocrx_word' id='word_1_11' title='bbox 1227 932 1346 1014; x_wconf 90' lang='lat' dir='ltr'>quibus</span> <span class='ocrx_word' id='word_1_12' title='bbox 1368 934 1419 997; x_wconf 92' lang='lat' dir='ltr'>in·</span> <span class='ocrx_word' id='word_1_13' title='bbox 1471 932 1593 996; x_wconf 91' lang='lat' dir='ltr'>erimus</span> <span class='ocrx_word' id='word_1_14' title='bbox 1620 952 1685 995; x_wconf 93' lang='lat' dir='ltr'>uno</span> <span class='ocrx_word' id='word_1_15' title='bbox 1718 930 1944 1016; x_wconf 86' lang='lat' dir='ltr'>Ohrysostomi</span> <span class='ocrx_word' id='word_1_16' title='bbox 1957 933 1980 1014; x_wconf 84' lang='lat'>¹)</span> <span class='ocrx_word' id='word_1_17' title='bbox 2008 934 2127 1016; x_wconf 82' lang='lat' dir='ltr'>elogio:</span> <span class='ocrx_word' id='word_1_18' title='bbox 2163 934 2248 1017; x_wconf 94' lang='lat' dir='ltr'>quod</span> <span class='ocrx_word' id='word_1_19' title='bbox 2270 936 2312 1014; x_wconf 90' lang='lat' dir='ltr'>is,</span> <span class='ocrx_word' id='word_1_20' title='bbox 2340 957 2455 1018; x_wconf 91' lang='lat' dir='ltr'>quum</span> 
     </span>
     <span class='ocr_line' id='line_1_3' title="bbox 448 1017 2453 1104; baseline -0 -17"><span class='ocrx_word' id='word_1_21' title='bbox 448 1021 553 1087; x_wconf 81' lang='lat' dir='ltr'>valuit</span> <span class='ocrx_word' id='word_1_22' title='bbox 569 1020 668 1086; x_wconf 91' lang='lat' dir='ltr'>nimis</span> <span class='ocrx_word' id='word_1_23' title='bbox 686 1022 909 1104; x_wconf 88' lang='lat' dir='ltr'>superstitiosa</span> <span class='ocrx_word' id='word_1_24' title='bbox 927 1021 1103 1086; x_wconf 88' lang='lat' dir='ltr'>caelibatus</span> <span class='ocrx_word' id='word_1_25' title='bbox 1122 1017 1300 1083; x_wconf 91' lang='lat' dir='ltr'>admiratio.</span> <span class='ocrx_word' id='word_1_26' title='bbox 1330 1018 1419 1082; x_wconf 92' lang='lat' dir='ltr'>Hinc</span> <span class='ocrx_word' id='word_1_27' title='bbox 1470 1017 1665 1100; x_wconf 89' lang='lat' dir='ltr'>praecipuus</span> <span class='ocrx_word' id='word_1_28' title='bbox 1685 1018 1785 1081; x_wconf 90' lang='lat' dir='ltr'>fuerit</span> <span class='ocrx_word' id='word_1_29' title='bbox 1806 1019 2006 1101; x_wconf 82' lang='lat' dir='ltr'>virginitatis</span> <span class='ocrx_word' id='word_1_30' title='bbox 2028 1020 2218 1099; x_wconf 79' lang='lat' dir='ltr'>admirator,</span> <span class='ocrx_word' id='word_1_31' title='bbox 2246 1043 2314 1086; x_wconf 93' lang='lat' dir='ltr'>non</span> <span class='ocrx_word' id='word_1_32' title='bbox 2329 1030 2453 1104; x_wconf 89' lang='lat' dir='ltr'>potest</span> 
     </span>
     <span class='ocr_line' id='line_1_4' title="bbox 448 1103 2453 1188; baseline 0 -16"><span class='ocrx_word' id='word_1_33' title='bbox 448 1107 505 1172; x_wconf 92' lang='lat' dir='ltr'>illa</span> <span class='ocrx_word' id='word_1_34' title='bbox 526 1105 663 1171; x_wconf 85' lang='lat' dir='ltr'>subinde</span> <span class='ocrx_word' id='word_1_35' title='bbox 685 1116 719 1171; x_wconf 90' lang='lat' dir='ltr'>et</span> <span class='ocrx_word' id='word_1_36' title='bbox 741 1108 811 1172; x_wconf 90' lang='lat' dir='ltr'>sine</span> <span class='ocrx_word' id='word_1_37' title='bbox 832 1106 928 1171; x_wconf 93' lang='lat' dir='ltr'>modo</span> <span class='ocrx_word' id='word_1_38' title='bbox 951 1105 1130 1171; x_wconf 86' lang='lat' dir='ltr'>decantata</span> <span class='ocrx_word' id='word_1_39' title='bbox 1143 1104 1342 1188; x_wconf 85' lang='lat' dir='ltr'>virginitatis</span> <span class='ocrx_word' id='word_1_40' title='bbox 1362 1126 1419 1168; x_wconf 91' lang='lat' dir='ltr'>en·</span> <span class='ocrx_word' id='word_1_41' title='bbox 1470 1103 1505 1166; x_wconf 90' lang='lat' dir='ltr'>in</span> <span class='ocrx_word' id='word_1_42' title='bbox 1537 1104 1737 1167; x_wconf 77' lang='lat' dir='ltr'>matrimonii</span> <span class='ocrx_word' id='word_1_43' title='bbox 1766 1104 2081 1170; x_wconf 90' lang='lat' dir='ltr'>commendationem</span> <span class='ocrx_word' id='word_1_44' title='bbox 2109 1106 2213 1171; x_wconf 82' lang='lat' dir='ltr'>videri</span> <span class='ocrx_word' id='word_1_45' title='bbox 2242 1108 2343 1172; x_wconf 89' lang='lat' dir='ltr'>fuisse</span> <span class='ocrx_word' id='word_1_46' title='bbox 2371 1107 2453 1172; x_wconf 87' lang='lat' dir='ltr'>aliis</span> 
     </span>
     <span class='ocr_line' id='line_1_5' title="bbox 447 1186 2454 1276; baseline 0 -18"><span class='ocrx_word' id='word_1_47' title='bbox 447 1192 568 1269; x_wconf 85' lang='lat' dir='ltr'>bomia,</span> <span class='ocrx_word' id='word_1_48' title='bbox 601 1200 640 1254; x_wconf 93' lang='lat' dir='ltr'>ut</span> <span class='ocrx_word' id='word_1_49' title='bbox 667 1192 725 1258; x_wconf 79' lang='lat' dir='ltr'>vix</span> <span class='ocrx_word' id='word_1_50' title='bbox 747 1193 815 1257; x_wconf 91' lang='lat' dir='ltr'>ulla</span> <span class='ocrx_word' id='word_1_51' title='bbox 838 1193 902 1256; x_wconf 91' lang='lat' dir='ltr'>alia</span> <span class='ocrx_word' id='word_1_52' title='bbox 929 1193 1034 1256; x_wconf 87' lang='lat' dir='ltr'>virtus</span> <span class='ocrx_word' id='word_1_53' title='bbox 1057 1212 1132 1256; x_wconf 90' lang='lat' dir='ltr'>cum</span> <span class='ocrx_word' id='word_1_54' title='bbox 1160 1209 1198 1254; x_wconf 89' lang='lat' dir='ltr'>ea</span> <span class='ocrx_word' id='word_1_55' title='bbox 1225 1189 1420 1254; x_wconf 89' lang='lat' dir='ltr'>conferenda</span> <span class='ocrx_word' id='word_1_56' title='bbox 1470 1189 1640 1271; x_wconf 82' lang='lat' dir='ltr'>profusior.</span> <span class='ocrx_word' id='word_1_57' title='bbox 1685 1186 1741 1255; x_wconf 85' lang='lat' dir='ltr'>Sic</span> <span class='ocrx_word' id='word_1_58' title='bbox 1770 1196 1880 1255; x_wconf 86' lang='lat' dir='ltr'>autem</span> <span class='ocrx_word' id='word_1_59' title='bbox 1901 1190 2058 1272; x_wconf 90' lang='lat' dir='ltr'>loquitur:</span> <span class='ocrx_word' id='word_1_60' title='bbox 2081 1193 2208 1273; x_wconf 92' lang='lat' dir='ltr'>primus</span> <span class='ocrx_word' id='word_1_61' title='bbox 2229 1191 2350 1276; x_wconf 76' lang='lat' dir='ltr'>gradm</span> <span class='ocrx_word' id='word_1_62' title='bbox 2373 1213 2454 1258; x_wconf 84' lang='lat' dir='ltr'>cas-</span> 
     </span>
     <span class='ocr_line' id='line_1_6' title="bbox 447 1274 2455 1361; baseline -0 -18"><span class='ocrx_word' id='word_1_63' title='bbox 447 1277 547 1361; x_wconf 81' lang='lat' dir='ltr'>vulgo</span> <span class='ocrx_word' id='word_1_64' title='bbox 575 1277 771 1342; x_wconf 80' lang='lat' dir='ltr'>crederetur.</span> <span class='ocrx_word' id='word_1_65' title='bbox 821 1278 868 1343; x_wconf 86' lang='lat' dir='ltr'>Et</span> <span class='ocrx_word' id='word_1_66' title='bbox 896 1298 1083 1360; x_wconf 87' lang='lat' dir='ltr'>quanquam</span> <span class='ocrx_word' id='word_1_67' title='bbox 1108 1297 1175 1339; x_wconf 91' lang='lat' dir='ltr'>non</span> <span class='ocrx_word' id='word_1_68' title='bbox 1202 1274 1420 1341; x_wconf 80' lang='lat' dir='ltr'>damnabatur</span> <span class='ocrx_word' id='word_1_69' title='bbox 1471 1275 1574 1339; x_wconf 88' lang='lat' dir='ltr'>titatis</span> <span class='ocrx_word' id='word_1_70' title='bbox 1601 1283 1666 1352; x_wconf 92' lang='lat' dir='ltr'>est,</span> <span class='ocrx_word' id='word_1_71' title='bbox 1689 1276 1817 1340; x_wconf 91' lang='lat' dir='ltr'>sincera</span> <span class='ocrx_word' id='word_1_72' title='bbox 1839 1276 2010 1360; x_wconf 84' lang='lat' dir='ltr'>virginitas</span> <span class='ocrx_word' id='word_1_73' title='bbox 2017 1300 2025 1356; x_wconf 92' lang='lat'>;</span> <span class='ocrx_word' id='word_1_74' title='bbox 2048 1277 2226 1356; x_wconf 91' lang='lat' dir='ltr'>secundus,</span> <span class='ocrx_word' id='word_1_75' title='bbox 2248 1278 2342 1343; x_wconf 89' lang='lat' dir='ltr'>fidele</span> <span class='ocrx_word' id='word_1_76' title='bbox 2365 1299 2455 1344; x_wconf 91' lang='lat' dir='ltr'>con-</span> 
     </span>
     <span class='ocr_line' id='line_1_7' title="bbox 446 1360 2454 1447; baseline 0 -19"><span class='ocrx_word' id='word_1_77' title='bbox 446 1363 646 1445; x_wconf 89' lang='lat' dir='ltr'>impuritatis</span> <span class='ocrx_word' id='word_1_78' title='bbox 668 1364 865 1447; x_wconf 84' lang='lat' dir='ltr'>coniugium,</span> <span class='ocrx_word' id='word_1_79' title='bbox 888 1365 933 1429; x_wconf 91' lang='lat' dir='ltr'>sic</span> <span class='ocrx_word' id='word_1_80' title='bbox 955 1372 1066 1426; x_wconf 90' lang='lat' dir='ltr'>tamen</span> <span class='ocrx_word' id='word_1_81' title='bbox 1088 1362 1326 1427; x_wconf 86' lang='lat' dir='ltr'>extenuabatur</span> <span class='ocrx_word' id='word_1_82' title='bbox 1350 1363 1419 1426; x_wconf 91' lang='lat' dir='ltr'>eius</span> <span class='ocrx_word' id='word_1_83' title='bbox 1471 1360 1605 1443; x_wconf 81' lang='lat' dir='ltr'>ingiam.</span> <span class='ocrx_word' id='word_1_84' title='bbox 1651 1361 1740 1443; x_wconf 81' lang='lat' dir='ltr'>Ergo</span> <span class='ocrx_word' id='word_1_85' title='bbox 1767 1362 1889 1443; x_wconf 87' lang='lat' dir='ltr'>species</span> <span class='ocrx_word' id='word_1_86' title='bbox 1913 1361 2059 1427; x_wconf 81' lang='lat' dir='ltr'>&#39;secunda</span> <span class='ocrx_word' id='word_1_87' title='bbox 2079 1363 2280 1447; x_wconf 83' lang='lat' dir='ltr'>virginitatis</span> <span class='ocrx_word' id='word_1_88' title='bbox 2301 1375 2352 1429; x_wconf 90' lang='lat' dir='ltr'>est</span> <span class='ocrx_word' id='word_1_89' title='bbox 2372 1385 2454 1428; x_wconf 89' lang='lat' dir='ltr'>ma-</span> 
     </span>
     <span class='ocr_line' id='line_1_8' title="bbox 378 1445 1887 1532; baseline -0.001 -20"><span class='ocrx_word' id='word_1_90' title='bbox 378 1484 383 1496; x_wconf 77' lang='lat'><em>·</em></span> <span class='ocrx_word' id='word_1_91' title='bbox 448 1447 591 1532; x_wconf 83' lang='lat' dir='ltr'>dignitas</span> <span class='ocrx_word' id='word_1_92' title='bbox 612 1457 646 1512; x_wconf 92' lang='lat' dir='ltr'>et</span> <span class='ocrx_word' id='word_1_93' title='bbox 667 1450 822 1514; x_wconf 88' lang='lat' dir='ltr'>sanctitas</span> <span class='ocrx_word' id='word_1_94' title='bbox 845 1449 1086 1525; x_wconf 79' lang='lat' dir='ltr'>obscurabatur,</span> <span class='ocrx_word' id='word_1_95' title='bbox 1109 1455 1147 1510; x_wconf 93' lang='lat' dir='ltr'>ut</span> <span class='ocrx_word' id='word_1_96' title='bbox 1168 1467 1234 1511; x_wconf 90' lang='lat' dir='ltr'>non</span> <span class='ocrx_word' id='word_1_97' title='bbox 1252 1445 1420 1512; x_wconf 80' lang='lat' dir='ltr'>videretur</span> <span class='ocrx_word' id='word_1_98' title='bbox 1471 1446 1615 1510; x_wconf 88' lang='lat' dir='ltr'>trimonii</span> <span class='ocrx_word' id='word_1_99' title='bbox 1637 1455 1726 1510; x_wconf 87' lang='lat' dir='ltr'>casta</span> <span class='ocrx_word' id='word_1_100' title='bbox 1748 1445 1887 1512; x_wconf 89' lang='lat' dir='ltr'>dilectio.</span> 
     </span>
     <span class='ocr_line' id='line_1_9' title="bbox 448 1532 1420 1617; baseline -0.004 -18"><span class='ocrx_word' id='word_1_101' title='bbox 448 1534 528 1600; x_wconf 88' lang='lat' dir='ltr'>satis</span> <span class='ocrx_word' id='word_1_102' title='bbox 550 1535 627 1598; x_wconf 86' lang='lat' dir='ltr'>forti</span> <span class='ocrx_word' id='word_1_103' title='bbox 649 1535 756 1598; x_wconf 89' lang='lat' dir='ltr'>animo</span> <span class='ocrx_word' id='word_1_104' title='bbox 779 1533 819 1598; x_wconf 90' lang='lat' dir='ltr'>ad</span> <span class='ocrx_word' id='word_1_105' title='bbox 841 1534 1072 1617; x_wconf 74' lang='lat' dir='ltr'>perfectionem</span> <span class='ocrx_word' id='word_1_106' title='bbox 1094 1532 1261 1616; x_wconf 88' lang='lat' dir='ltr'>adspirare</span> <span class='ocrx_word' id='word_1_107' title='bbox 1279 1532 1335 1614; x_wconf 91' lang='lat' dir='ltr'>qui</span> <span class='ocrx_word' id='word_1_108' title='bbox 1352 1554 1420 1596; x_wconf 91' lang='lat' dir='ltr'>non</span> 
     </span>
     <span class='ocr_line' id='line_1_10' title="bbox 448 1618 1419 1702; baseline -0.004 -17"><span class='ocrx_word' id='word_1_109' title='bbox 448 1618 489 1686; x_wconf 88' lang='lat' dir='ltr'>ab</span> <span class='ocrx_word' id='word_1_110' title='bbox 518 1621 589 1702; x_wconf 92' lang='lat' dir='ltr'>ipso</span> <span class='ocrx_word' id='word_1_111' title='bbox 617 1621 679 1684; x_wconf 88' lang='lat' dir='ltr'>sibi</span> <span class='ocrx_word' id='word_1_112' title='bbox 701 1628 907 1701; x_wconf 88' lang='lat' dir='ltr'>temperaret.</span> <span class='ocrx_word' id='word_1_113' title='bbox 950 1619 1040 1684; x_wconf 89' lang='lat' dir='ltr'>Hinc</span> <span class='ocrx_word' id='word_1_114' title='bbox 1061 1619 1110 1682; x_wconf 92' lang='lat' dir='ltr'>illi</span> <span class='ocrx_word' id='word_1_115' title='bbox 1138 1639 1278 1683; x_wconf 90' lang='lat' dir='ltr'>canones</span> <span class='ocrx_word' id='word_1_116' title='bbox 1300 1618 1419 1700; x_wconf 92' lang='lat' dir='ltr'>quibus</span> 
     </span>
     <span class='ocr_line' id='line_1_11' title="bbox 448 1703 2100 1795; baseline -0.002 -26"><span class='ocrx_word' id='word_1_117' title='bbox 448 1705 555 1790; x_wconf 90' lang='lat' dir='ltr'>primo</span> <span class='ocrx_word' id='word_1_118' title='bbox 584 1706 723 1770; x_wconf 90' lang='lat' dir='ltr'>vetitum</span> <span class='ocrx_word' id='word_1_119' title='bbox 755 1712 805 1769; x_wconf 91' lang='lat' dir='ltr'>est</span> <span class='ocrx_word' id='word_1_120' title='bbox 836 1727 879 1769; x_wconf 91' lang='lat' dir='ltr'>ne</span> <span class='ocrx_word' id='word_1_121' title='bbox 911 1705 1161 1769; x_wconf 87' lang='lat' dir='ltr'>matrimonium</span> <span class='ocrx_word' id='word_1_122' title='bbox 1187 1703 1419 1768; x_wconf 87' lang='lat' dir='ltr'>contraherent</span> <span class='ocrx_word' id='word_1_123' title='bbox 2085 1756 2100 1795; x_wconf 66' lang='lat'>2</span> 
     </span>
     <span class='ocr_line' id='line_1_12' title="bbox 446 1752 2114 1873; baseline -0.002 -17"><span class='ocrx_word' id='word_1_124' title='bbox 446 1791 504 1873; x_wconf 90' lang='lat' dir='ltr'>qui</span> <span class='ocrx_word' id='word_1_125' title='bbox 531 1791 758 1873; x_wconf 85' lang='lat' dir='ltr'>pervenissent</span> <span class='ocrx_word' id='word_1_126' title='bbox 784 1789 826 1853; x_wconf 92' lang='lat' dir='ltr'>ad</span> <span class='ocrx_word' id='word_1_127' title='bbox 855 1791 1027 1856; x_wconf 89' lang='lat' dir='ltr'>sacerdotii</span> <span class='ocrx_word' id='word_1_128' title='bbox 1054 1789 1209 1873; x_wconf 78' lang='lat' dir='ltr'>gradum;</span> <span class='ocrx_word' id='word_1_129' title='bbox 1237 1788 1355 1854; x_wconf 90' lang='lat' dir='ltr'>deinde</span> <span class='ocrx_word' id='word_1_130' title='bbox 1377 1810 1418 1852; x_wconf 92' lang='lat' dir='ltr'>ne</span> <span class='ocrx_word' id='word_1_131' title='bbox 1801 1752 1952 1820; x_wconf 59' lang='lat' dir='ltr'>CAPUT</span> <span class='ocrx_word' id='word_1_132' title='bbox 1974 1754 2073 1818; x_wconf 72' lang='lat' dir='ltr'>m·</span> <span class='ocrx_word' id='word_1_133' title='bbox 2100 1754 2114 1838; x_wconf 89' lang='lat'><em>)</em></span> 
     </span>
     <span class='ocr_line' id='line_1_13' title="bbox 445 1874 2154 1952; baseline -0.006 -12"><span class='ocrx_word' id='word_1_134' title='bbox 445 1877 481 1940; x_wconf 91' lang='lat' dir='ltr'>in</span> <span class='ocrx_word' id='word_1_135' title='bbox 513 1897 589 1940; x_wconf 89' lang='lat' dir='ltr'>eum</span> <span class='ocrx_word' id='word_1_136' title='bbox 621 1876 770 1940; x_wconf 89' lang='lat' dir='ltr'>ordinem</span> <span class='ocrx_word' id='word_1_137' title='bbox 804 1884 1049 1941; x_wconf 86' lang='lat' dir='ltr'>assumerentur</span> <span class='ocrx_word' id='word_1_138' title='bbox 1081 1875 1146 1938; x_wconf 91' lang='lat' dir='ltr'>nisi</span> <span class='ocrx_word' id='word_1_139' title='bbox 1172 1874 1326 1952; x_wconf 90' lang='lat' dir='ltr'>caelibes,</span> <span class='ocrx_word' id='word_1_140' title='bbox 1361 1883 1420 1939; x_wconf 88' lang='lat' dir='ltr'>aut</span> <span class='ocrx_word' id='word_1_141' title='bbox 1662 1911 1670 1927; x_wconf 86' lang='lat'><strong>·</strong></span> <span class='ocrx_word' id='word_1_142' title='bbox 2145 1914 2154 1929; x_wconf 89' lang='lat'>.</span> 
     </span>
     <span class='ocr_line' id='line_1_14' title="bbox 444 1912 2452 2052; baseline 0.001 -28"><span class='ocrx_word' id='word_1_143' title='bbox 444 1962 501 2043; x_wconf 91' lang='lat' dir='ltr'>qui</span> <span class='ocrx_word' id='word_1_144' title='bbox 521 1961 617 2024; x_wconf 91' lang='lat' dir='ltr'>thoro</span> <span class='ocrx_word' id='word_1_145' title='bbox 640 1962 802 2044; x_wconf 84' lang='lat' dir='ltr'>coniugali</span> <span class='ocrx_word' id='word_1_146' title='bbox 824 1983 983 2026; x_wconf 87' lang='lat' dir='ltr'>unacum</span> <span class='ocrx_word' id='word_1_147' title='bbox 999 1962 1158 2026; x_wconf 83' lang='lat' dir='ltr'>uxoribus</span> <span class='ocrx_word' id='word_1_148' title='bbox 1181 1961 1417 2024; x_wconf 89' lang='lat' dir='ltr'>renuntiarent.</span> <span class='ocrx_word' id='word_1_149' title='bbox 1471 1912 1538 1993; x_wconf 63' lang='lat' dir='ltr'>De</span> <span class='ocrx_word' id='word_1_150' title='bbox 1566 1922 1693 2047; x_wconf 48' lang='lat' dir='ltr'>‚vous</span> <span class='ocrx_word' id='word_1_151' title='bbox 1740 1941 1921 2047; x_wconf 62' lang='lat' dir='ltr'>‘luorum</span> <span class='ocrx_word' id='word_1_152' title='bbox 1958 1924 2183 2049; x_wconf 48' lang='lat' dir='ltr'>oelflerffifl</span> <span class='ocrx_word' id='word_1_153' title='bbox 2226 1945 2452 2052; x_wconf 48' lang='lat' dir='ltr'>mffncppa’</span> 
     </span>
     <span class='ocr_line' id='line_1_15' title="bbox 444 2034 2379 2144; baseline 0.003 -33"><span class='ocrx_word' id='word_1_154' title='bbox 444 2046 545 2124; x_wconf 90' lang='lat' dir='ltr'>Haec,</span> <span class='ocrx_word' id='word_1_155' title='bbox 567 2047 643 2128; x_wconf 88' lang='lat' dir='ltr'>quia</span> <span class='ocrx_word' id='word_1_156' title='bbox 670 2045 867 2112; x_wconf 86' lang='lat' dir='ltr'>videbantur</span> <span class='ocrx_word' id='word_1_157' title='bbox 893 2047 1112 2112; x_wconf 86' lang='lat' dir='ltr'>reverentiam</span> <span class='ocrx_word' id='word_1_158' title='bbox 1139 2045 1318 2110; x_wconf 90' lang='lat' dir='ltr'>sacerdotio</span> <span class='ocrx_word' id='word_1_159' title='bbox 1341 2066 1418 2109; x_wconf 92' lang='lat' dir='ltr'>oon·</span> <span class='ocrx_word' id='word_1_160' title='bbox 1543 2042 1656 2113; x_wconf 78' lang='lat' dir='ltr'>blone</span> <span class='ocrx_word' id='word_1_161' title='bbox 1688 2060 1866 2141; x_wconf 65' lang='lat' dir='ltr'>qumque</span> <span class='ocrx_word' id='word_1_162' title='bbox 1899 2062 1943 2115; x_wconf 79' lang='lat' dir='ltr'>se</span> <span class='ocrx_word' id='word_1_163' title='bbox 1974 2062 2126 2116; x_wconf 71' lang='lat' dir='ltr'>misere</span> <span class='ocrx_word' id='word_1_164' title='bbox 2157 2034 2379 2144; x_wconf 76' lang='lat' dir='ltr'>lmpllcmb.</span> 
     </span>
     <span class='ocr_line' id='line_1_16' title="bbox 445 2132 1418 2215; baseline -0.001 -18"><span class='ocrx_word' id='word_1_165' title='bbox 445 2132 564 2210; x_wconf 89' lang='lat' dir='ltr'>oiliare,</span> <span class='ocrx_word' id='word_1_166' title='bbox 587 2154 708 2215; x_wconf 77' lang='lat' dir='ltr'>magno</span> <span class='ocrx_word' id='word_1_167' title='bbox 730 2133 847 2215; x_wconf 91' lang='lat' dir='ltr'>plausu</span> <span class='ocrx_word' id='word_1_168' title='bbox 870 2133 967 2196; x_wconf 87' lang='lat' dir='ltr'>etiam</span> <span class='ocrx_word' id='word_1_169' title='bbox 996 2132 1174 2213; x_wconf 90' lang='lat' dir='ltr'>antiquitus</span> <span class='ocrx_word' id='word_1_170' title='bbox 1197 2144 1326 2213; x_wconf 87' lang='lat' dir='ltr'>recepta</span> <span class='ocrx_word' id='word_1_171' title='bbox 1348 2153 1418 2196; x_wconf 88' lang='lat' dir='ltr'>esse</span> 
     </span>
     <span class='ocr_line' id='line_1_17' title="bbox 443 2214 2448 2301; baseline 0.002 -20"><span class='ocrx_word' id='word_1_172' title='bbox 443 2218 553 2281; x_wconf 80' lang='lat' dir='ltr'>fateor.</span> <span class='ocrx_word' id='word_1_173' title='bbox 604 2216 672 2281; x_wconf 76' lang='lat' dir='ltr'>Sed</span> <span class='ocrx_word' id='word_1_174' title='bbox 698 2219 726 2282; x_wconf 91' lang='lat' dir='ltr'>si</span> <span class='ocrx_word' id='word_1_175' title='bbox 754 2219 837 2283; x_wconf 89' lang='lat' dir='ltr'>mihi</span> <span class='ocrx_word' id='word_1_176' title='bbox 865 2219 1094 2301; x_wconf 89' lang='lat' dir='ltr'>antiquitatem</span> <span class='ocrx_word' id='word_1_177' title='bbox 1121 2218 1275 2281; x_wconf 89' lang='lat' dir='ltr'>obiiciant</span> <span class='ocrx_word' id='word_1_178' title='bbox 1302 2217 1419 2284; x_wconf 88' lang='lat' dir='ltr'>adver-</span> <span class='ocrx_word' id='word_1_179' title='bbox 1560 2220 1585 2279; x_wconf 96' lang='lat' dir='ltr'>l.</span> <span class='ocrx_word' id='word_1_180' title='bbox 1631 2214 1833 2295; x_wconf 80' lang='lat' dir='ltr'>Depleranda</span> <span class='ocrx_word' id='word_1_181' title='bbox 1864 2216 1989 2296; x_wconf 84' lang='lat' dir='ltr'>quidem</span> <span class='ocrx_word' id='word_1_182' title='bbox 2020 2236 2071 2280; x_wconf 89' lang='lat' dir='ltr'>res</span> <span class='ocrx_word' id='word_1_183' title='bbox 2099 2221 2158 2294; x_wconf 84' lang='lat' dir='ltr'>est,</span> <span class='ocrx_word' id='word_1_184' title='bbox 2187 2218 2361 2297; x_wconf 64' lang='lat' dir='ltr'>mammam,</span> <span class='ocrx_word' id='word_1_185' title='bbox 2391 2221 2448 2285; x_wconf 80' lang='lat' dir='ltr'>cui</span> 
     </span>
     <span class='ocr_line' id='line_1_18' title="bbox 443 2299 2449 2385; baseline 0.001 -18"><span class='ocrx_word' id='word_1_186' title='bbox 443 2303 536 2381; x_wconf 91' lang='lat' dir='ltr'>sarii,</span> <span class='ocrx_word' id='word_1_187' title='bbox 571 2303 716 2385; x_wconf 87' lang='lat' dir='ltr'>primum</span> <span class='ocrx_word' id='word_1_188' title='bbox 745 2302 939 2385; x_wconf 82' lang='lat' dir='ltr'>responden,</span> <span class='ocrx_word' id='word_1_189' title='bbox 969 2304 1053 2368; x_wconf 91' lang='lat' dir='ltr'>hanc</span> <span class='ocrx_word' id='word_1_190' title='bbox 1081 2303 1267 2368; x_wconf 85' lang='lat' dir='ltr'>libertatem</span> <span class='ocrx_word' id='word_1_191' title='bbox 1297 2309 1335 2365; x_wconf 63' lang='lat' dir='ltr'>et*</span> <span class='ocrx_word' id='word_1_192' title='bbox 1358 2303 1418 2367; x_wconf 91' lang='lat' dir='ltr'>sub</span> <span class='ocrx_word' id='word_1_193' title='bbox 1471 2300 1695 2365; x_wconf 82' lang='lat' dir='ltr'>inaestimabili</span> <span class='ocrx_word' id='word_1_194' title='bbox 1720 2302 1888 2383; x_wconf 66' lang='lat' dir='ltr'>sanquinis</span> <span class='ocrx_word' id='word_1_195' title='bbox 1912 2299 2030 2366; x_wconf 76' lang='lat' dir='ltr'>Christi</span> <span class='ocrx_word' id='word_1_196' title='bbox 2056 2303 2155 2381; x_wconf 87' lang='lat' dir='ltr'>pretio</span> <span class='ocrx_word' id='word_1_197' title='bbox 2181 2309 2283 2385; x_wconf 83' lang='lat' dir='ltr'>erupta</span> <span class='ocrx_word' id='word_1_198' title='bbox 2307 2310 2376 2368; x_wconf 73' lang='lat' dir='ltr'>mat</span> <span class='ocrx_word' id='word_1_199' title='bbox 2406 2306 2449 2370; x_wconf 85' lang='lat' dir='ltr'>li·</span> 
     </span>
     <span class='ocr_line' id='line_1_19' title="bbox 444 2386 2450 2471; baseline 0.001 -19"><span class='ocrx_word' id='word_1_200' title='bbox 444 2388 598 2471; x_wconf 90' lang='lat' dir='ltr'>apostolis</span> <span class='ocrx_word' id='word_1_201' title='bbox 615 2399 648 2451; x_wconf 90' lang='lat' dir='ltr'>et</span> <span class='ocrx_word' id='word_1_202' title='bbox 665 2389 788 2471; x_wconf 88' lang='lat' dir='ltr'>aliquot</span> <span class='ocrx_word' id='word_1_203' title='bbox 805 2396 918 2471; x_wconf 89' lang='lat' dir='ltr'>postea</span> <span class='ocrx_word' id='word_1_204' title='bbox 940 2389 1078 2454; x_wconf 90' lang='lat' dir='ltr'>saeculis</span> <span class='ocrx_word' id='word_1_205' title='bbox 1096 2390 1268 2466; x_wconf 83' lang='lat' dir='ltr'>exstitisse,</span> <span class='ocrx_word' id='word_1_206' title='bbox 1287 2395 1325 2451; x_wconf 92' lang='lat' dir='ltr'>ut</span> <span class='ocrx_word' id='word_1_207' title='bbox 1343 2409 1419 2453; x_wconf 89' lang='lat' dir='ltr'>oon·</span> <span class='ocrx_word' id='word_1_208' title='bbox 1471 2386 1588 2466; x_wconf 84' lang='lat' dir='ltr'>bertas,</span> <span class='ocrx_word' id='word_1_209' title='bbox 1611 2386 1731 2450; x_wconf 71' lang='lat' dir='ltr'>numa</span> <span class='ocrx_word' id='word_1_210' title='bbox 1752 2387 1918 2468; x_wconf 70' lang='lat' dir='ltr'>tyrannide</span> <span class='ocrx_word' id='word_1_211' title='bbox 1939 2387 1984 2451; x_wconf 87' lang='lat' dir='ltr'>sic</span> <span class='ocrx_word' id='word_1_212' title='bbox 2011 2387 2111 2468; x_wconf 78' lang='lat' dir='ltr'>fuisse</span> <span class='ocrx_word' id='word_1_213' title='bbox 2131 2408 2323 2470; x_wconf 75' lang='lat' dir='ltr'>oppressam,</span> <span class='ocrx_word' id='word_1_214' title='bbox 2345 2396 2376 2454; x_wconf 90' lang='lat' dir='ltr'>et</span> <span class='ocrx_word' id='word_1_215' title='bbox 2396 2393 2450 2455; x_wconf 87' lang='lat' dir='ltr'>in·</span> 
     </span>
     <span class='ocr_line' id='line_1_20' title="bbox 443 2472 2449 2557; baseline 0.001 -19"><span class='ocrx_word' id='word_1_216' title='bbox 443 2474 536 2557; x_wconf 84' lang='lat' dir='ltr'>iuges</span> <span class='ocrx_word' id='word_1_217' title='bbox 569 2481 678 2538; x_wconf 90' lang='lat' dir='ltr'>essent</span> <span class='ocrx_word' id='word_1_218' title='bbox 706 2475 847 2557; x_wconf 91' lang='lat' dir='ltr'>episcopi</span> <span class='ocrx_word' id='word_1_219' title='bbox 854 2499 862 2554; x_wconf 90' lang='lat'>;</span> <span class='ocrx_word' id='word_1_220' title='bbox 897 2475 973 2552; x_wconf 86' lang='lat' dir='ltr'>hac,</span> <span class='ocrx_word' id='word_1_221' title='bbox 1004 2475 1074 2539; x_wconf 91' lang='lat' dir='ltr'>sine</span> <span class='ocrx_word' id='word_1_222' title='bbox 1108 2473 1311 2552; x_wconf 87' lang='lat' dir='ltr'>difficultate,</span> <span class='ocrx_word' id='word_1_223' title='bbox 1342 2494 1418 2537; x_wconf 89' lang='lat' dir='ltr'>usos</span> <span class='ocrx_word' id='word_1_224' title='bbox 1468 2473 1552 2555; x_wconf 73' lang='lat' dir='ltr'>penm&#39;</span> <span class='ocrx_word' id='word_1_225' title='bbox 1579 2472 1783 2536; x_wconf 80' lang='lat' dir='ltr'>traditionum</span> <span class='ocrx_word' id='word_1_226' title='bbox 1809 2473 1946 2555; x_wconf 66' lang='lat' dir='ltr'>macerie</span> <span class='ocrx_word' id='word_1_227' title='bbox 1972 2472 2038 2554; x_wconf 81' lang='lat' dir='ltr'>fere</span> <span class='ocrx_word' id='word_1_228' title='bbox 2058 2473 2215 2552; x_wconf 83' lang='lat' dir='ltr'>obrutam;</span> <span class='ocrx_word' id='word_1_229' title='bbox 2242 2475 2296 2540; x_wconf 90' lang='lat' dir='ltr'>sed</span> <span class='ocrx_word' id='word_1_230' title='bbox 2311 2477 2449 2555; x_wconf 83' lang='lat' dir='ltr'>privata</span> 
     </span>
     <span class='ocr_line' id='line_1_21' title="bbox 444 2557 2450 2642; baseline 0.001 -19"><span class='ocrx_word' id='word_1_231' title='bbox 444 2579 516 2624; x_wconf 89' lang='lat' dir='ltr'>esse</span> <span class='ocrx_word' id='word_1_232' title='bbox 543 2559 631 2640; x_wconf 89' lang='lat' dir='ltr'>ipsos</span> <span class='ocrx_word' id='word_1_233' title='bbox 659 2557 820 2641; x_wconf 84' lang='lat' dir='ltr'>apostolos</span> <span class='ocrx_word' id='word_1_234' title='bbox 849 2568 882 2624; x_wconf 92' lang='lat' dir='ltr'>et</span> <span class='ocrx_word' id='word_1_235' title='bbox 915 2560 996 2624; x_wconf 91' lang='lat' dir='ltr'>alios</span> <span class='ocrx_word' id='word_1_236' title='bbox 1022 2560 1199 2642; x_wconf 86' lang='lat' dir='ltr'>primariae</span> <span class='ocrx_word' id='word_1_237' title='bbox 1232 2559 1418 2624; x_wconf 89' lang='lat' dir='ltr'>autoritatis</span> <span class='ocrx_word' id='word_1_238' title='bbox 1462 2559 1595 2631; x_wconf 56' lang='lat' dir='ltr'>,interim</span> <span class='ocrx_word' id='word_1_239' title='bbox 1616 2559 1763 2638; x_wconf 84' lang='lat' dir='ltr'>cuiusque</span> <span class='ocrx_word' id='word_1_240' title='bbox 1784 2559 1921 2623; x_wconf 72' lang='lat' dir='ltr'>anomia</span> <span class='ocrx_word' id='word_1_241' title='bbox 1938 2559 2074 2637; x_wconf 80' lang='lat' dir='ltr'>ostendit,</span> <span class='ocrx_word' id='word_1_242' title='bbox 2096 2580 2158 2623; x_wconf 88' lang='lat' dir='ltr'>non</span> <span class='ocrx_word' id='word_1_243' title='bbox 2179 2560 2246 2624; x_wconf 78' lang='lat' dir='ltr'>sine</span> <span class='ocrx_word' id='word_1_244' title='bbox 2267 2562 2450 2626; x_wconf 75' lang='lat' dir='ltr'>indicetne</span> 
     </span>
     <span class='ocr_line' id='line_1_22' title="bbox 444 2644 2450 2727; baseline 0.002 -20"><span class='ocrx_word' id='word_1_245' title='bbox 444 2651 604 2726; x_wconf 88' lang='lat' dir='ltr'>pastores,</span> <span class='ocrx_word' id='word_1_246' title='bbox 634 2646 689 2727; x_wconf 90' lang='lat' dir='ltr'>qui</span> <span class='ocrx_word' id='word_1_247' title='bbox 716 2645 887 2709; x_wconf 87' lang='lat' dir='ltr'>incorum</span> <span class='ocrx_word' id='word_1_248' title='bbox 913 2646 1022 2710; x_wconf 89' lang='lat' dir='ltr'>locum</span> <span class='ocrx_word' id='word_1_249' title='bbox 1043 2650 1277 2710; x_wconf 90' lang='lat' dir='ltr'>successerunt.</span> <span class='ocrx_word' id='word_1_250' title='bbox 1321 2644 1418 2708; x_wconf 93' lang='lat' dir='ltr'>Illius</span> <span class='ocrx_word' id='word_1_251' title='bbox 1471 2663 1568 2708; x_wconf 76' lang='lat' dir='ltr'>carna</span> <span class='ocrx_word' id='word_1_252' title='bbox 1595 2648 1716 2707; x_wconf 80' lang='lat' dir='ltr'>tardum</span> <span class='ocrx_word' id='word_1_253' title='bbox 1740 2644 1841 2723; x_wconf 80' lang='lat' dir='ltr'>fuisse</span> <span class='ocrx_word' id='word_1_254' title='bbox 1868 2644 2022 2709; x_wconf 84' lang='lat' dir='ltr'>diuinitus</span> <span class='ocrx_word' id='word_1_255' title='bbox 2043 2650 2173 2709; x_wconf 87' lang='lat' dir='ltr'>satanae</span> <span class='ocrx_word' id='word_1_256' title='bbox 2199 2648 2324 2726; x_wconf 87' lang='lat' dir='ltr'>eiusque</span> <span class='ocrx_word' id='word_1_257' title='bbox 2350 2649 2450 2712; x_wconf 84' lang='lat' dir='ltr'>ruini-</span> 
     </span>
     <span class='ocr_line' id='line_1_23' title="bbox 445 2728 2450 2815; baseline 0.002 -22"><span class='ocrx_word' id='word_1_258' title='bbox 445 2729 636 2811; x_wconf 90' lang='lat' dir='ltr'>antiquioris</span> <span class='ocrx_word' id='word_1_259' title='bbox 663 2731 818 2795; x_wconf 88' lang='lat' dir='ltr'>ecclesiae</span> <span class='ocrx_word' id='word_1_260' title='bbox 844 2731 1031 2814; x_wconf 79' lang='lat' dir='ltr'>exemplum</span> <span class='ocrx_word' id='word_1_261' title='bbox 1058 2731 1161 2812; x_wconf 89' lang='lat' dir='ltr'>pluris</span> <span class='ocrx_word' id='word_1_262' title='bbox 1189 2730 1306 2794; x_wconf 90' lang='lat' dir='ltr'>merito</span> <span class='ocrx_word' id='word_1_263' title='bbox 1326 2728 1418 2795; x_wconf 91' lang='lat' dir='ltr'>nobis</span> <span class='ocrx_word' id='word_1_264' title='bbox 1470 2730 1546 2794; x_wconf 86' lang='lat' dir='ltr'>stris</span> <span class='ocrx_word' id='word_1_265' title='bbox 1579 2730 1778 2810; x_wconf 65' lang='lat' dir='ltr'>parnasum.</span> <span class='ocrx_word' id='word_1_266' title='bbox 1829 2729 1938 2810; x_wconf 81' lang='lat' dir='ltr'>Neque</span> <span class='ocrx_word' id='word_1_267' title='bbox 1975 2731 2058 2793; x_wconf 85' lang='lat' dir='ltr'>enim</span> <span class='ocrx_word' id='word_1_268' title='bbox 2097 2731 2177 2795; x_wconf 87' lang='lat' dir='ltr'>satis</span> <span class='ocrx_word' id='word_1_269' title='bbox 2207 2733 2284 2813; x_wconf 82' lang='lat' dir='ltr'>fait,</span> <span class='ocrx_word' id='word_1_270' title='bbox 2316 2733 2450 2815; x_wconf 77' lang='lat' dir='ltr'>neplecto</span> 
     </span>
     <span class='ocr_line' id='line_1_24' title="bbox 445 2814 2448 2898; baseline 0.002 -20"><span class='ocrx_word' id='word_1_271' title='bbox 445 2814 562 2879; x_wconf 88' lang='lat' dir='ltr'>debere</span> <span class='ocrx_word' id='word_1_272' title='bbox 584 2836 654 2890; x_wconf 88' lang='lat' dir='ltr'>esse</span> <span class='ocrx_word' id='word_1_273' title='bbox 676 2837 774 2898; x_wconf 91' lang='lat' dir='ltr'>quam</span> <span class='ocrx_word' id='word_1_274' title='bbox 796 2823 834 2880; x_wconf 92' lang='lat' dir='ltr'>ut</span> <span class='ocrx_word' id='word_1_275' title='bbox 861 2817 1015 2882; x_wconf 91' lang='lat' dir='ltr'>illicitum</span> <span class='ocrx_word' id='word_1_276' title='bbox 1037 2817 1089 2880; x_wconf 85' lang='lat' dir='ltr'>vel</span> <span class='ocrx_word' id='word_1_277' title='bbox 1111 2816 1302 2881; x_wconf 90' lang='lat' dir='ltr'>indecorum</span> <span class='ocrx_word' id='word_1_278' title='bbox 1324 2815 1417 2880; x_wconf 93' lang='lat' dir='ltr'>nobis</span> <span class='ocrx_word' id='word_1_279' title='bbox 1472 2814 1589 2880; x_wconf 77' lang='lat' dir='ltr'>Christi</span> <span class='ocrx_word' id='word_1_280' title='bbox 1605 2815 1745 2894; x_wconf 82' lang='lat' dir='ltr'>imperio,</span> <span class='ocrx_word' id='word_1_281' title='bbox 1764 2815 1913 2896; x_wconf 82' lang='lat' dir='ltr'>quaelibet</span> <span class='ocrx_word' id='word_1_282' title='bbox 1930 2835 2024 2879; x_wconf 90' lang='lat' dir='ltr'>onera</span> <span class='ocrx_word' id='word_1_283' title='bbox 2041 2836 2062 2879; x_wconf 88' lang='lat' dir='ltr'>a</span> <span class='ocrx_word' id='word_1_284' title='bbox 2080 2815 2177 2897; x_wconf 81' lang='lat' dir='ltr'>falsis</span> <span class='ocrx_word' id='word_1_285' title='bbox 2193 2817 2363 2882; x_wconf 78' lang='lat' dir='ltr'>doctoribm</span> <span class='ocrx_word' id='word_1_286' title='bbox 2385 2821 2448 2882; x_wconf 85' lang='lat' dir='ltr'>im·</span> 
     </span>
     <span class='ocr_line' id='line_1_25' title="bbox 443 2899 2452 2985; baseline 0.003 -23"><span class='ocrx_word' id='word_1_287' title='bbox 443 2905 595 2982; x_wconf 90' lang='lat' dir='ltr'>putemus</span> <span class='ocrx_word' id='word_1_288' title='bbox 617 2899 702 2983; x_wconf 89' lang='lat' dir='ltr'>qnod</span> <span class='ocrx_word' id='word_1_289' title='bbox 729 2908 809 2965; x_wconf 91' lang='lat' dir='ltr'>tunc</span> <span class='ocrx_word' id='word_1_290' title='bbox 831 2924 905 2966; x_wconf 92' lang='lat' dir='ltr'>cum</span> <span class='ocrx_word' id='word_1_291' title='bbox 932 2901 1029 2966; x_wconf 90' lang='lat' dir='ltr'>laude</span> <span class='ocrx_word' id='word_1_292' title='bbox 1051 2911 1218 2983; x_wconf 88' lang='lat' dir='ltr'>receptum</span> <span class='ocrx_word' id='word_1_293' title='bbox 1240 2902 1417 2966; x_wconf 89' lang='lat' dir='ltr'>usitatum·</span> <span class='ocrx_word' id='word_1_294' title='bbox 1465 2901 1572 2981; x_wconf 71' lang='lat' dir='ltr'>posita</span> <span class='ocrx_word' id='word_1_295' title='bbox 1587 2901 1744 2981; x_wconf 81' lang='lat' dir='ltr'>perferre,</span> <span class='ocrx_word' id='word_1_296' title='bbox 1772 2902 1837 2965; x_wconf 90' lang='lat' dir='ltr'>nisi</span> <span class='ocrx_word' id='word_1_297' title='bbox 1852 2901 1988 2981; x_wconf 77' lang='lat' dir='ltr'>propria</span> <span class='ocrx_word' id='word_1_298' title='bbox 2009 2903 2103 2966; x_wconf 84' lang='lat' dir='ltr'>etiam</span> <span class='ocrx_word' id='word_1_299' title='bbox 2123 2902 2241 2985; x_wconf 72' lang='lat' dir='ltr'>sinpuli</span> <span class='ocrx_word' id='word_1_300' title='bbox 2260 2902 2320 2966; x_wconf 81' lang='lat' dir='ltr'>sibi</span> <span class='ocrx_word' id='word_1_301' title='bbox 2342 2924 2452 2968; x_wconf 82' lang='lat' dir='ltr'>accer-</span> 
     </span>
     <span class='ocr_line' id='line_1_26' title="bbox 444 2985 2450 3069; baseline 0.002 -20"><span class='ocrx_word' id='word_1_302' title='bbox 444 3006 507 3067; x_wconf 91' lang='lat' dir='ltr'>que</span> <span class='ocrx_word' id='word_1_303' title='bbox 539 2986 608 3049; x_wconf 81' lang='lat' dir='ltr'>biit.</span> <span class='ocrx_word' id='word_1_304' title='bbox 659 2985 789 3051; x_wconf 90' lang='lat' dir='ltr'>Deinde</span> <span class='ocrx_word' id='word_1_305' title='bbox 821 2987 913 3051; x_wconf 91' lang='lat' dir='ltr'>illam</span> <span class='ocrx_word' id='word_1_306' title='bbox 941 2994 1095 3065; x_wconf 89' lang='lat' dir='ltr'>aetatem,</span> <span class='ocrx_word' id='word_1_307' title='bbox 1134 3008 1217 3069; x_wconf 89' lang='lat' dir='ltr'>quae</span> <span class='ocrx_word' id='word_1_308' title='bbox 1243 2986 1417 3052; x_wconf 90' lang='lat' dir='ltr'>immodica</span> <span class='ocrx_word' id='word_1_309' title='bbox 1469 2991 1583 3063; x_wconf 84' lang='lat' dir='ltr'>serent,</span> <span class='ocrx_word' id='word_1_310' title='bbox 1613 2986 1748 3067; x_wconf 79' lang='lat' dir='ltr'>adeoque</span> <span class='ocrx_word' id='word_1_311' title='bbox 1769 3006 1918 3051; x_wconf 79' lang='lat' dir='ltr'>macrnas</span> <span class='ocrx_word' id='word_1_312' title='bbox 1943 2985 2005 3050; x_wconf 82' lang='lat' dir='ltr'>sibi</span> <span class='ocrx_word' id='word_1_313' title='bbox 2024 2987 2168 3068; x_wconf 66' lang='lat' dir='ltr'>sedando</span> <span class='ocrx_word' id='word_1_314' title='bbox 2194 3009 2226 3052; x_wconf 90' lang='lat' dir='ltr'>se</span> <span class='ocrx_word' id='word_1_315' title='bbox 2248 2988 2450 3068; x_wconf 75' lang='lat' dir='ltr'>profundius</span> 
     </span>
     <span class='ocr_line' id='line_1_27' title="bbox 443 3070 2451 3156; baseline 0.001 -20"><span class='ocrx_word' id='word_1_316' title='bbox 443 3070 644 3153; x_wconf 81' lang='lat' dir='ltr'>virginitatis</span> <span class='ocrx_word' id='word_1_317' title='bbox 673 3072 843 3136; x_wconf 82' lang='lat' dir='ltr'>affectione</span> <span class='ocrx_word' id='word_1_318' title='bbox 870 3074 976 3156; x_wconf 90' lang='lat' dir='ltr'>coepit</span> <span class='ocrx_word' id='word_1_319' title='bbox 997 3094 1068 3138; x_wconf 91' lang='lat' dir='ltr'>esse</span> <span class='ocrx_word' id='word_1_320' title='bbox 1091 3074 1240 3156; x_wconf 85' lang='lat' dir='ltr'>coniugio</span> <span class='ocrx_word' id='word_1_321' title='bbox 1262 3072 1416 3155; x_wconf 88' lang='lat' dir='ltr'>iniquior,</span> <span class='ocrx_word' id='word_1_322' title='bbox 1469 3073 1681 3154; x_wconf 72' lang='lat' dir='ltr'>demerperent.</span> <span class='ocrx_word' id='word_1_323' title='bbox 1732 3070 1775 3137; x_wconf 88' lang='lat' dir='ltr'>Id</span> <span class='ocrx_word' id='word_1_324' title='bbox 1798 3071 1917 3154; x_wconf 78' lang='lat' dir='ltr'>factam</span> <span class='ocrx_word' id='word_1_325' title='bbox 1944 3077 1987 3136; x_wconf 90' lang='lat' dir='ltr'>est</span> <span class='ocrx_word' id='word_1_326' title='bbox 2009 3072 2084 3135; x_wconf 92' lang='lat' dir='ltr'>dum</span> <span class='ocrx_word' id='word_1_327' title='bbox 2112 3074 2248 3137; x_wconf 84' lang='lat' dir='ltr'>certatim</span> <span class='ocrx_word' id='word_1_328' title='bbox 2273 3075 2451 3156; x_wconf 76' lang='lat' dir='ltr'>eacopitmd</span> 
     </span>
     <span class='ocr_line' id='line_1_28' title="bbox 442 3156 2452 3242; baseline 0.002 -22"><span class='ocrx_word' id='word_1_329' title='bbox 442 3177 509 3220; x_wconf 92' lang='lat' dir='ltr'>non</span> <span class='ocrx_word' id='word_1_330' title='bbox 542 3156 590 3220; x_wconf 90' lang='lat' dir='ltr'>ita</span> <span class='ocrx_word' id='word_1_331' title='bbox 621 3157 813 3240; x_wconf 88' lang='lat' dir='ltr'>imposuisse</span> <span class='ocrx_word' id='word_1_332' title='bbox 846 3158 1068 3223; x_wconf 89' lang='lat' dir='ltr'>sacerdotibus</span> <span class='ocrx_word' id='word_1_333' title='bbox 1100 3158 1208 3242; x_wconf 83' lang='lat' dir='ltr'>legem</span> <span class='ocrx_word' id='word_1_334' title='bbox 1241 3159 1417 3223; x_wconf 89' lang='lat' dir='ltr'>caelibatus</span> <span class='ocrx_word' id='word_1_335' title='bbox 1468 3161 1547 3236; x_wconf 72' lang='lat' dir='ltr'>aa,</span> <span class='ocrx_word' id='word_1_336' title='bbox 1568 3177 1607 3221; x_wconf 80' lang='lat' dir='ltr'>ea</span> <span class='ocrx_word' id='word_1_337' title='bbox 1628 3157 1739 3238; x_wconf 82' lang='lat' dir='ltr'>quibus</span> <span class='ocrx_word' id='word_1_338' title='bbox 1756 3158 1799 3221; x_wconf 90' lang='lat' dir='ltr'>ad</span> <span class='ocrx_word' id='word_1_339' title='bbox 1815 3159 1989 3223; x_wconf 87' lang='lat' dir='ltr'>communia</span> <span class='ocrx_word' id='word_1_340' title='bbox 2009 3158 2135 3222; x_wconf 83' lang='lat' dir='ltr'>vincula</span> <span class='ocrx_word' id='word_1_341' title='bbox 2155 3159 2257 3223; x_wconf 86' lang='lat' dir='ltr'>maior</span> <span class='ocrx_word' id='word_1_342' title='bbox 2278 3163 2304 3222; x_wconf 90' lang='lat' dir='ltr'>et</span> <span class='ocrx_word' id='word_1_343' title='bbox 2325 3160 2452 3224; x_wconf 86' lang='lat' dir='ltr'>arctior</span> 
     </span>
     <span class='ocr_line' id='line_1_29' title="bbox 442 3242 2451 3328; baseline 0.002 -23"><span class='ocrx_word' id='word_1_344' title='bbox 442 3242 537 3323; x_wconf 90' lang='lat' dir='ltr'>quasi</span> <span class='ocrx_word' id='word_1_345' title='bbox 557 3263 609 3306; x_wconf 91' lang='lat' dir='ltr'>res</span> <span class='ocrx_word' id='word_1_346' title='bbox 631 3264 689 3324; x_wconf 90' lang='lat' dir='ltr'>per</span> <span class='ocrx_word' id='word_1_347' title='bbox 711 3264 746 3307; x_wconf 93' lang='lat' dir='ltr'>se</span> <span class='ocrx_word' id='word_1_348' title='bbox 768 3246 951 3309; x_wconf 88' lang='lat' dir='ltr'>necessaria</span> <span class='ocrx_word' id='word_1_349' title='bbox 973 3250 1075 3322; x_wconf 90' lang='lat' dir='ltr'>esset,</span> <span class='ocrx_word' id='word_1_350' title='bbox 1099 3243 1156 3309; x_wconf 89' lang='lat' dir='ltr'>sed</span> <span class='ocrx_word' id='word_1_351' title='bbox 1178 3245 1257 3328; x_wconf 80' lang='lat' dir='ltr'>quia</span> <span class='ocrx_word' id='word_1_352' title='bbox 1277 3243 1417 3309; x_wconf 89' lang='lat' dir='ltr'>caelibes</span> <span class='ocrx_word' id='word_1_353' title='bbox 1470 3242 1614 3324; x_wconf 71' lang='lat' dir='ltr'>oblipatia</span> <span class='ocrx_word' id='word_1_354' title='bbox 1641 3244 1800 3319; x_wconf 82' lang='lat' dir='ltr'>accederet.</span> <span class='ocrx_word' id='word_1_355' title='bbox 1861 3243 1991 3324; x_wconf 50' lang='lat' dir='ltr'>&amp;mado</span> <span class='ocrx_word' id='word_1_356' title='bbox 2017 3244 2123 3324; x_wconf 85' lang='lat' dir='ltr'>itaque</span> <span class='ocrx_word' id='word_1_357' title='bbox 2149 3245 2309 3309; x_wconf 80' lang='lat' dir='ltr'>docuimus</span> <span class='ocrx_word' id='word_1_358' title='bbox 2337 3265 2451 3310; x_wconf 88' lang='lat' dir='ltr'>corum</span> 
     </span>
     <span class='ocr_line' id='line_1_30' title="bbox 442 3327 2453 3413; baseline 0.001 -21"><span class='ocrx_word' id='word_1_359' title='bbox 442 3327 622 3410; x_wconf 85' lang='lat' dir='ltr'>coniugatis</span> <span class='ocrx_word' id='word_1_360' title='bbox 654 3330 841 3394; x_wconf 86' lang='lat' dir='ltr'>anteferret.</span> <span class='ocrx_word' id='word_1_361' title='bbox 891 3331 1062 3395; x_wconf 89' lang='lat' dir='ltr'>Postremo</span> <span class='ocrx_word' id='word_1_362' title='bbox 1094 3351 1160 3394; x_wconf 92' lang='lat' dir='ltr'>non</span> <span class='ocrx_word' id='word_1_363' title='bbox 1193 3331 1240 3393; x_wconf 92' lang='lat' dir='ltr'>ita</span> <span class='ocrx_word' id='word_1_364' title='bbox 1269 3331 1417 3413; x_wconf 79' lang='lat' dir='ltr'>exegisse</span> <span class='ocrx_word' id='word_1_365' title='bbox 1469 3329 1607 3393; x_wconf 71' lang='lat' dir='ltr'>andana</span> <span class='ocrx_word' id='word_1_366' title='bbox 1627 3330 1683 3411; x_wconf 83' lang='lat' dir='ltr'>qni</span> <span class='ocrx_word' id='word_1_367' title='bbox 1702 3328 1759 3392; x_wconf 73' lang='lat' dir='ltr'>srtb</span> <span class='ocrx_word' id='word_1_368' title='bbox 1778 3334 1945 3410; x_wconf 81' lang='lat' dir='ltr'>pastorum</span> <span class='ocrx_word' id='word_1_369' title='bbox 1965 3330 2054 3393; x_wconf 87' lang='lat' dir='ltr'>tituto</span> <span class='ocrx_word' id='word_1_370' title='bbox 2074 3330 2228 3395; x_wconf 87' lang='lat' dir='ltr'>dominati</span> <span class='ocrx_word' id='word_1_371' title='bbox 2252 3335 2325 3395; x_wconf 86' lang='lat' dir='ltr'>sunt</span> <span class='ocrx_word' id='word_1_372' title='bbox 2345 3331 2383 3395; x_wconf 90' lang='lat' dir='ltr'>in</span> <span class='ocrx_word' id='word_1_373' title='bbox 2404 3352 2453 3396; x_wconf 90' lang='lat' dir='ltr'>ea-</span> 
     </span>
     <span class='ocr_line' id='line_1_31' title="bbox 404 3405 2449 3498; baseline 0.003 -23"><span class='ocrx_word' id='word_1_374' title='bbox 404 3405 411 3426; x_wconf 83' lang='grc'><strong><em>’</em></strong></span> <span class='ocrx_word' id='word_1_375' title='bbox 441 3419 480 3476; x_wconf 90' lang='lat' dir='ltr'>ut</span> <span class='ocrx_word' id='word_1_376' title='bbox 508 3413 699 3481; x_wconf 86' lang='lat' dir='ltr'>necessitate</span> <span class='ocrx_word' id='word_1_377' title='bbox 727 3435 765 3479; x_wconf 91' lang='lat' dir='ltr'>ac</span> <span class='ocrx_word' id='word_1_378' title='bbox 791 3415 826 3480; x_wconf 83' lang='lat' dir='ltr'>vi</span> <span class='ocrx_word' id='word_1_379' title='bbox 855 3416 1001 3498; x_wconf 84' lang='lat' dir='ltr'>adigeret</span> <span class='ocrx_word' id='word_1_380' title='bbox 1028 3416 1071 3480; x_wconf 91' lang='lat' dir='ltr'>ad</span> <span class='ocrx_word' id='word_1_381' title='bbox 1098 3417 1333 3482; x_wconf 87' lang='lat' dir='ltr'>continentiam</span> <span class='ocrx_word' id='word_1_382' title='bbox 1360 3415 1418 3498; x_wconf 94' lang='lat' dir='ltr'>qui</span> <span class='ocrx_word' id='word_1_383' title='bbox 1471 3414 1582 3492; x_wconf 61' lang='lat' dir='ltr'>clema</span> <span class='ocrx_word' id='word_1_384' title='bbox 1609 3416 1756 3479; x_wconf 87' lang='lat' dir='ltr'>vitiatum</span> <span class='ocrx_word' id='word_1_385' title='bbox 1781 3416 1884 3496; x_wconf 81' lang='lat' dir='ltr'>fuisse</span> <span class='ocrx_word' id='word_1_386' title='bbox 1905 3414 1969 3478; x_wconf 87' lang='lat' dir='ltr'>Dei</span> <span class='ocrx_word' id='word_1_387' title='bbox 1992 3415 2117 3494; x_wconf 88' lang='lat' dir='ltr'>cultum,</span> <span class='ocrx_word' id='word_1_388' title='bbox 2145 3415 2200 3480; x_wconf 83' lang='lat' dir='ltr'>ubi</span> <span class='ocrx_word' id='word_1_389' title='bbox 2227 3417 2348 3497; x_wconf 82' lang='lat' dir='ltr'>iniquis</span> <span class='ocrx_word' id='word_1_390' title='bbox 2375 3418 2449 3482; x_wconf 72' lang='lat' dir='ltr'>sats</span> 
     </span>
     <span class='ocr_line' id='line_1_32' title="bbox 442 3497 2449 3583; baseline 0.003 -21"><span class='ocrx_word' id='word_1_391' title='bbox 442 3497 485 3562; x_wconf 88' lang='lat' dir='ltr'>ad</span> <span class='ocrx_word' id='word_1_392' title='bbox 508 3519 581 3562; x_wconf 91' lang='lat' dir='ltr'>eam</span> <span class='ocrx_word' id='word_1_393' title='bbox 603 3499 799 3564; x_wconf 65' lang='lat' dir='ltr'>servandam</span> <span class='ocrx_word' id='word_1_394' title='bbox 828 3500 935 3565; x_wconf 91' lang='lat' dir='ltr'>idonei</span> <span class='ocrx_word' id='word_1_395' title='bbox 957 3523 1023 3566; x_wconf 92' lang='lat' dir='ltr'>non</span> <span class='ocrx_word' id='word_1_396' title='bbox 1045 3509 1161 3566; x_wconf 92' lang='lat' dir='ltr'>essent.</span> <span class='ocrx_word' id='word_1_397' title='bbox 1206 3501 1293 3565; x_wconf 92' lang='lat' dir='ltr'>Nam</span> <span class='ocrx_word' id='word_1_398' title='bbox 1316 3522 1418 3583; x_wconf 89' lang='lat' dir='ltr'>quum</span> <span class='ocrx_word' id='word_1_399' title='bbox 1470 3500 1588 3583; x_wconf 74' lang='lat' dir='ltr'>tepidus</span> <span class='ocrx_word' id='word_1_400' title='bbox 1609 3497 1741 3565; x_wconf 71' lang='lat' dir='ltr'>mesmes</span> <span class='ocrx_word' id='word_1_401' title='bbox 1758 3502 1884 3565; x_wconf 86' lang='lat' dir='ltr'>animas</span> <span class='ocrx_word' id='word_1_402' title='bbox 1900 3501 2121 3581; x_wconf 74' lang='lat' dir='ltr'>illaquearent,</span> <span class='ocrx_word' id='word_1_403' title='bbox 2143 3501 2194 3565; x_wconf 82' lang='lat' dir='ltr'>bic</span> <span class='ocrx_word' id='word_1_404' title='bbox 2210 3503 2331 3566; x_wconf 87' lang='lat' dir='ltr'>malum</span> <span class='ocrx_word' id='word_1_405' title='bbox 2347 3502 2449 3583; x_wconf 80' lang='lat' dir='ltr'>affine</span> 
     </span>
     <span class='ocr_line' id='line_1_33' title="bbox 442 3585 2449 3669; baseline 0.002 -20"><span class='ocrx_word' id='word_1_406' title='bbox 442 3585 659 3650; x_wconf 85' lang='lat' dir='ltr'>severissimis</span> <span class='ocrx_word' id='word_1_407' title='bbox 686 3586 815 3669; x_wconf 83' lang='lat' dir='ltr'>legibus</span> <span class='ocrx_word' id='word_1_408' title='bbox 842 3587 878 3650; x_wconf 92' lang='lat' dir='ltr'>in</span> <span class='ocrx_word' id='word_1_409' title='bbox 906 3588 1117 3652; x_wconf 88' lang='lat' dir='ltr'>scortationes</span> <span class='ocrx_word' id='word_1_410' title='bbox 1152 3586 1347 3662; x_wconf 82' lang='lat' dir='ltr'>vindicaret,</span> <span class='ocrx_word' id='word_1_411' title='bbox 1377 3586 1417 3650; x_wconf 94' lang='lat' dir='ltr'>de</span> <span class='ocrx_word' id='word_1_412' title='bbox 1470 3591 1626 3650; x_wconf 67' lang='lat' dir='ltr'>cumane</span> <span class='ocrx_word' id='word_1_413' title='bbox 1652 3606 1714 3649; x_wconf 85' lang='lat' dir='ltr'>nan</span> <span class='ocrx_word' id='word_1_414' title='bbox 1741 3587 1988 3666; x_wconf 82' lang='lat' dir='ltr'>intempestivum</span> <span class='ocrx_word' id='word_1_415' title='bbox 2010 3587 2081 3665; x_wconf 83' lang='lat' dir='ltr'>erit,</span> <span class='ocrx_word' id='word_1_416' title='bbox 2113 3592 2149 3651; x_wconf 92' lang='lat' dir='ltr'>ut</span> <span class='ocrx_word' id='word_1_417' title='bbox 2169 3592 2333 3669; x_wconf 80' lang='lat' dir='ltr'>appareat,</span> <span class='ocrx_word' id='word_1_418' title='bbox 2355 3609 2449 3653; x_wconf 78' lang='lat' dir='ltr'>muri-</span> 
     </span>
     <span class='ocr_line' id='line_1_34' title="bbox 371 3670 2448 3753; baseline 0.002 -20"><span class='ocrx_word' id='word_1_419' title='bbox 371 3699 375 3717; x_wconf 90' lang='lat'><strong>·</strong></span> <span class='ocrx_word' id='word_1_420' title='bbox 441 3670 482 3734; x_wconf 90' lang='lat' dir='ltr'>iis</span> <span class='ocrx_word' id='word_1_421' title='bbox 504 3671 559 3752; x_wconf 92' lang='lat' dir='ltr'>qui</span> <span class='ocrx_word' id='word_1_422' title='bbox 581 3672 827 3736; x_wconf 89' lang='lat' dir='ltr'>matrimonium</span> <span class='ocrx_word' id='word_1_423' title='bbox 855 3674 1087 3737; x_wconf 89' lang='lat' dir='ltr'>contraherent</span> <span class='ocrx_word' id='word_1_424' title='bbox 1114 3674 1179 3738; x_wconf 77' lang='lat' dir='ltr'>hoo&#39;</span> <span class='ocrx_word' id='word_1_425' title='bbox 1198 3679 1327 3736; x_wconf 89' lang='lat' dir='ltr'>tantum</span> <span class='ocrx_word' id='word_1_426' title='bbox 1351 3680 1417 3737; x_wconf 86' lang='lat' dir='ltr'>sta·</span> <span class='ocrx_word' id='word_1_427' title='bbox 1469 3672 1546 3736; x_wconf 89' lang='lat' dir='ltr'>dum</span> <span class='ocrx_word' id='word_1_428' title='bbox 1561 3691 1623 3750; x_wconf 81' lang='lat' dir='ltr'>pro</span> <span class='ocrx_word' id='word_1_429' title='bbox 1644 3672 1762 3753; x_wconf 80' lang='lat' dir='ltr'>inpenii</span> <span class='ocrx_word' id='word_1_430' title='bbox 1782 3674 1836 3736; x_wconf 87' lang='lat' dir='ltr'>sui</span> <span class='ocrx_word' id='word_1_431' title='bbox 1851 3673 2024 3752; x_wconf 67' lang='lat' dir='ltr'>maedam,</span> <span class='ocrx_word' id='word_1_432' title='bbox 2051 3673 2165 3752; x_wconf 87' lang='lat' dir='ltr'>quibus</span> <span class='ocrx_word' id='word_1_433' title='bbox 2184 3675 2288 3753; x_wconf 80' lang='lat' dir='ltr'>potnit</span> <span class='ocrx_word' id='word_1_434' title='bbox 2308 3674 2448 3738; x_wconf 69' lang='lat' dir='ltr'>obstamu-</span> 
     </span>
     <span class='ocr_line' id='line_1_35' title="bbox 443 3753 2449 3841; baseline 0.003 -23"><span class='ocrx_word' id='word_1_435' title='bbox 443 3756 556 3820; x_wconf 90' lang='lat' dir='ltr'>tuebat</span> <span class='ocrx_word' id='word_1_436' title='bbox 577 3764 615 3820; x_wconf 93' lang='lat' dir='ltr'>nt</span> <span class='ocrx_word' id='word_1_437' title='bbox 636 3780 656 3821; x_wconf 88' lang='lat' dir='ltr'>a</span> <span class='ocrx_word' id='word_1_438' title='bbox 675 3758 843 3822; x_wconf 78' lang='lat' dir='ltr'>functione</span> <span class='ocrx_word' id='word_1_439' title='bbox 866 3758 1124 3841; x_wconf 84' lang='lat' dir='ltr'>supersederent.</span> <span class='ocrx_word' id='word_1_440' title='bbox 1469 3757 1512 3820; x_wconf 90' lang='lat' dir='ltr'>lis</span> <span class='ocrx_word' id='word_1_441' title='bbox 1532 3776 1651 3839; x_wconf 78' lang='lat' dir='ltr'>semper</span> <span class='ocrx_word' id='word_1_442' title='bbox 1671 3753 1852 3822; x_wconf 73' lang='lat' dir='ltr'>autumem</span> <span class='ocrx_word' id='word_1_443' title='bbox 1879 3758 2030 3839; x_wconf 83' lang='lat' dir='ltr'>repulisse</span> <span class='ocrx_word' id='word_1_444' title='bbox 2056 3757 2168 3838; x_wconf 85' lang='lat' dir='ltr'>quibus</span> <span class='ocrx_word' id='word_1_445' title='bbox 2196 3759 2238 3822; x_wconf 85' lang='lat' dir='ltr'>ad</span> <span class='ocrx_word' id='word_1_446' title='bbox 2264 3759 2371 3833; x_wconf 81' lang='lat' dir='ltr'>Deum</span> <span class='ocrx_word' id='word_1_447' title='bbox 2393 3758 2449 3824; x_wconf 87' lang='lat' dir='ltr'>ad-</span> 
     </span>
    </p>

    <p class='ocr_par' dir='ltr' id='par_1_3' title="bbox 440 3842 2450 4357">
     <span class='ocr_line' id='line_1_36' title="bbox 530 3842 2450 3926; baseline 0.004 -24"><span class='ocrx_word' id='word_1_448' title='bbox 530 3845 579 3904; x_wconf 82' lang='lat'>28.</span> <span class='ocrx_word' id='word_1_449' title='bbox 634 3843 724 3925; x_wconf 81' lang='lat' dir='ltr'>Ergo</span> <span class='ocrx_word' id='word_1_450' title='bbox 757 3845 881 3925; x_wconf 81' lang='lat' dir='ltr'>quotics</span> <span class='ocrx_word' id='word_1_451' title='bbox 920 3845 1093 3909; x_wconf 89' lang='lat' dir='ltr'>caelibatui</span> <span class='ocrx_word' id='word_1_452' title='bbox 1124 3865 1182 3909; x_wconf 92' lang='lat' dir='ltr'>suo</span> <span class='ocrx_word' id='word_1_453' title='bbox 1215 3843 1418 3909; x_wconf 83' lang='lat' dir='ltr'>defendendo</span> <span class='ocrx_word' id='word_1_454' title='bbox 1469 3843 1543 3909; x_wconf 88' lang='lat' dir='ltr'>duci</span> <span class='ocrx_word' id='word_1_455' title='bbox 1563 3842 1716 3907; x_wconf 83' lang='lat' dir='ltr'>debuerat.</span> <span class='ocrx_word' id='word_1_456' title='bbox 1762 3843 1954 3923; x_wconf 77' lang='lat' dir='ltr'>Pomaque</span> <span class='ocrx_word' id='word_1_457' title='bbox 1975 3845 2086 3908; x_wconf 88' lang='lat' dir='ltr'>melius</span> <span class='ocrx_word' id='word_1_458' title='bbox 2099 3849 2209 3926; x_wconf 72' lang='lat' dir='ltr'>patera</span> <span class='ocrx_word' id='word_1_459' title='bbox 2223 3847 2450 3925; x_wconf 71' lang='lat' dir='ltr'>pravissimam</span> 
     </span>
     <span class='ocr_line' id='line_1_37' title="bbox 443 3929 2450 4014; baseline 0.003 -24"><span class='ocrx_word' id='word_1_460' title='bbox 443 3934 651 4010; x_wconf 80' lang='lat' dir='ltr'>praetextum</span> <span class='ocrx_word' id='word_1_461' title='bbox 683 3930 885 4010; x_wconf 87' lang='lat' dir='ltr'>antiquitatis</span> <span class='ocrx_word' id='word_1_462' title='bbox 906 3936 1075 4011; x_wconf 83' lang='lat' dir='ltr'>quaerent</span> <span class='ocrx_word' id='word_1_463' title='bbox 1106 3950 1210 3994; x_wconf 85' lang='lat' dir='ltr'>novae</span> <span class='ocrx_word' id='word_1_464' title='bbox 1243 3930 1338 3994; x_wconf 90' lang='lat' dir='ltr'>istius</span> <span class='ocrx_word' id='word_1_465' title='bbox 1365 3936 1418 4014; x_wconf 87' lang='lat' dir='ltr'>ty-</span> <span class='ocrx_word' id='word_1_466' title='bbox 1464 3929 1637 4011; x_wconf 84' lang='lat' dir='ltr'>perniciem</span> <span class='ocrx_word' id='word_1_467' title='bbox 1664 3949 1703 3993; x_wconf 76' lang='lat' dir='ltr'>ea</span> <span class='ocrx_word' id='word_1_468' title='bbox 1724 3930 1803 3993; x_wconf 83' lang='lat' dir='ltr'>cotis</span> <span class='ocrx_word' id='word_1_469' title='bbox 1824 3931 1975 3994; x_wconf 85' lang='lat' dir='ltr'>invectam</span> <span class='ocrx_word' id='word_1_470' title='bbox 1998 3951 2077 4007; x_wconf 81' lang='lat' dir='ltr'>asse,</span> <span class='ocrx_word' id='word_1_471' title='bbox 2094 3931 2262 4012; x_wconf 82' lang='lat' dir='ltr'>principia</span> <span class='ocrx_word' id='word_1_472' title='bbox 2283 3933 2351 3995; x_wconf 88' lang='lat' dir='ltr'>iam</span> <span class='ocrx_word' id='word_1_473' title='bbox 2378 3936 2450 3996; x_wconf 87' lang='lat' dir='ltr'>ante</span> 
     </span>
     <span class='ocr_line' id='line_1_38' title="bbox 442 4011 2446 4099; baseline 0.001 -22"><span class='ocrx_word' id='word_1_474' title='bbox 442 4011 592 4077; x_wconf 87' lang='lat' dir='ltr'>rannidis</span> <span class='ocrx_word' id='word_1_475' title='bbox 619 4011 818 4093; x_wconf 90' lang='lat' dir='ltr'>defensores,</span> <span class='ocrx_word' id='word_1_476' title='bbox 848 4017 943 4081; x_wconf 89' lang='lat' dir='ltr'>toties</span> <span class='ocrx_word' id='word_1_477' title='bbox 966 4015 1196 4099; x_wconf 84' lang='lat' dir='ltr'>excipiendum</span> <span class='ocrx_word' id='word_1_478' title='bbox 1219 4016 1282 4079; x_wconf 89' lang='lat' dir='ltr'>erit</span> <span class='ocrx_word' id='word_1_479' title='bbox 1302 4024 1340 4080; x_wconf 90' lang='lat' dir='ltr'>ut</span> <span class='ocrx_word' id='word_1_480' title='bbox 1360 4037 1417 4080; x_wconf 88' lang='lat' dir='ltr'>ve·</span> <span class='ocrx_word' id='word_1_481' title='bbox 1465 4014 1574 4098; x_wconf 80' lang='lat' dir='ltr'>posita</span> <span class='ocrx_word' id='word_1_482' title='bbox 1612 4019 1731 4078; x_wconf 80' lang='lat' dir='ltr'>teneam</span> <span class='ocrx_word' id='word_1_483' title='bbox 1769 4015 1900 4080; x_wconf 88' lang='lat' dir='ltr'>lectores.</span> <span class='ocrx_word' id='word_1_484' title='bbox 1954 4015 2135 4081; x_wconf 90' lang='lat' dir='ltr'>Docuimus</span> <span class='ocrx_word' id='word_1_485' title='bbox 2168 4019 2256 4081; x_wconf 92' lang='lat' dir='ltr'>enim</span> <span class='ocrx_word' id='word_1_486' title='bbox 2288 4017 2446 4099; x_wconf 88' lang='lat' dir='ltr'>primum,</span> 
     </span>
     <span class='ocr_line' id='line_1_39' title="bbox 442 4098 2448 4184; baseline 0.002 -22"><span class='ocrx_word' id='word_1_487' title='bbox 442 4105 548 4163; x_wconf 90' lang='lat' dir='ltr'>terem</span> <span class='ocrx_word' id='word_1_488' title='bbox 569 4098 660 4162; x_wconf 89' lang='lat' dir='ltr'>illam</span> <span class='ocrx_word' id='word_1_489' title='bbox 682 4101 908 4166; x_wconf 90' lang='lat' dir='ltr'>castimoniam</span> <span class='ocrx_word' id='word_1_490' title='bbox 930 4102 966 4165; x_wconf 91' lang='lat' dir='ltr'>in</span> <span class='ocrx_word' id='word_1_491' title='bbox 987 4101 1055 4166; x_wconf 91' lang='lat' dir='ltr'>suis</span> <span class='ocrx_word' id='word_1_492' title='bbox 1077 4100 1299 4167; x_wconf 89' lang='lat' dir='ltr'>sacerdotibus</span> <span class='ocrx_word' id='word_1_493' title='bbox 1321 4102 1418 4166; x_wconf 90' lang='lat' dir='ltr'>resti·</span> <span class='ocrx_word' id='word_1_494' title='bbox 1470 4098 1628 4183; x_wconf 89' lang='lat' dir='ltr'>quidquid</span> <span class='ocrx_word' id='word_1_495' title='bbox 1650 4098 1692 4165; x_wconf 90' lang='lat' dir='ltr'>ad</span> <span class='ocrx_word' id='word_1_496' title='bbox 1713 4101 1816 4165; x_wconf 89' lang='lat' dir='ltr'>vitam</span> <span class='ocrx_word' id='word_1_497' title='bbox 1834 4103 1887 4183; x_wconf 90' lang='lat' dir='ltr'>pie</span> <span class='ocrx_word' id='word_1_498' title='bbox 1910 4109 2083 4184; x_wconf 86' lang='lat' dir='ltr'>sanctoque</span> <span class='ocrx_word' id='word_1_499' title='bbox 2102 4102 2338 4167; x_wconf 88' lang='lat' dir='ltr'>instituendam</span> <span class='ocrx_word' id='word_1_500' title='bbox 2360 4102 2448 4167; x_wconf 93' lang='lat' dir='ltr'>desi-</span> 
     </span>
     <span class='ocr_line' id='line_1_40' title="bbox 440 4185 2449 4270; baseline 0.001 -21"><span class='ocrx_word' id='word_1_501' title='bbox 440 4191 549 4263; x_wconf 91' lang='lat' dir='ltr'>tuant,</span> <span class='ocrx_word' id='word_1_502' title='bbox 578 4192 750 4269; x_wconf 73' lang='lat' dir='ltr'>amoveant</span> <span class='ocrx_word' id='word_1_503' title='bbox 777 4186 945 4250; x_wconf 90' lang='lat' dir='ltr'>adulteros</span> <span class='ocrx_word' id='word_1_504' title='bbox 973 4207 1010 4252; x_wconf 86' lang='lat' dir='ltr'>ac</span> <span class='ocrx_word' id='word_1_505' title='bbox 1040 4195 1248 4253; x_wconf 87' lang='lat' dir='ltr'>scortatores:</span> <span class='ocrx_word' id='word_1_506' title='bbox 1284 4209 1326 4252; x_wconf 90' lang='lat' dir='ltr'>ne</span> <span class='ocrx_word' id='word_1_507' title='bbox 1354 4208 1417 4265; x_wconf 90' lang='lat' dir='ltr'>eos,</span> <span class='ocrx_word' id='word_1_508' title='bbox 1470 4185 1579 4250; x_wconf 91' lang='lat' dir='ltr'>derari</span> <span class='ocrx_word' id='word_1_509' title='bbox 1600 4193 1719 4269; x_wconf 89' lang='lat' dir='ltr'>potest,</span> <span class='ocrx_word' id='word_1_510' title='bbox 1742 4187 1779 4249; x_wconf 92' lang='lat' dir='ltr'>in</span> <span class='ocrx_word' id='word_1_511' title='bbox 1797 4188 1870 4270; x_wconf 83' lang='lat' dir='ltr'>lege</span> <span class='ocrx_word' id='word_1_512' title='bbox 1892 4209 1963 4252; x_wconf 90' lang='lat' dir='ltr'>esse</span> <span class='ocrx_word' id='word_1_513' title='bbox 1992 4188 2272 4270; x_wconf 89' lang='lat' dir='ltr'>comprehensum.</span> <span class='ocrx_word' id='word_1_514' title='bbox 2322 4189 2449 4253; x_wconf 92' lang='lat' dir='ltr'>Docui-</span> 
     </span>
     <span class='ocr_line' id='line_1_41' title="bbox 443 4268 2449 4357; baseline 0.001 -22"><span class='ocrx_word' id='word_1_515' title='bbox 443 4268 621 4352; x_wconf 90' lang='lat' dir='ltr'>inquibus</span> <span class='ocrx_word' id='word_1_516' title='bbox 654 4271 831 4336; x_wconf 89' lang='lat' dir='ltr'>honestmn</span> <span class='ocrx_word' id='word_1_517' title='bbox 863 4293 901 4336; x_wconf 90' lang='lat' dir='ltr'>ac</span> <span class='ocrx_word' id='word_1_518' title='bbox 930 4272 1084 4354; x_wconf 90' lang='lat' dir='ltr'>pudicum</span> <span class='ocrx_word' id='word_1_519' title='bbox 1117 4272 1204 4337; x_wconf 89' lang='lat' dir='ltr'>thori</span> <span class='ocrx_word' id='word_1_520' title='bbox 1225 4294 1323 4337; x_wconf 91' lang='lat' dir='ltr'>usum</span> <span class='ocrx_word' id='word_1_521' title='bbox 1351 4294 1419 4337; x_wconf 89' lang='lat' dir='ltr'>non</span> <span class='ocrx_word' id='word_1_522' title='bbox 1470 4294 1544 4337; x_wconf 92' lang='lat' dir='ltr'>mus</span> <span class='ocrx_word' id='word_1_523' title='bbox 1570 4292 1685 4337; x_wconf 86' lang='lat' dir='ltr'>rursus</span> <span class='ocrx_word' id='word_1_524' title='bbox 1712 4271 1910 4352; x_wconf 90' lang='lat' dir='ltr'>Dominum,</span> <span class='ocrx_word' id='word_1_525' title='bbox 1938 4295 2001 4356; x_wconf 91' lang='lat' dir='ltr'>quo</span> <span class='ocrx_word' id='word_1_526' title='bbox 2023 4275 2140 4338; x_wconf 91' lang='lat' dir='ltr'>melius</span> <span class='ocrx_word' id='word_1_527' title='bbox 2169 4296 2229 4338; x_wconf 92' lang='lat' dir='ltr'>nos</span> <span class='ocrx_word' id='word_1_528' title='bbox 2251 4272 2292 4338; x_wconf 94' lang='lat' dir='ltr'>ab</span> <span class='ocrx_word' id='word_1_529' title='bbox 2313 4275 2449 4357; x_wconf 80' lang='lat' dir='ltr'>excogi-</span> 
     </span>
    </p>
   </div>
   <div class='ocr_carea' id='block_1_3' title="bbox 305 4356 2449 4441">
    <p class='ocr_par' dir='ltr' id='par_1_4' title="bbox 305 4356 2449 4441">
     <span class='ocr_line' id='line_1_42' title="bbox 305 4356 2449 4441; baseline 0 -19"><span class='ocrx_word' id='word_1_530' title='bbox 305 4366 307 4368; x_wconf 76' lang='grc'><strong>’</strong></span> <span class='ocrx_word' id='word_1_531' title='bbox 354 4377 355 4380; x_wconf 72' lang='grc'>’</span> <span class='ocrx_word' id='word_1_532' title='bbox 441 4356 622 4433; x_wconf 88' lang='lat' dir='ltr'>sustinent,</span> <span class='ocrx_word' id='word_1_533' title='bbox 655 4358 691 4421; x_wconf 90' lang='lat' dir='ltr'>in</span> <span class='ocrx_word' id='word_1_534' title='bbox 723 4378 818 4421; x_wconf 91' lang='lat' dir='ltr'>omne</span> <span class='ocrx_word' id='word_1_535' title='bbox 852 4357 996 4422; x_wconf 89' lang='lat' dir='ltr'>libidinis</span> <span class='ocrx_word' id='word_1_536' title='bbox 1027 4379 1132 4441; x_wconf 81' lang='lat' dir='ltr'>genus</span> <span class='ocrx_word' id='word_1_537' title='bbox 1160 4360 1295 4440; x_wconf 90' lang='lat' dir='ltr'>impune</span> <span class='ocrx_word' id='word_1_538' title='bbox 1323 4378 1419 4423; x_wconf 90' lang='lat' dir='ltr'>ruere</span> <span class='ocrx_word' id='word_1_539' title='bbox 1471 4356 1581 4423; x_wconf 87' lang='lat' dir='ltr'>tandis</span> <span class='ocrx_word' id='word_1_540' title='bbox 1603 4359 1697 4423; x_wconf 88' lang='lat' dir='ltr'>novis</span> <span class='ocrx_word' id='word_1_541' title='bbox 1719 4360 1870 4441; x_wconf 90' lang='lat' dir='ltr'>operibus</span> <span class='ocrx_word' id='word_1_542' title='bbox 1893 4367 2052 4436; x_wconf 88' lang='lat' dir='ltr'>avocaret,</span> <span class='ocrx_word' id='word_1_543' title='bbox 2076 4368 2179 4423; x_wconf 91' lang='lat' dir='ltr'>totam</span> <span class='ocrx_word' id='word_1_544' title='bbox 2201 4359 2343 4423; x_wconf 88' lang='lat' dir='ltr'>iustitiae</span> <span class='ocrx_word' id='word_1_545' title='bbox 2371 4359 2449 4423; x_wconf 92' lang='lat' dir='ltr'>lau·</span> 
     </span>
    </p>
   </div>
   <div class='ocr_carea' id='block_1_4' title="bbox 442 4441 2475 5555">
    <p class='ocr_par' dir='ltr' id='par_1_5' title="bbox 442 4441 2475 5470">
     <span class='ocr_line' id='line_1_43' title="bbox 442 4441 2449 4527; baseline 0.001 -21"><span class='ocrx_word' id='word_1_546' title='bbox 442 4443 566 4520; x_wconf 81' lang='lat' dir='ltr'>sinant3</span> <span class='ocrx_word' id='word_1_547' title='bbox 597 4450 752 4508; x_wconf 85' lang='lat' dir='ltr'>revocent</span> <span class='ocrx_word' id='word_1_548' title='bbox 785 4444 876 4507; x_wconf 92' lang='lat' dir='ltr'>illam</span> <span class='ocrx_word' id='word_1_549' title='bbox 902 4441 1080 4508; x_wconf 88' lang='lat' dir='ltr'>obsoletam</span> <span class='ocrx_word' id='word_1_550' title='bbox 1108 4442 1326 4526; x_wconf 90' lang='lat' dir='ltr'>disciplinam,</span> <span class='ocrx_word' id='word_1_551' title='bbox 1355 4465 1420 4526; x_wconf 91' lang='lat' dir='ltr'>qua</span> <span class='ocrx_word' id='word_1_552' title='bbox 1472 4442 1548 4508; x_wconf 92' lang='lat' dir='ltr'>dem</span> <span class='ocrx_word' id='word_1_553' title='bbox 1575 4445 1611 4507; x_wconf 93' lang='lat' dir='ltr'>in</span> <span class='ocrx_word' id='word_1_554' title='bbox 1639 4444 1779 4527; x_wconf 83' lang='lat' dir='ltr'>simplici</span> <span class='ocrx_word' id='word_1_555' title='bbox 1807 4446 1985 4510; x_wconf 83' lang='lat' dir='ltr'>voluntatis</span> <span class='ocrx_word' id='word_1_556' title='bbox 2015 4465 2093 4510; x_wconf 89' lang='lat' dir='ltr'>snae</span> <span class='ocrx_word' id='word_1_557' title='bbox 2123 4445 2307 4510; x_wconf 89' lang='lat' dir='ltr'>obedientia</span> <span class='ocrx_word' id='word_1_558' title='bbox 2338 4443 2449 4509; x_wconf 89' lang='lat' dir='ltr'>inelu-</span> 
     </span>
     <span class='ocr_line' id='line_1_44' title="bbox 445 4528 2447 4612; baseline 0.001 -20"><span class='ocrx_word' id='word_1_559' title='bbox 445 4549 557 4593; x_wconf 90' lang='lat' dir='ltr'>omnos</span> <span class='ocrx_word' id='word_1_560' title='bbox 579 4528 732 4593; x_wconf 85' lang='lat' dir='ltr'>lasciviae</span> <span class='ocrx_word' id='word_1_561' title='bbox 754 4536 965 4594; x_wconf 89' lang='lat' dir='ltr'>coerceantur</span> <span class='ocrx_word' id='word_1_562' title='bbox 972 4553 980 4608; x_wconf 93' lang='lat'>;</span> <span class='ocrx_word' id='word_1_563' title='bbox 1004 4530 1145 4594; x_wconf 90' lang='lat' dir='ltr'>liberent</span> <span class='ocrx_word' id='word_1_564' title='bbox 1166 4529 1335 4595; x_wconf 85' lang='lat' dir='ltr'>ecclesiam</span> <span class='ocrx_word' id='word_1_565' title='bbox 1358 4530 1420 4595; x_wconf 94' lang='lat' dir='ltr'>hac</span> <span class='ocrx_word' id='word_1_566' title='bbox 1471 4530 1560 4594; x_wconf 89' lang='lat' dir='ltr'>sisse.</span> <span class='ocrx_word' id='word_1_567' title='bbox 1604 4529 1698 4594; x_wconf 89' lang='lat' dir='ltr'>Haec</span> <span class='ocrx_word' id='word_1_568' title='bbox 1729 4531 1758 4595; x_wconf 93' lang='lat' dir='ltr'>si</span> <span class='ocrx_word' id='word_1_569' title='bbox 1789 4552 1869 4595; x_wconf 88' lang='lat' dir='ltr'>vera</span> <span class='ocrx_word' id='word_1_570' title='bbox 1890 4538 1983 4608; x_wconf 90' lang='lat' dir='ltr'>sunt,</span> <span class='ocrx_word' id='word_1_571' title='bbox 2011 4531 2155 4595; x_wconf 91' lang='lat' dir='ltr'>iudicare</span> <span class='ocrx_word' id='word_1_572' title='bbox 2176 4537 2364 4612; x_wconf 93' lang='lat' dir='ltr'>promptum</span> <span class='ocrx_word' id='word_1_573' title='bbox 2387 4542 2447 4609; x_wconf 91' lang='lat' dir='ltr'>est,</span> 
     </span>
     <span class='ocr_line' id='line_1_45' title="bbox 444 4613 2475 4698; baseline -0.002 -20"><span class='ocrx_word' id='word_1_574' title='bbox 444 4620 516 4679; x_wconf 89' lang='lat' dir='ltr'>tam</span> <span class='ocrx_word' id='word_1_575' title='bbox 547 4615 709 4698; x_wconf 83' lang='lat' dir='ltr'>flagitiosa</span> <span class='ocrx_word' id='word_1_576' title='bbox 738 4615 960 4697; x_wconf 86' lang='lat' dir='ltr'>turpitudine,</span> <span class='ocrx_word' id='word_1_577' title='bbox 992 4636 1057 4697; x_wconf 90' lang='lat' dir='ltr'>qua</span> <span class='ocrx_word' id='word_1_578' title='bbox 1088 4615 1211 4679; x_wconf 91' lang='lat' dir='ltr'>iamdiu</span> <span class='ocrx_word' id='word_1_579' title='bbox 1239 4613 1421 4681; x_wconf 78' lang='lat' dir='ltr'>deformata</span> <span class='ocrx_word' id='word_1_580' title='bbox 1471 4616 1601 4680; x_wconf 91' lang='lat' dir='ltr'>fictitios</span> <span class='ocrx_word' id='word_1_581' title='bbox 1623 4636 1735 4680; x_wconf 90' lang='lat' dir='ltr'>omnes</span> <span class='ocrx_word' id='word_1_582' title='bbox 1757 4617 1874 4693; x_wconf 91' lang='lat' dir='ltr'>cultus,</span> <span class='ocrx_word' id='word_1_583' title='bbox 1898 4637 1980 4698; x_wconf 90' lang='lat' dir='ltr'>quos</span> <span class='ocrx_word' id='word_1_584' title='bbox 2001 4616 2095 4680; x_wconf 90' lang='lat' dir='ltr'>nobis</span> <span class='ocrx_word' id='word_1_585' title='bbox 2117 4616 2178 4697; x_wconf 92' lang='lat' dir='ltr'>ipsi</span> <span class='ocrx_word' id='word_1_586' title='bbox 2197 4615 2239 4680; x_wconf 91' lang='lat' dir='ltr'>ad</span> <span class='ocrx_word' id='word_1_587' title='bbox 2256 4636 2475 4697; x_wconf 68' lang='lat' dir='ltr'>promerem.</span> 
     </span>
     <span class='ocr_line' id='line_1_46' title="bbox 445 4699 2448 4785; baseline 0.001 -21"><span class='ocrx_word' id='word_1_588' title='bbox 445 4707 506 4764; x_wconf 91' lang='lat' dir='ltr'>est.</span> <span class='ocrx_word' id='word_1_589' title='bbox 554 4700 621 4766; x_wconf 91' lang='lat' dir='ltr'>Ubi</span> <span class='ocrx_word' id='word_1_590' title='bbox 646 4700 710 4764; x_wconf 92' lang='lat' dir='ltr'>hoc</span> <span class='ocrx_word' id='word_1_591' title='bbox 731 4702 963 4779; x_wconf 89' lang='lat' dir='ltr'>concesserint,</span> <span class='ocrx_word' id='word_1_592' title='bbox 991 4708 1064 4764; x_wconf 92' lang='lat' dir='ltr'>tum</span> <span class='ocrx_word' id='word_1_593' title='bbox 1085 4723 1199 4766; x_wconf 89' lang='lat' dir='ltr'>rursus</span> <span class='ocrx_word' id='word_1_594' title='bbox 1222 4699 1420 4766; x_wconf 90' lang='lat' dir='ltr'>admonendi</span> <span class='ocrx_word' id='word_1_595' title='bbox 1472 4700 1551 4765; x_wconf 93' lang='lat' dir='ltr'>dum</span> <span class='ocrx_word' id='word_1_596' title='bbox 1572 4702 1683 4766; x_wconf 92' lang='lat' dir='ltr'>Deum</span> <span class='ocrx_word' id='word_1_597' title='bbox 1705 4702 1990 4778; x_wconf 84' lang='lat' dir='ltr'>comminiscimur,</span> <span class='ocrx_word' id='word_1_598' title='bbox 2014 4701 2147 4766; x_wconf 91' lang='lat' dir='ltr'>minime</span> <span class='ocrx_word' id='word_1_599' title='bbox 2170 4723 2240 4767; x_wconf 92' lang='lat' dir='ltr'>esse</span> <span class='ocrx_word' id='word_1_600' title='bbox 2261 4702 2310 4765; x_wconf 92' lang='lat' dir='ltr'>illi</span> <span class='ocrx_word' id='word_1_601' title='bbox 2332 4721 2448 4785; x_wconf 85' lang='lat' dir='ltr'>accep·</span> 
     </span>
     <span class='ocr_line' id='line_1_47' title="bbox 446 4786 2448 4870; baseline 0 -21"><span class='ocrx_word' id='word_1_602' title='bbox 446 4792 545 4849; x_wconf 91' lang='lat' dir='ltr'>erunt</span> <span class='ocrx_word' id='word_1_603' title='bbox 572 4806 615 4848; x_wconf 93' lang='lat' dir='ltr'>ne</span> <span class='ocrx_word' id='word_1_604' title='bbox 649 4806 722 4849; x_wconf 90' lang='lat' dir='ltr'>eam</span> <span class='ocrx_word' id='word_1_605' title='bbox 749 4808 819 4851; x_wconf 92' lang='lat' dir='ltr'>rem</span> <span class='ocrx_word' id='word_1_606' title='bbox 846 4806 906 4868; x_wconf 91' lang='lat' dir='ltr'>pro</span> <span class='ocrx_word' id='word_1_607' title='bbox 925 4788 1107 4852; x_wconf 89' lang='lat' dir='ltr'>necessaria</span> <span class='ocrx_word' id='word_1_608' title='bbox 1128 4786 1312 4865; x_wconf 90' lang='lat' dir='ltr'>venditent,</span> <span class='ocrx_word' id='word_1_609' title='bbox 1335 4809 1419 4869; x_wconf 90' lang='lat' dir='ltr'>qnae</span> <span class='ocrx_word' id='word_1_610' title='bbox 1471 4795 1532 4865; x_wconf 92' lang='lat' dir='ltr'>tos,</span> <span class='ocrx_word' id='word_1_611' title='bbox 1555 4787 1765 4870; x_wconf 90' lang='lat' dir='ltr'>quantumvis</span> <span class='ocrx_word' id='word_1_612' title='bbox 1787 4786 1880 4852; x_wconf 91' lang='lat' dir='ltr'>nobis</span> <span class='ocrx_word' id='word_1_613' title='bbox 1902 4787 2075 4853; x_wconf 89' lang='lat' dir='ltr'>arrideant.</span> <span class='ocrx_word' id='word_1_614' title='bbox 2110 4788 2156 4851; x_wconf 88' lang='lat' dir='ltr'>Et</span> <span class='ocrx_word' id='word_1_615' title='bbox 2177 4795 2264 4853; x_wconf 89' lang='lat' dir='ltr'>certe</span> <span class='ocrx_word' id='word_1_616' title='bbox 2281 4786 2448 4851; x_wconf 89' lang='lat' dir='ltr'>Dominus</span> 
     </span>
     <span class='ocr_line' id='line_1_48' title="bbox 446 4870 2446 4956; baseline 0.001 -22"><span class='ocrx_word' id='word_1_617' title='bbox 446 4891 507 4953; x_wconf 91' lang='lat' dir='ltr'>per</span> <span class='ocrx_word' id='word_1_618' title='bbox 535 4891 569 4934; x_wconf 91' lang='lat' dir='ltr'>se</span> <span class='ocrx_word' id='word_1_619' title='bbox 597 4870 700 4935; x_wconf 89' lang='lat' dir='ltr'>libera</span> <span class='ocrx_word' id='word_1_620' title='bbox 722 4894 763 4936; x_wconf 86' lang='lat' dir='ltr'>ex</span> <span class='ocrx_word' id='word_1_621' title='bbox 791 4872 945 4938; x_wconf 89' lang='lat' dir='ltr'>eeclesiae</span> <span class='ocrx_word' id='word_1_622' title='bbox 968 4872 1110 4937; x_wconf 90' lang='lat' dir='ltr'>utilitate</span> <span class='ocrx_word' id='word_1_623' title='bbox 1131 4872 1259 4955; x_wconf 87' lang='lat' dir='ltr'>pendet</span> <span class='ocrx_word' id='word_1_624' title='bbox 1304 4873 1419 4956; x_wconf 91' lang='lat' dir='ltr'>Neque</span> <span class='ocrx_word' id='word_1_625' title='bbox 1471 4873 1540 4955; x_wconf 91' lang='lat' dir='ltr'>ipse</span> <span class='ocrx_word' id='word_1_626' title='bbox 1574 4872 1687 4936; x_wconf 91' lang='lat' dir='ltr'>multis</span> <span class='ocrx_word' id='word_1_627' title='bbox 1720 4872 1799 4938; x_wconf 91' lang='lat' dir='ltr'>locis</span> <span class='ocrx_word' id='word_1_628' title='bbox 1826 4893 1894 4936; x_wconf 93' lang='lat' dir='ltr'>non</span> <span class='ocrx_word' id='word_1_629' title='bbox 1921 4879 2052 4936; x_wconf 87' lang='lat' dir='ltr'>tantum</span> <span class='ocrx_word' id='word_1_630' title='bbox 2084 4882 2195 4955; x_wconf 90' lang='lat' dir='ltr'>aperte</span> <span class='ocrx_word' id='word_1_631' title='bbox 2224 4894 2278 4937; x_wconf 90' lang='lat' dir='ltr'>eos</span> <span class='ocrx_word' id='word_1_632' title='bbox 2308 4873 2446 4954; x_wconf 89' lang='lat' dir='ltr'>respuit,</span> 
     </span>
     <span class='ocr_line' id='line_1_49' title="bbox 447 4955 2448 5040; baseline 0.004 -24"><span class='ocrx_word' id='word_1_633' title='bbox 447 4961 559 5018; x_wconf 88' lang='lat' dir='ltr'>tamen</span> <span class='ocrx_word' id='word_1_634' title='bbox 591 4955 673 5020; x_wconf 91' lang='lat' dir='ltr'>haec</span> <span class='ocrx_word' id='word_1_635' title='bbox 719 4956 790 5022; x_wconf 92' lang='lat' dir='ltr'>dico</span> <span class='ocrx_word' id='word_1_636' title='bbox 830 4957 915 5039; x_wconf 90' lang='lat' dir='ltr'>qnod</span> <span class='ocrx_word' id='word_1_637' title='bbox 957 4958 1026 5022; x_wconf 90' lang='lat' dir='ltr'>ulla</span> <span class='ocrx_word' id='word_1_638' title='bbox 1063 4958 1198 5022; x_wconf 91' lang='lat' dir='ltr'>omnino</span> <span class='ocrx_word' id='word_1_639' title='bbox 1236 4957 1421 5024; x_wconf 88' lang='lat' dir='ltr'>conditione</span> <span class='ocrx_word' id='word_1_640' title='bbox 1471 4957 1528 5022; x_wconf 90' lang='lat' dir='ltr'>sed</span> <span class='ocrx_word' id='word_1_641' title='bbox 1561 4957 1708 5040; x_wconf 82' lang='lat' dir='ltr'>graviter</span> <span class='ocrx_word' id='word_1_642' title='bbox 1739 4958 1954 5023; x_wconf 90' lang='lat' dir='ltr'>abominatur.</span> <span class='ocrx_word' id='word_1_643' title='bbox 1999 4959 2088 5024; x_wconf 92' lang='lat' dir='ltr'>Hinc</span> <span class='ocrx_word' id='word_1_644' title='bbox 2116 4959 2263 5023; x_wconf 78' lang='lat' dir='ltr'>exoritur</span> <span class='ocrx_word' id='word_1_645' title='bbox 2289 4957 2329 5022; x_wconf 93' lang='lat' dir='ltr'>de</span> <span class='ocrx_word' id='word_1_646' title='bbox 2359 4958 2448 5024; x_wconf 85' lang='lat' dir='ltr'>votis</span> 
     </span>
     <span class='ocr_line' id='line_1_50' title="bbox 448 5037 2445 5126; baseline 0.003 -24"><span class='ocrx_word' id='word_1_647' title='bbox 448 5037 594 5104; x_wconf 92' lang='lat' dir='ltr'>dandum</span> <span class='ocrx_word' id='word_1_648' title='bbox 615 5062 685 5106; x_wconf 90' lang='lat' dir='ltr'>esse</span> <span class='ocrx_word' id='word_1_649' title='bbox 706 5042 812 5108; x_wconf 89' lang='lat' dir='ltr'>locum</span> <span class='ocrx_word' id='word_1_650' title='bbox 834 5044 875 5108; x_wconf 92' lang='lat' dir='ltr'>iis</span> <span class='ocrx_word' id='word_1_651' title='bbox 898 5044 1076 5109; x_wconf 91' lang='lat' dir='ltr'>canonibus</span> <span class='ocrx_word' id='word_1_652' title='bbox 1097 5064 1256 5121; x_wconf 89' lang='lat' dir='ltr'>censeam,</span> <span class='ocrx_word' id='word_1_653' title='bbox 1275 5046 1329 5125; x_wconf 91' lang='lat' dir='ltr'>qui</span> <span class='ocrx_word' id='word_1_654' title='bbox 1347 5045 1419 5108; x_wconf 89' lang='lat' dir='ltr'>vin-</span> <span class='ocrx_word' id='word_1_655' title='bbox 1471 5042 1629 5107; x_wconf 90' lang='lat' dir='ltr'>dubitatio</span> <span class='ocrx_word' id='word_1_656' title='bbox 1651 5063 1735 5123; x_wconf 91' lang='lat' dir='ltr'>quae</span> <span class='ocrx_word' id='word_1_657' title='bbox 1756 5052 1887 5126; x_wconf 89' lang='lat' dir='ltr'>praeter</span> <span class='ocrx_word' id='word_1_658' title='bbox 1904 5064 2097 5126; x_wconf 84' lang='lat' dir='ltr'>expressum</span> <span class='ocrx_word' id='word_1_659' title='bbox 2113 5045 2177 5109; x_wconf 92' lang='lat' dir='ltr'>Dei</span> <span class='ocrx_word' id='word_1_660' title='bbox 2195 5045 2332 5108; x_wconf 85' lang='lat' dir='ltr'>verbnm</span> <span class='ocrx_word' id='word_1_661' title='bbox 2350 5045 2445 5122; x_wconf 85' lang='lat' dir='ltr'>fiunt,</span> 
     </span>
     <span class='ocr_line' id='line_1_51' title="bbox 446 5125 2448 5214; baseline 0.001 -23"><span class='ocrx_word' id='word_1_662' title='bbox 446 5125 557 5191; x_wconf 87' lang='lat' dir='ltr'>culum</span> <span class='ocrx_word' id='word_1_663' title='bbox 575 5126 761 5195; x_wconf 81' lang='lat' dir='ltr'>&#39;caelibatus</span> <span class='ocrx_word' id='word_1_664' title='bbox 789 5130 1005 5195; x_wconf 88' lang='lat' dir='ltr'>ecclesiastico</span> <span class='ocrx_word' id='word_1_665' title='bbox 1032 5129 1139 5194; x_wconf 91' lang='lat' dir='ltr'>ordini</span> <span class='ocrx_word' id='word_1_666' title='bbox 1165 5130 1333 5208; x_wconf 90' lang='lat' dir='ltr'>iniiciunt;</span> <span class='ocrx_word' id='word_1_667' title='bbox 1363 5129 1420 5194; x_wconf 92' lang='lat' dir='ltr'>sed</span> <span class='ocrx_word' id='word_1_668' title='bbox 1470 5150 1534 5211; x_wconf 92' lang='lat' dir='ltr'>quo</span> <span class='ocrx_word' id='word_1_669' title='bbox 1560 5128 1631 5192; x_wconf 90' lang='lat' dir='ltr'>loco</span> <span class='ocrx_word' id='word_1_670' title='bbox 1664 5128 1731 5192; x_wconf 90' lang='lat' dir='ltr'>sint</span> <span class='ocrx_word' id='word_1_671' title='bbox 1758 5129 1921 5209; x_wconf 88' lang='lat' dir='ltr'>habenda,</span> <span class='ocrx_word' id='word_1_672' title='bbox 1950 5151 1993 5194; x_wconf 91' lang='lat' dir='ltr'>an</span> <span class='ocrx_word' id='word_1_673' title='bbox 2023 5130 2207 5213; x_wconf 87' lang='lat' dir='ltr'>nuncupari</span> <span class='ocrx_word' id='word_1_674' title='bbox 2234 5131 2296 5194; x_wconf 91' lang='lat' dir='ltr'>rite</span> <span class='ocrx_word' id='word_1_675' title='bbox 2318 5131 2448 5214; x_wconf 87' lang='lat' dir='ltr'>possint</span> 
     </span>
     <span class='ocr_line' id='line_1_52' title="bbox 445 5211 2447 5300; baseline 0.001 -24"><span class='ocrx_word' id='word_1_676' title='bbox 445 5218 484 5276; x_wconf 89' lang='lat' dir='ltr'>ut</span> <span class='ocrx_word' id='word_1_677' title='bbox 514 5211 700 5295; x_wconf 85' lang='lat' dir='ltr'>intelligant</span> <span class='ocrx_word' id='word_1_678' title='bbox 732 5214 930 5280; x_wconf 84' lang='lat' dir='ltr'>cordatiores</span> <span class='ocrx_word' id='word_1_679' title='bbox 954 5237 1019 5299; x_wconf 89' lang='lat' dir='ltr'>qua</span> <span class='ocrx_word' id='word_1_680' title='bbox 1045 5217 1150 5280; x_wconf 88' lang='lat' dir='ltr'>fronte</span> <span class='ocrx_word' id='word_1_681' title='bbox 1179 5215 1289 5280; x_wconf 86' lang='lat' dir='ltr'>hostes</span> <span class='ocrx_word' id='word_1_682' title='bbox 1317 5217 1421 5279; x_wconf 91' lang='lat' dir='ltr'>nostri</span> <span class='ocrx_word' id='word_1_683' title='bbox 1471 5213 1511 5279; x_wconf 91' lang='lat' dir='ltr'>ab</span> <span class='ocrx_word' id='word_1_684' title='bbox 1539 5213 1726 5280; x_wconf 89' lang='lat' dir='ltr'>hominibus</span> <span class='ocrx_word' id='word_1_685' title='bbox 1756 5216 1958 5294; x_wconf 88' lang='lat' dir='ltr'>christianis,</span> <span class='ocrx_word' id='word_1_686' title='bbox 1987 5225 2022 5281; x_wconf 91' lang='lat' dir='ltr'>et</span> <span class='ocrx_word' id='word_1_687' title='bbox 2042 5225 2203 5300; x_wconf 90' lang='lat' dir='ltr'>quatenus</span> <span class='ocrx_word' id='word_1_688' title='bbox 2225 5237 2279 5281; x_wconf 91' lang='lat' dir='ltr'>eos</span> <span class='ocrx_word' id='word_1_689' title='bbox 2302 5217 2447 5281; x_wconf 88' lang='lat' dir='ltr'>obstrin-</span> 
     </span>
     <span class='ocr_line' id='line_1_53' title="bbox 446 5301 2443 5385; baseline 0.001 -22"><span class='ocrx_word' id='word_1_690' title='bbox 446 5305 597 5363; x_wconf 90' lang='lat' dir='ltr'>sanotum</span> <span class='ocrx_word' id='word_1_691' title='bbox 620 5301 823 5383; x_wconf 84' lang='lat' dir='ltr'>coniugium,</span> <span class='ocrx_word' id='word_1_692' title='bbox 848 5301 972 5367; x_wconf 89' lang='lat' dir='ltr'>obiecto</span> <span class='ocrx_word' id='word_1_693' title='bbox 995 5302 1199 5384; x_wconf 87' lang='lat' dir='ltr'>antiquitatis</span> <span class='ocrx_word' id='word_1_694' title='bbox 1221 5301 1362 5378; x_wconf 89' lang='lat' dir='ltr'>nomine,</span> <span class='ocrx_word' id='word_1_695' title='bbox 1385 5302 1420 5364; x_wconf 94' lang='lat' dir='ltr'>in</span> <span class='ocrx_word' id='word_1_696' title='bbox 1471 5306 1560 5383; x_wconf 84' lang='lat' dir='ltr'>gant.</span> <span class='ocrx_word' id='word_1_697' title='bbox 1605 5301 1691 5365; x_wconf 91' lang='lat' dir='ltr'>Nam</span> <span class='ocrx_word' id='word_1_698' title='bbox 1713 5301 1800 5385; x_wconf 91' lang='lat' dir='ltr'>quod</span> <span class='ocrx_word' id='word_1_699' title='bbox 1825 5304 1912 5368; x_wconf 88' lang='lat' dir='ltr'>inter</span> <span class='ocrx_word' id='word_1_700' title='bbox 1936 5303 2086 5368; x_wconf 91' lang='lat' dir='ltr'>homines</span> <span class='ocrx_word' id='word_1_701' title='bbox 2113 5302 2233 5368; x_wconf 91' lang='lat' dir='ltr'>dicitur</span> <span class='ocrx_word' id='word_1_702' title='bbox 2259 5302 2443 5385; x_wconf 87' lang='lat' dir='ltr'>promissio,</span> 
     </span>
     <span class='ocr_line' id='line_1_54' title="bbox 445 5382 1418 5470; baseline 0.002 -22"><span class='ocrx_word' id='word_1_703' title='bbox 445 5382 666 5449; x_wconf 88' lang='lat' dir='ltr'>sacerdotibus</span> <span class='ocrx_word' id='word_1_704' title='bbox 687 5386 857 5450; x_wconf 83' lang='lat' dir='ltr'>infament.</span> <span class='ocrx_word' id='word_1_705' title='bbox 896 5386 1067 5467; x_wconf 78' lang='lat' dir='ltr'>Quantum</span> <span class='ocrx_word' id='word_1_706' title='bbox 1089 5386 1130 5450; x_wconf 92' lang='lat' dir='ltr'>ad</span> <span class='ocrx_word' id='word_1_707' title='bbox 1152 5395 1263 5470; x_wconf 90' lang='lat' dir='ltr'>patres</span> <span class='ocrx_word' id='word_1_708' title='bbox 1291 5387 1418 5465; x_wconf 91' lang='lat' dir='ltr'>attinet,</span> 
     </span>
    </p>

    <p class='ocr_par' dir='ltr' id='par_1_6' title="bbox 445 5472 1675 5555">
     <span class='ocr_line' id='line_1_55' title="bbox 445 5472 1510 5555; baseline 0.006 -24"><span class='ocrx_word' id='word_1_709' title='bbox 445 5489 586 5551; x_wconf 91' lang='lat' dir='ltr'>quorum</span> <span class='ocrx_word' id='word_1_710' title='bbox 614 5472 736 5553; x_wconf 88' lang='lat' dir='ltr'>scripta</span> <span class='ocrx_word' id='word_1_711' title='bbox 763 5479 909 5549; x_wconf 84' lang='lat' dir='ltr'>exstant,</span> <span class='ocrx_word' id='word_1_712' title='bbox 936 5494 1042 5554; x_wconf 91' lang='lat' dir='ltr'>noque</span> <span class='ocrx_word' id='word_1_713' title='bbox 1068 5472 1146 5555; x_wconf 90' lang='lat' dir='ltr'>ipsi,</span> <span class='ocrx_word' id='word_1_714' title='bbox 1174 5493 1276 5554; x_wconf 92' lang='lat' dir='ltr'>quum</span> <span class='ocrx_word' id='word_1_715' title='bbox 1298 5494 1339 5537; x_wconf 82' lang='lat' dir='ltr'>ex</span> <span class='ocrx_word' id='word_1_716' title='bbox 1361 5494 1419 5537; x_wconf 92' lang='lat' dir='ltr'>suo</span> <span class='ocrx_word' id='word_1_717' title='bbox 1472 5478 1510 5483; x_wconf 67' lang='grc'><em>“</em></span> 
     </span>
    </p>
   </div>
   <div class='ocr_carea' id='block_1_5' title="bbox 443 5553 2451 5730">
    <p class='ocr_par' dir='ltr' id='par_1_7' title="bbox 443 5553 2451 5730">
     <span class='ocr_line' id='line_1_56' title="bbox 443 5553 2451 5662; baseline 0.006 -27"><span class='ocrx_word' id='word_1_718' title='bbox 443 5553 565 5652; x_wconf 65' lang='lat' dir='ltr'>iudicio</span> <span class='ocrx_word' id='word_1_719' title='bbox 582 5556 812 5655; x_wconf 46' lang='grc' dir='ltr'>ῙΟἿΠθῙξῆὓῬΨν</span> <span class='ocrx_word' id='word_1_720' title='bbox 836 5566 971 5656; x_wconf 58' lang='lat' dir='ltr'>except?</span> <span class='ocrx_word' id='word_1_721' title='bbox 992 5558 1211 5641; x_wconf 87' lang='lat' dir='ltr'>Hieronymo,</span> <span class='ocrx_word' id='word_1_722' title='bbox 1235 5565 1328 5623; x_wconf 63' lang='lat' dir='ltr'>tanta</span> <span class='ocrx_word' id='word_1_723' title='bbox 1349 5578 1419 5656; x_wconf 56' lang='grc' dir='ltr'>Μ’,</span> <span class='ocrx_word' id='word_1_724' title='bbox 1541 5594 1568 5659; x_wconf 93' lang='lat' dir='ltr'>l)</span> <span class='ocrx_word' id='word_1_725' title='bbox 1588 5594 1687 5646; x_wconf 88' lang='lat' dir='ltr'>Homil.</span> <span class='ocrx_word' id='word_1_726' title='bbox 1719 5592 1753 5644; x_wconf 89' lang='lat' dir='ltr'>de</span> <span class='ocrx_word' id='word_1_727' title='bbox 1783 5593 1940 5646; x_wconf 84' lang='lat' dir='ltr'>inventione</span> <span class='ocrx_word' id='word_1_728' title='bbox 1962 5594 2056 5646; x_wconf 90' lang='lat' dir='ltr'>crucis.</span> <span class='ocrx_word' id='word_1_729' title='bbox 2135 5591 2165 5658; x_wconf 79' lang='lat'>2)</span> <span class='ocrx_word' id='word_1_730' title='bbox 2190 5591 2284 5646; x_wconf 84' lang='lat' dir='ltr'>Habes</span> <span class='ocrx_word' id='word_1_731' title='bbox 2305 5593 2350 5646; x_wconf 81' lang='lat' dir='ltr'>bic</span> <span class='ocrx_word' id='word_1_732' title='bbox 2372 5593 2451 5662; x_wconf 74' lang='lat' dir='ltr'>quod</span> 
     </span>
     <span class='ocr_line' id='line_1_57' title="bbox 444 5637 1978 5730; baseline 0.007 -27"><span class='ocrx_word' id='word_1_733' title='bbox 444 5637 598 5722; x_wconf 80' lang='lat' dir='ltr'>hgmtate</span> <span class='ocrx_word' id='word_1_734' title='bbox 625 5662 769 5725; x_wconf 82' lang='lat' dir='ltr'>comugn</span> <span class='ocrx_word' id='word_1_735' title='bbox 796 5641 959 5706; x_wconf 80' lang='lat' dir='ltr'>honestati</span> <span class='ocrx_word' id='word_1_736' title='bbox 982 5644 1216 5708; x_wconf 89' lang='lat' dir='ltr'>obtrectarunt.</span> <span class='ocrx_word' id='word_1_737' title='bbox 1262 5642 1420 5710; x_wconf 78' lang='lat' dir='ltr'>Contenti</span> <span class='ocrx_word' id='word_1_738' title='bbox 1471 5662 1533 5715; x_wconf 78' lang='lat' dir='ltr'>olm</span> <span class='ocrx_word' id='word_1_739' title='bbox 1548 5663 1605 5727; x_wconf 80' lang='lat' dir='ltr'>suu</span> <span class='ocrx_word' id='word_1_740' title='bbox 1625 5661 1690 5730; x_wconf 76' lang='lat' dir='ltr'>Cap.</span> <span class='ocrx_word' id='word_1_741' title='bbox 1710 5660 1763 5713; x_wconf 85' lang='lat' dir='ltr'>IV.</span> <span class='ocrx_word' id='word_1_742' title='bbox 1782 5664 1865 5715; x_wconf 73' lang='lat' dir='ltr'>totins</span> <span class='ocrx_word' id='word_1_743' title='bbox 1881 5662 1978 5729; x_wconf 58' lang='lat' dir='ltr'>opens.</span> 
     </span>
    </p>
   </div>
   <div class='ocr_carea' id='block_1_6' title="bbox 0 0 2804 6808">
    <p class='ocr_par' dir='ltr' id='par_1_8' title="bbox 0 0 2804 6808">
     <span class='ocr_line' id='line_1_58' title="bbox 0 0 2804 6808; baseline 0 0"><span class='ocrx_word' id='word_1_744' title='bbox 0 0 2804 6808; x_wconf 95' lang='lat' dir='ltr'> </span> 
     </span>
    </p>
   </div>
  </div>
 </body>
</html>
