5600 6809
396 751 460 812 255
1044 737 1309 808 INSTI'PU'PIO
1331 740 1437 805 REL.
1458 737 1640 805 CHRIST.
1666 742 1758 804 1559.
2342 742 2410 805 256

395 935 434 1001 ss·
454 954 562 1001 veram
582 938 626 998 001
646 932 880 1015 perfectionem
901 931 1043 1027 iustitiae
1065 930 1100 993 in
1118 929 1190 1013 lego
1213 949 1272 993 nos
1294 927 1372 992 edo·
1425 927 1641 994 obedientiam
1673 949 1739 991 non
1767 948 1938 1009 respuens,
1969 935 2002 993 et
2028 927 2115 1011 quod
2144 928 2236 994 deest
2263 928 2409 1013 comple-

394 1023 472 1088 ceri:
495 1018 584 1085 istud
605 1019 705 1083 etiam
727 1017 943 1100 consequitur,
967 1014 1148 1080 absolutam
1169 1015 1239 1079 eius
1262 1015 1372 1080 obser·
1424 1020 1535 1077 mento
1551 1013 1732 1091 remittens,
1754 1012 1891 1095 perinde
1913 1021 2010 1097 atque
2032 1034 2052 1077 a
2070 1013 2164 1079 nobis
2177 1014 2313 1096 impleta
2327 1036 2409 1081 con·

393 1107 558 1172 rationem
574 1104 752 1186 perfectam
774 1125 844 1169 esse
862 1122 971 1167 coram
984 1102 1055 1165 Deo
1073 1100 1247 1165 iustitiam:
1271 1122 1336 1184 qua
1347 1098 1372 1186 ¹)
1425 1098 1557 1176 ditione,
1576 1098 1733 1182 legalium
1743 1099 1995 1181 promissionum
2011 1101 2155 1165 fructum
2164 1101 2333 1182 percipere
2345 1121 2409 1168 nos

394 1193 517 1259 scilicet
536 1191 633 1256 homo
650 1191 757 1253 iustus
775 1188 861 1270 apud
879 1187 1016 1253 coeleste
1034 1186 1180 1250 tribunal
1201 1193 1372 1251 censeatur
1424 1184 1511 1250 facit
1541 1183 1608 1250 Sed
1626 1184 1713 1248 hanc
1729 1185 1961 1267 quaestionem,
1984 1186 2061 1268 quia
2081 1186 2116 1249 in
2139 1185 2311 1251 tractanda
2327 1185 2409 1253 fidei

394 1283 633 1359 iao-reputetur.
678 1273 791 1355 Quare
813 1274 931 1350 Moses,
959 1272 1032 1356 lege
1054 1271 1277 1355 promulgata,
1303 1293 1371 1336 non
1425 1270 1655 1336 iustificatione
1681 1269 1811 1352 plenius
1839 1270 2035 1353 disputanda
2064 1271 2140 1349 erit,
2168 1293 2235 1336 non
2259 1273 2349 1336 ultra
2371 1273 2410 1338 in
2471 1313 2472 1319 κ

394 1363 521 1428 dubitat
554 1361 729 1426 contestari
763 1358 888 1424 coelum
920 1365 953 1422 01
985 1364 1108 1422 terram
1141 1356 1226 1439 quod
1254 1378 1371 1440 propo·
1425 1378 1580 1439 praesens
1601 1377 1843 1439 prosequemur.

393 1450 514 1514 suisset
534 1447 650 1513 Israeli
677 1446 780 1510 vitam
806 1451 840 1508 et
861 1450 1017 1521 mortem,
1047 1443 1170 1507 bonum
1193 1452 1226 1506 et
1247 1443 1372 1508 melum
1513 1447 1541 1506 5.
1587 1439 1686 1522 Quod
1712 1451 1820 1506 autem
1845 1440 2078 1524 impossibilem
2098 1442 2181 1525 legis
2204 1441 2410 1509 observatio·

394 1534 583 1620 (Deut30,
607 1532 669 1615 19).
714 1530 782 1595 Νο0
804 1530 962 1613 refragari
983 1530 1060 1593 licet
1081 1530 1160 1610 quin
1182 1529 1304 1594 iustam
1325 1529 1371 1592 le-
1425 1550 1503 1593 nem
1538 1527 1695 1605 diximus,
1735 1526 1769 1591 id
1806 1537 1856 1594 est
1888 1528 1999 1610 paucis
2031 1529 2140 1593 verbis
2173 1549 2214 1592 ex
2236 1527 2411 1595 licendum

394 1621 445 1704 gis
471 1618 691 1684 obedientiam
724 1624 856 1679 maneat
887 1623 1040 1680 aeternae
1073 1614 1188 1680 salutis
1220 1634 1371 1679 0000000-
1425 1614 1523 1679 simul
1550 1620 1584 1677 et
1610 1613 1880 1679 confirmandum.
1926 1611 2018 1679 Solet
2045 1613 2134 1677 enirn
2162 1636 2184 1678 v
2220 1635 2260 1698 go
2290 1614 2410 1681 absur-

394 1707 486 1783 ratio,
509 1699 781 1786 quemadmodum
804 1701 986 1765 aDomino
1007 1701 1169 1782 promissa
1190 1707 1248 1765 001.
1282 1701 1371 1766 Rur-
1425 1699 1558 1765 dissime
1580 1699 1742 1787 sententia
1763 1698 1883 1777 videri,
1915 1706 1952 1762 ut
1972 1697 2098 1763 Hieron
2159 1721 2199 1764 us
2219 1721 2286 1764 non
2310 1698 2409 1767 dubi·

394 1812 467 1855 sum
489 1797 599 1854 tamen
621 1787 901 1870 operaepretium
924 1793 975 1850 001
1002 1806 1233 1869 recognoscere
1256 1785 1372 1868 ecquid
1424 1787 1503 1850 tarit
1524 1784 1700 1850 anathema
1718 1784 1769 1848 illi
1786 1784 1987 1850 denuntiare.
2023 1783 2089 1865 Qui
2130 1784 2239 1849 visum
2261 1786 2306 1851 sit
2322 1785 2408 1852 Hie-

395 1897 467 1940 eam
500 1873 716 1940 obedientiam
748 1879 966 1955 praestemus,
1000 1872 1092 1937 cuius
1121 1871 1237 1936 merito
1265 1873 1371 1937 conci·
1424 1893 1571 1956 ronymo,
1590 1870 1676 1935 nihil
1694 1891 1817 1950 moror;
1840 1891 1900 1935 nos
1912 1870 1990 1952 quid
2001 1892 2118 1935 verum
2130 1871 2173 1934 sit
2185 1871 2407 1954 inquiramus.

393 1960 512 2045 pienda
533 1961 576 2025 011
597 1959 684 2023 illius
706 1959 978 2023 remunerationis
998 1956 1125 2022 fiducia.
1167 1956 1372 2038 Quantulum
1425 1957 1499 2023 Non
1524 1964 1635 2021 texam
1661 1957 1715 2022 hic
1740 1956 1856 2040 longas
1878 1955 2031 2040 ambages
2058 1956 2099 2020 de
2120 1957 2221 2021 variis
2242 1956 2409 2039 possibili·

395 2047 483 2112 enim
511 2053 561 2111 est
589 2044 700 2110 videre
727 2044 762 2108 in
788 2043 871 2127 legis
895 2043 1104 2108 observantia
1125 2045 1266 2125 positum
1285 2044 1372 2109 vitae
1425 2045 1503 2107 tatis
1531 2043 1714 2127 gonoribus.
1759 2042 1964 2125 Impossibile
1992 2042 2118 2125 appello
2144 2041 2232 2124 quod
2259 2061 2321 2106 000
2343 2043 2410 2111 fuit

395 2139 546 2198 aeternae
563 2131 755 2213 praemium,
777 2129 842 2194 nisi
861 2136 1031 2211 praeterea
1053 2136 1179 2194 constet
1200 2150 1244 2193 00
1262 2150 1301 2194 00
1318 2130 1373 2194 via
1425 2150 1584 2211 unquam,
1615 2136 1648 2193 01
1676 2151 1718 2194 00
1739 2130 1776 2192 10
1800 2136 1967 2210 posterum
1990 2129 2034 2193 sit
2054 2127 2119 2192 Dei
2142 2126 2349 2193 ordinatione
2371 2149 2410 2196 00

394 2219 565 2301 pervenire
587 2217 629 2281 ad
650 2218 754 2281 vitam
775 2223 943 2280 aeternam
962 2214 1227 2298 0011011000111)
1261 2215 1371 2301 Hacss)
1424 2216 1540 2280 decreto
1561 2214 1746 2297 impeditur.
1782 2212 1820 2280 Si
1838 2215 1878 2279 ab
1896 2213 2013 2278 ultima
2034 2214 2191 2301 memoria
2207 2220 2408 2296 repetamus,

393 2325 472 2369 vero
504 2305 540 2368 in
571 2309 666 2385 parte
699 2301 781 2384 legis
807 2300 1012 2366 imbecillitas
1044 2322 1078 2365 00
1111 2301 1241 2382 0001001.
1286 2300 1373 2365 Nam
1425 2302 1590 2365 neminem
1608 2307 1797 2366 sanctorum
1813 2300 1977 2364 exstitisse
1995 2299 2066 2364 dico
2083 2300 2147 2381 qui,
2166 2320 2300 2382 corpore
2318 2321 2409 2377 mor·

394 2391 470 2472 quia
496 2390 533 2452 in
554 2388 645 2452 nullo
666 2394 817 2451 nostrum
844 2385 902 2450 illa
924 2387 1006 2470 legis
1029 2387 1236 2452 observantia
1258 2386 1372 2469 depre-
1426 2388 1467 2451 tis
1491 2386 1726 2461 circumdatus,
1755 2386 1797 2450 ad
1826 2407 1902 2450 eum
1930 2384 2112 2450 dilectionis
2136 2385 2273 2468 'scopum
2303 2387 2409 2469 pcrti-

394 2473 560 2551 henditur,
584 2493 605 2536 a
636 2474 724 2537 vitae
745 2472 1013 2555 promissionibus
1045 2471 1168 2535 exclusi
1201 2472 1237 2536 in
1269 2471 1372 2537 solam
1425 2473 1510 2556 gerit
1532 2482 1571 2536 ut
1591 2493 1633 2536 ex
1655 2481 1723 2535 toto
1745 2471 1855 2547 corde,
1879 2492 1921 2536 ex
1943 2478 2012 2534 tota
2033 2477 2153 2549 mente,
2177 2492 2219 2535 ex
2241 2477 2311 2536 tota
2332 2472 2410 2538 ani·

393 2559 655 2625 maledictionem
677 2556 861 2624 recidimus.
896 2559 979 2623 Dico
1001 2579 1068 2623 non
1090 2556 1168 2638 quid
1185 2558 1244 2621 fiat
1265 2557 1370 2636 modo,
1424 2578 1493 2635 ma,
1523 2579 1563 2623 ex
1585 2565 1653 2622 tota
1674 2557 1819 2640 potentia
1840 2556 1951 2621 Deum
1972 2564 2112 2636 amaret;
2142 2555 2309 2620 neminem
2330 2579 2409 2622 rur-

393 2645 451 2711 sed
472 2644 550 2727 quid
571 2645 790 2709 necessarium
813 2644 863 2708 011.
909 2642 1023 2724 Quum
1045 2643 1134 2707 enim
1155 2642 1251 2726 longe
1273 2663 1372 2726 supra
1425 2666 1512 2721 sum,
1540 2645 1596 2726 qui
1618 2665 1684 2708 non
1706 2642 1967 2725 concupiscentia
1983 2642 2149 2706 laborarit.
2195 2639 2279 2722 Quis
2302 2643 2434 2732 reela,

393 2731 573 2795 humanam
594 2729 781 2794 facultatem
808 2730 851 2793 sit
872 2729 954 2813 legis
976 2727 1139 2807 doctrina,
1167 2736 1274 2812 potest
1300 2729 1372 2811 qui·
1424 2729 1513 2794 met?
1545 2728 1650 2794 Video
1670 2728 1802 2811 quidem
1819 2728 1931 2811 quales
1947 2727 2041 2793 nobis
2058 2735 2187 2794 sanctos
2204 2727 2410 2812 imaginetur

395 2816 470 2881 dem
497 2815 593 2898 homo
621 2815 748 2880 eminus
776 2820 922 2896 spectare
945 2815 1108 2898 appositas
1130 2814 1370 2896 promissiones,
1426 2815 1527 2879 stulta
1547 2815 1744 2897 superstitio,
1767 2835 1908 2897 quorum
1929 2813 2051 2879 scilicet
2073 2813 2208 2896 puritati
2226 2814 2283 2880 vix
2300 2814 2409 2881 coele·

396 2922 463 2966 non
488 2909 599 2966 tamen
625 2901 768 2965 fructum
796 2921 838 2964 ex
865 2900 907 2965 iis
929 2900 1072 2982 aliquem
1093 2899 1255 2984 colligere.
1300 2899 1373 2965 Hoc
1426 2909 1492 2966 stes
1514 2901 1624 2984 angeli
1646 2900 1880 2984 respondeant,
1903 2898 1960 2964 sed
1981 2906 2187 2983 repugnante
2208 2906 2280 2965 tum
2301 2901 2409 2984 scrip-

396 3008 474 3070 ergo
491 3007 594 3050 unum
612 2993 723 3064 000101,
745 2993 783 3049 01
804 2985 845 3051 ab
855 3005 970 3050 earum
991 2986 1075 3051 bono
1092 3005 1186 3050 suam
1207 2985 1373 3051 miseriam
1425 2995 1509 3064 tura,
1531 2995 1604 3050 tum
1626 2987 1846 3070 experientiae
1867 2986 2001 3050 0011000.
2035 2985 2118 3050 1)100
2140 2986 2220 3063 item
2236 2985 2409 3051 neminem

395 3072 512 3137 melius
545 3072 708 3150 aestimet,
742 3069 821 3134 dum
848 3072 969 3155 cogitat
997 3072 1145 3154 praecisa
1171 3092 1228 3154 spe
1257 3071 1372 3136 salutis
1425 3073 1561 3155 posthac
1590 3073 1755 3151 11100000,
1784 3073 1841 3154 001
1868 3071 1910 3135 01
1932 3091 2029 3136 verae
2050 3071 2257 3154 perfectionis
2277 3077 2408 3136 metam

394 3164 534 3223 mortem
561 3157 620 3222 sibi
651 3161 739 3222 certo
765 3157 946 3221 imminere.
996 3157 1051 3220 Ex
1077 3156 1214 3221 adverso
1246 3157 1372 3222 instant
1425 3166 1643 3241 perventurus
1665 3159 1717 3236 sit,
1741 3159 1805 3223 nisi
1825 3157 1969 3240 corporis
1979 3155 2065 3221 mole
2086 3157 2219 3222 solutos
2251 3155 2293 3220 In
2314 3155 2408 3224 hanc

394 3243 565 3308 horrificae
586 3242 779 3321 sanctiones,
802 3262 885 3325 quae
906 3264 972 3307 non
993 3261 1116 3324 paucos
1134 3248 1291 3321 nostrum,
1315 3240 1373 3308 sed
1425 3265 1496 3308 rem
1522 3244 1665 3328 primum
1683 3250 1863 3326 suppetunt
1879 3249 1993 3325 aperta
2009 3241 2190 3325 scripturae
2204 3241 2408 3308 testimonia.

395 3349 508 3394 omnes
529 3327 571 3393 ad
592 3349 698 3392 unum
719 3328 864 3393 irretitos
886 3329 1130 3411 constringunt;
1156 3328 1298 3405 instant,
1320 3328 1372 3393 in·
1424 3329 1458 3394 N
1459 3350 1502 3394 on
1529 3337 1580 3395 001
1606 3330 1703 3395 homo
1728 3330 1834 3395 iustus
1854 3349 1953 3410 super
1973 3334 2097 3392 terram
2118 3329 2175 3410 qui
2194 3347 2262 3419 000
2281 3335 2408 3411 000001,

393 3435 506 3497 quam,
540 3434 578 3478 00
604 3412 800 3478 inexorabili
826 3414 1002 3496 asperitate
1033 3435 1092 3478 nos
1123 3419 1371 3496 persequuntru,
1425 3414 1553 3481 dicebat
1574 3413 1706 3481 Solomo
1728 3414 1761 3500 (1
1781 3415 1864 3499 Reg.
1885 3418 1915 3494 8,
1934 3413 2000 3498 46).
2034 3411 2146 3479 David
2167 3419 2278 3479 autem
2288 3412 2314 3500 ¹)
2337 3434 2410 3480 non

392 3508 430 3566 ut
451 3500 750 3584 praesentissimam
769 3500 806 3563 in
826 3497 900 3582 lege
921 3511 1060 3564 mortem
1082 3519 1263 3565 cernamus.
1425 3500 1656 3568 iustificabitur
1682 3502 1718 3565 in
1746 3508 1921 3584 conspectu
1949 3507 2005 3564 100
2032 3499 2138 3565 omnis
2159 3500 2277 3566 virens
2345 3499 2407 3567 sal.

480 3591 509 3650 4.
554 3585 669 3668 Itaque
696 3585 725 3650 si
756 3584 863 3669 legem
891 3583 1053 3650 duntaxat
1079 3585 1261 3664 intuemur,
1288 3585 1372 3650 nihil
1429 3591 1499 3668 113,
1519 3587 1563 3672 2).
1607 3587 1666 3651 101)
1691 3586 1842 3670 plurimis
1866 3587 1946 3653 locis
1973 3585 2061 3650 idem
2082 3585 2234 3651 0111οι001
2362 3586 2371 3600 ’

394 3669 483 3735 01101
504 3692 678 3753 possumus
700 3692 799 3754 quam
821 3671 968 3736 animum
986 3670 1195 3754 despondere,
1219 3671 1373 3736 confundi
1425 3674 1507 3739 sime
1528 3673 1677 3738 omnium
1696 3673 1836 3752 Paulus,
1864 3672 1950 3755 quod
1972 3692 2046 3736 0000
2067 3670 2266 3754 concupiscit
2286 3670 2409 3738 sdver-

395 3777 434 3820 ac
452 3755 632 3837 desperare,
656 3778 758 3839 quum
778 3779 821 3821 ex
842 3778 882 3821 00
899 3757 1093 3822 damnemur
1109 3778 1221 3822 omnes
1243 3779 1281 3824 ae
1302 3777 1372 3821 ma-
1425 3780 1481 3825 sus
1493 3759 1655 3842 spiritum,
1673 3767 1707 3824 01
1718 3758 1852 3842 spiritus
1866 3759 2023 3824 adversus
2036 3777 2170 3823 carnem
2187 3756 2277 3844 (Gal.
2292 3761 2321 3838 5,
2337 3757 2407 3844 17).

394 3839 586 3920 ledicamur3
610 3863 630 3905 a
652 3842 863 3929 beatitudine,
886 3863 984 3926 quam
1006 3844 1075 3909 suis
1096 3842 1275 3909 cultoribus
1296 3863 1372 3926 pro-
1424 3843 1495 3910 Nec
1522 3845 1587 3910 0110
1612 3845 1739 3910 ratione
1763 3844 1892 3927 probat,
1915 3865 2028 3933 omnes
2055 3843 2111 3926 qui
2140 3843 2200 3909 sub
2227 3842 2300 3928 lege
2324 3850 2409 3910 sunt

393 3926 499 4007 ponit,
527 3927 640 4007 procul
668 3947 844 3992 arceamur.
889 3929 1038 4013 Ergone,
1065 3923 1209 4011 inquies,¹
1238 3928 1286 3992 ita
1313 3950 1372 3994 nos
1426 3929 1645 3997 maledictioni
1666 3930 1843 4009 subiectos,
1866 3931 1931 3994 0101
1940 3929 1969 4012 ²)
1989 3930 2066 4013 quia
2088 3930 2247 4012 scriptum
2268 3930 2313 3996 011
2333 3949 2407 3995 ma·

394 4010 582 4075 ludificatur
606 4012 791 4078 Dominus?
837 4013 1045 4095 Quantulum
1072 4016 1159 4080 enim
1187 4036 1207 4079 a
1233 4013 1372 4080 ludibrio
1425 4016 1561 4082 10110100
1592 4036 1720 4097 omnes,
1754 4018 1810 4100 qui
1837 4038 1905 4081 non
1931 4016 2172 4099 permanserint
2192 4014 2229 4080 in
2251 4015 2406 4082 omnibus

282 4149 286 4155 ,
395 4095 495 4175 abest,
518 4117 609 4178 spem
631 4097 795 4163 felicitatis
817 4106 994 4178 ostentare,
1018 4100 1059 4166 ad
1081 4122 1154 4166 eam
1175 4101 1317 4166 invitare
1340 4108 1374 4165 01
1426 4103 1496 4169 eius
1522 4102 1686 4168 mandatis
1713 4102 1803 4188 (Gal.
1824 4106 1857 4181 3,
1887 4107 1939 4183 103
1966 4102 2064 4166 Deut.
2085 4104 2142 4180 27,
2161 4100 2217 4186 26)
2224 4125 2232 4181 ;
2260 4101 2406 4168 innuens

393 4182 527 4260 hortari,
549 4182 641 4246 illam
662 4185 776 4247 testari
792 4184 884 4250 nobis
902 4187 1093 4268 expositam,
1116 4208 1218 4270 quum
1238 4186 1373 4252 interim
1425 4189 1564 4268 scilicet,
1592 4190 1659 4254 imo
1681 4210 1741 4272 pro
1761 4189 1905 4254 confesso
1927 4208 2112 4266 assumam,
2142 4188 2309 4252 neminem
2327 4207 2407 4271 per·

393 4266 583 4352 praeclusus
604 4269 649 4334 sit
670 4275 704 4332 01
725 4268 909 4336 inaccessus
929 4271 1118 4356 ingressus?
1163 4272 1370 4356 Respondeo:
1425 4297 1559 4341 manere
1583 4296 1685 4358 posse.
1731 4273 1898 4358 Quidquid
1926 4281 2038 4338 autem
2062 4272 2233 4357 scripturis
2254 4272 2408 4357 praedic-

394 4355 521 4420 etiamsi
555 4354 785 4437 promissiones
812 4356 912 4439 legis,
946 4366 1106 4439 quatenus
1138 4358 1371 4424 conditionales
1425 4369 1496 4425 tum
1524 4368 1588 4440 001,
1616 4361 1651 4426 11
1680 4381 1739 4444 000
1760 4368 1932 4443 perpetuo,
1967 4359 2111 4442 adeoque
2137 4379 2198 4442 pro
2218 4359 2407 4425 necessario

394 4447 486 4518 sunt,
516 4461 536 4504 0
556 4441 699 4522 perfecta
720 4439 802 4524 legis
824 4441 1009 4507 obedientia
1030 4443 1248 4526 dependeant,
1274 4464 1371 4527 quam
1425 4447 1538 4512 haberi
1566 4446 1705 4530 (100011)
1750 4446 1921 4512 Eiusmodi
1947 4445 2079 4528 argutia
2102 4444 2262 4510 vexabant
2282 4445 2406 4527 Augu·
2426 4483 2430 4501 ·

394 4525 509 4590 nullibi
531 4527 674 4609 reperire
695 4533 759 4604 001,
794 4548 862 4591 000
889 4533 999 4592 tamen
1027 4529 1151 4594 frustra
1175 4528 1268 4594 datas
1291 4551 1370 4595 0000.
1423 4534 1549 4615 stinum
1568 4532 1756 4616 Pelagiani,
1784 4532 1941 4596 iniuriam
1966 4531 2037 4612 {ieri
2056 4529 2125 4595 Deo
2153 4529 2274 4612 010100
2295 4528 2408 4595 iaceat
2446 4605 2448 4608 y

394 4610 460 4674 Ubi
481 4612 568 4675 enim
591 4611 762 4677 didicimus
782 4612 892 4676 irritas
920 4613 1012 4678 nobis
1034 4614 1104 4678 fore
1126 4622 1160 4678 et
1178 4616 1370 4695 inefficaces,
1423 4640 1517 4700 qaam
1534 4640 1594 4700 per
1616 4620 1684 4683 eius
1702 4619 1840 4702 00011000
1857 4621 2020 4699 praestare
2041 4622 2154 4698 quaeat
2172 4615 2284 4698 fideles.
2326 4614 2404 4696 Ille,

393 4695 458 4760 nisi
487 4699 630 4779 gratuita
658 4717 717 4763 sua
744 4699 902 4776 bonitate,
934 4698 1016 4764 citra
1042 4700 1199 4764 intuitum
1226 4722 1370 4784 operum,
1424 4712 1460 4769 ut
1487 4705 1646 4788 effugeret
1666 4703 1876 4781 calumniam,
1908 4700 2109 4788 fatebatur⁴)
2142 4722 2236 4785 posse
2268 4701 2405 4785 quidem

395 4782 567 4879 nos-Deus
594 4783 812 4868 amplexetur,
841 4792 939 4866 atque
968 4783 1048 4849 adeo
1071 4785 1162 4849 illam
1183 4785 1370 4866 bonitatem,
1423 4791 1619 4868 Dominum,
1643 4792 1671 4854 si
1694 4789 1801 4868 vellet,
1830 4789 1998 4853 hominem
2018 4789 2190 4854 mortalem
2216 4788 2253 4852 in
2274 4786 2403 4872 angeli·

395 4865 489 4931 nobis
521 4887 580 4948 per
611 4870 819 4954 evangelium
851 4870 1047 4949 exhibitam,
1081 4870 1146 4935 fide
1172 4872 1274 4936 simus
1301 4893 1370 4936 am·
1424 4896 1496 4941 cam
1518 4876 1692 4958 puritatem
1715 4874 1854 4940 evehere
1861 4899 1869 4954 ;
1898 4874 1956 4940 sed
1983 4895 2088 4956 neque
2109 4874 2222 4940 fecisse
2244 4894 2402 4956 unquam,

395 4948 534 5034 plexati:
564 4974 606 5017 ne
633 4955 712 5036 ipsis
739 4955 870 5038 quidem
893 4955 984 5021 deest
1003 4978 1065 5021 sua
1086 4958 1242 5035 efficacia,
1271 4959 1371 5023 etiam
1424 4982 1484 5027 nec
1506 4961 1685 5039 facturum,
1713 4959 1799 5043 quod
1827 4961 1921 5025 aliter
1947 4962 1982 5024 in
2005 4960 2177 5044 scripturis
2198 4959 2400 5026 asseruisset
2449 4971 2452 4974 ’

396 5057 471 5101 cum
492 5056 621 5134 annexa
638 5039 830 5107 conditione.
866 5040 923 5108 Sic
944 5042 1033 5106 enim
1054 5049 1125 5108 tum
1148 5044 1258 5107 omnia
1279 5044 1371 5109 nobis
1423 5046 1465 5110 Id
1488 5067 1593 5128 neque
1621 5068 1681 5131 ego
1709 5047 1844 5125 infitior3
1879 5046 1936 5111 101
1963 5046 2046 5112 0110
2075 5054 2186 5112 tamen
2213 5046 2403 5129 importune

455 5128 539 5185 tuito
561 5123 694 5202 confert,
721 5123 758 5190 ut
785 5127 848 5192 hoc
875 5148 1003 5212 quoque
1027 5128 1069 5192 ad
1096 5129 1265 5194 cumulum
1292 5149 1371 5193 suae
1425 5132 1465 5197 de
1497 5133 1642 5214 potentia
1674 5134 1738 5198 Dei
1770 5130 1927 5213 disputari
1962 5141 2076 5197 contra
2109 5133 2178 5198 eius
2213 5132 2402 5210 veritatem

437 5208 626 5273 nefieentiae
658 5207 829 5296 adiungat,
863 5212 952 5296 quod
983 5214 1196 5298 semiplenam
1222 5221 1371 5280 nostram
1424 5216 1497 5282 ideo
1526 5217 1651 5283 cavillis
1678 5239 1745 5283 non
1772 5238 1842 5283 esse
1863 5219 2036 5284 obnoxiam
2058 5210 2255 5284 sententiam
2279 5216 2403 5300 siquis

395 5582 435 5634 lib
464 5512 494 5582 1)
521 5514 596 5571 aad
621 5521 743 5572 00000110
768 5519 837 5639 guia
901 5519 938 5601 ⁸2)
967 5521 1054 5604 11111.Ι
1069 5523 1174 5645 cb'gom
1198 5525 1371 5577 recentiores:
1475 5522 1522 5605 ,1)
1550 5530 1641 5579 autem
1666 5527 1750 5580 omitt.
1775 5525 1837 5608 edd·
1866 5525 2014 5581 nonnullae
2037 5528 2205 5609 0000110000.
2293 5526 2324 5592 2)
2348 5526 2405 5581 nisi

436 5589 480 5635 cot
503 5583 698 5655 (16111614).
785 5587 798 5653 )
824 5586 905 5642 Labra
926 5592 1053 5646 meua
1075 5591 1105 5661 (1
1142 5591 1174 5646 lx
1190 5589 1269 5645 1617.
1291 5589 1371 5659 1631)
1424 5599 1508 5647 omitt.
1531 5593 1590 5647 edd.
1608 5600 1715 5649 recentt.
1731 5610 1883 5662 pauciores.
1952 5594 1982 5660 3)
2004 5594 2404 5663 carcassensem

357 5704 360 5709 .
395 5649 500 5720 1000010
516 5653 589 5708 haec.
1423 5677 1472 5716 aee
1488 5663 1875 5734 001001000105920000.)
1944 5662 2066 5730 4)Libr.
2085 5665 2282 5720 1000100001
2302 5665 2404 5736 grstia.
