5600 6809
363 792 424 854 roe
579 787 670 852 nm.
692 786 757 853 m.
799 787 864 852 on
886 784 1022 853 nono
1044 785 1394 855 rnaemmvosn
1416 787 1608 856 cnamm
1628 790 1848 858 calmas.
1891 788 1991 856 css.
2014 769 2167 858 xxm
2299 776 2371 861 roe

355 981 450 1062 prius
467 978 633 1043 ostenderet
653 977 730 1058 quid
744 981 850 1057 posset
875 975 1008 1041 liberam
1024 976 1207 1056 arbitrium,
1229 978 1340 1043 deinde
1391 977 1478 1061 quod
1512 978 1706 1062 sacrilegam
1737 979 1830 1044 illam
1861 980 2104 1044 excusationem
2140 991 2369 1064 compesceret

360 1065 436 1146 qaid
463 1067 568 1145 posset
597 1063 720 1146 gratioe
747 1082 823 1127 coac
853 1061 1032 1142 bemfioiam
1063 1063 1262 1143 iustitiaeque
1290 1063 1340 1127 io-
1390 1065 1464 1148 Ego
1498 1085 1575 1129 vero
1604 1086 1647 1129 ne
1674 1064 1710 1129 id
1741 1063 1874 1147 quidem
1900 1064 1986 1129 effici
2009 1084 2105 1146 posse
2135 1066 2256 1146 fateor,
2289 1069 2371 1150 quin

359 1151 485 1216 dimum.
1391 1171 1521 1232 semper
1540 1151 1660 1215 fiemat
1679 1151 1831 1234 impietas
1842 1158 1877 1216 et
1887 1150 2121 1215 obmurmuret
2155 1152 2241 1216 Mihi
2257 1160 2370 1218 tammr

294 1226 299 1239 ’
446 1239 475 1298 8.
520 1234 585 1299 Hic
607 1234 649 1298 ad
668 1231 912 1299 monstenem
939 1234 1116 1300 voluntatis
1144 1241 1178 1298 et
1201 1235 1338 1316 permis·
1392 1235 1513 1300 dixisse
1530 1236 1643 1301 videor
1660 1235 1800 1319 quodad
1816 1233 2011 1319 obloquendi
2029 1257 2096 1300 nen
2113 1238 2274 1302 rationem
2295 1246 2370 1304 tan-

244 1325 245 1328 ’
360 1322 462 1386 sionis
488 1321 682 1397 recurritur,
710 1318 890 1384 secundum
919 1338 1017 1401 quam
1044 1321 1190 1385 obtinere
1213 1320 1337 1399 voluat,
1390 1328 1473 1399 tum,
1495 1321 1553 1386 sed
1574 1329 1784 1405 praetextum
1807 1343 1934 1405 quoque
1961 1320 2173 1386 adimendum
2194 1325 2368 1389 sufficeret

358 1407 568 1488 permittente
600 1405 696 1470 modo
729 1425 796 1468 non
828 1413 938 1469 autem
971 1405 1099 1472 volente
1127 1405 1200 1470 Deo
1231 1407 1338 1488 perire
1389 1407 1604 1472 Excusabiles
1631 1407 1795 1489 peccando
1825 1407 1940 1472 haberi
1971 1407 2089 1472 volunt
2114 1409 2259 1490 reprobi,
2293 1413 2371 1492 quia

358 1493 485 1574 impios.
531 1489 598 1556 Sed
626 1513 685 1557 cur
712 1491 901 1573 permittere
923 1489 1077 1569 dicemus,
1100 1492 1164 1556 nisi
1194 1492 1271 1574 quia
1290 1493 1338 1557 ita
1389 1493 1528 1557 evadere
1548 1501 1715 1575 nequeunt
1735 1492 1891 1575 peccandi
1910 1493 2151 1558 necessitatem:
2175 1496 2370 1576 praesertim

360 1576 454 1642 vult?
507 1575 705 1659 Quanquam
731 1598 792 1641 nec
818 1576 928 1658 ipsum
953 1576 1086 1659 quidem
1113 1599 1173 1660 per
1200 1599 1235 1642 se
1261 1599 1354 1662 pro-¹
1390 1599 1492 1660 quum
1514 1600 1556 1643 ex
1577 1580 1641 1643 Dei
1669 1578 1871 1644 ordinatione
1899 1578 1960 1644 sibi
1988 1577 2155 1644 iuiiciatur
2182 1579 2371 1645 huiusmodi

358 1663 464 1729 babile
486 1671 550 1741 est,
577 1663 646 1727 sola
667 1661 732 1726 Dei
753 1662 982 1744 permissione,
1005 1663 1099 1727 nulla
1121 1663 1334 1742 ordinatione,
1388 1664 1574 1730 necessitas.
1625 1666 1694 1730 Nos
1721 1686 1800 1731 vero
1829 1663 1906 1728 inde
1932 1684 2092 1746 negamus
2120 1666 2182 1729 rite
2207 1668 2368 1745 excusari,

359 1749 526 1814 hominem
547 1748 609 1814 sibi
627 1748 800 1814 accersisse
821 1746 1002 1812 interitum.
1047 1746 1151 1829 Quasi
1172 1770 1250 1815 vero
1270 1771 1338 1814 non
1388 1749 1652 1832 quandoquidem
1672 1751 1737 1815 Dei
1758 1750 1970 1828 ordinationi,
1998 1770 2063 1831 qua
2089 1770 2124 1813 se
2146 1751 2247 1814 exitio
2270 1751 2370 1816 desti-

358 1833 666 1899 oonstitueritDcns
684 1854 748 1915 qua
764 1832 947 1899 conditione
963 1834 1173 1917 praecipuam
1190 1857 1233 1899 ex
1247 1855 1336 1900 crea·
1388 1845 1483 1901 natos
1505 1845 1758 1918 conqueruntur,
1781 1857 1841 1901 sua
1861 1842 1989 1903 canstat
2007 1835 2163 1917 aequitas,
2186 1837 2279 1901 nobis
2297 1839 2370 1919 qui-

358 1920 442 1985 turis
469 1921 538 1984 suis
565 1941 636 1984 esse
667 1919 775 1983 vellet
830 1919 907 1983 Non
941 1917 1097 1984 dubitabo
1129 1921 1233 2004 igitur
1261 1942 1337 1986 cum
1389 1920 1465 1985 dem
1491 1922 1675 2006 incognita,
1708 1919 1767 1986 sed
1794 1922 1853 1985 illa
1878 1921 2068 1985 certissima.
2117 1920 2214 1986 Unde
2247 1923 2370 1987 consti-

357 2006 543 2089 Augustino
562 2004 587 2088 ¹)
609 2004 800 2086 simpliciter
820 2004 932 2082 fateri,
955 2005 1159 2070 voluntatem
1179 2007 1244 2071 Dei
1266 2026 1336 2072 esso
1389 2007 1520 2086 tuimus,
1539 2008 1625 2072 nihil
1641 2008 1714 2073 illos
1731 2007 1893 2072 sustinere
1911 2006 1990 2070 mali
2008 2005 2095 2087 quod
2114 2006 2370 2072 noniustissimo

356 2112 468 2155 rerum
501 2092 744 2168 nenessitatem,
780 2099 877 2172 atque
906 2088 941 2153 id
972 2091 1155 2156 necessario
1188 2093 1338 2157 futurum
1388 2093 1453 2157 Dei
1473 2093 1593 2159 iudicio
1615 2094 1793 2176 infligatur.
1833 2091 1963 2156 Deinde
1984 2099 2194 2174 praepostere
2216 2092 2370 2157 docemus

358 2196 429 2242 csse
452 2175 539 2259 quod
560 2176 616 2241 ille
643 2176 797 2254 voluerit;
826 2176 1099 2258 quemadmodum
1126 2200 1166 2243 ea
1186 2199 1264 2244 vere
1285 2180 1336 2242 fu·
1389 2199 1487 2262 agere
1513 2180 1616 2262 ipsos,
1645 2181 1702 2262 qui
1731 2177 1773 2244 ad
1801 2176 2023 2260 quaerendam
2048 2197 2126 2241 suae
2148 2176 2369 2242 damnationis

359 2267 434 2341 tura
455 2269 534 2327 sunt
555 2283 638 2345 quae
659 2261 866 2344 praeviderit
912 2263 1010 2328 Nunc
1031 2283 1118 2342 vero,
1142 2264 1171 2328 si
1196 2285 1256 2346 pro
1277 2285 1337 2329 sua
1389 2264 1566 2347 originem,
1594 2266 1629 2328 in
1656 2262 1825 2330 recondita
1853 2262 1957 2328 divini
1986 2261 2114 2326 consilii
2138 2262 2238 2347 adyta
2259 2264 2370 2328 oculos

359 2356 393 2412 et
421 2348 597 2430 impiorum
624 2348 832 2413 excusatione
860 2347 913 2413 vel
934 2348 1119 2433 Pelagiani,
1147 2350 1200 2414 vel
1226 2350 1337 2414 Mani·
1389 2349 1579 2429 intendant;
1602 2350 1644 2414 ad
1665 2358 1804 2414 naturae
1826 2349 2077 2431 corruptionem,
2104 2347 2190 2412 unde
2212 2348 2268 2412 illa
2290 2369 2386 2419 vere¹

359 2433 461 2511 ohaei,
482 2433 537 2499 vel
553 2432 798 2515 Anabaptistae,
821 2433 873 2499 vel
891 2433 1047 2518 Epicurei
1059 2433 1153 2518 (nam
1170 2457 1246 2501 oum
1265 2436 1338 2502 istis
1390 2437 1536 2514 scaturit,
1559 2436 1766 2502 conniveant.
1800 2435 1898 2499 Hanc
1920 2441 2031 2498 autem
2052 2434 2215 2516 imputare
2233 2455 2275 2497 ne
2294 2433 2369 2498 Deo

359 2526 500 2600 quatuor
517 2520 613 2585 sectis
630 2520 723 2584 nobis
739 2520 775 2583 in
795 2519 856 2584 hoc
873 2529 1067 2604 argumento
1086 2523 1254 2605 negotium
1271 2523 1337 2605 est)
1388 2522 1524 2604 possint,
1547 2520 1656 2587 obstat
1672 2521 1758 2605 quod
1774 2542 1852 2586 suae
1874 2518 2032 2584 creationi
2049 2519 2275 2583 testimonium
2293 2519 2369 2583 red-

297 2663 306 2683 ,
359 2605 600 2682 necessitatem,
623 2626 688 2688 qua
708 2627 750 2669 er
771 2604 837 2670 Dei
856 2605 1152 2688 praedestinatione
1176 2608 1337 2672 conamin-
1390 2604 1454 2670 dat.
1492 2608 1638 2672 Tametsi
1660 2607 1750 2671 enim
1770 2614 1905 2671 aeterna
1926 2605 1992 2669 Dei
2013 2603 2219 2687 providentia
2239 2605 2276 2668 in
2297 2626 2371 2669 eam

428 2697 493 2767 tur,
515 2690 679 2769 obiiciant,
701 2690 787 2754 nihil
804 2691 947 2756 afferunt
964 2691 1006 2756 ad
1024 2713 1158 2758 causam
1173 2691 1336 2758 idoneum.
1390 2692 1443 2757 cui
1471 2692 1618 2758 subiacet
1644 2692 1864 2759 calamitatem
1893 2691 2045 2756 conditus
2073 2700 2123 2754 θεῖ
2149 2691 2262 2768 homo,
2290 2710 2310 2753 a
2334 2711 2370 2754 se

388 2776 509 2839 ienim
530 2776 784 2857 praedestinatio
805 2776 889 2840 nihil
910 2775 1001 2841 aliud
1018 2787 1069 2843 θεῖ
1089 2800 1190 2861 quam
1207 2777 1338 2846 divinae
1389 2778 1461 2861 ipso
1492 2787 1605 2843 tamen
1637 2778 1708 2843 eins
1738 2779 1927 2855 materiam,
1960 2798 2027 2840 non
2059 2797 2079 2839 a
2109 2776 2182 2840 Deo
2214 2776 2370 2858 sumpsit;

359 2861 513 2939 iustitiae,
532 2861 679 2928 occultae
694 2860 828 2943 quidem
844 2860 902 2926 sed
919 2863 1115 2946 inculpatae,
1129 2865 1338 2948 dispensatio,
1390 2864 1521 2946 quando
1542 2865 1634 2928 nulla
1655 2862 1720 2927 alia
1740 2864 1867 2927 ratione
1889 2863 1936 2925 sic
1957 2861 2105 2943 perditus
2127 2869 2186 2935 est,
2209 2861 2274 2926 nisi
2294 2863 2372 2943 quia

361 2947 438 3029 quia
455 2968 521 3011 non
543 2946 695 3030 indignos
715 2948 816 3012 fuisse
833 2955 962 3012 certum
982 2950 1104 3032 estqui
1125 2951 1162 3015 in
1179 2972 1253 3016 eam
1270 2972 1340 3016 sor·
1391 2971 1515 3033 apura
1527 2950 1600 3015 Dei
1627 2949 1791 3014 creatione
1812 2949 1848 3011 in
1876 2947 2028 3011 vitiosam
2050 2954 2084 3009 θῖ
2109 2946 2273 3029 impuram
2294 2968 2370 3029 per-

360 3041 428 3096 tem
448 3032 784 3115 praedestinarentur,
812 3033 1029 3099 iustissimum
1049 3057 1175 3118 quoque
1197 3058 1268 3101 esse
1288 3038 1339 3100 in·
1390 3036 1582 3102 versitatem
1603 3034 1823 3119 degeneravit.

360 3119 496 3182 teritum
522 3140 621 3201 quem
647 3140 690 3183 ex
721 3118 1018 3201 praedestinatione
1045 3122 1203 3200 subeunt,
1237 3143 1338 3205 aeque
1480 3127 1528 3188 10.
1573 3123 1646 3186 Iam
1667 3129 1701 3185 et
1722 3121 1820 3185 tertia
1841 3116 2043 3183 absurditate
2060 3116 2126 3180 Dei
2146 3114 2372 3198 praedestina·
2496 3097 2499 3101 ⁸

359 3212 488 3269 certum
514 3212 573 3269 est
616 3202 672 3270 Ad
700 3204 777 3282 hoc,
805 3205 852 3270 sio
878 3227 921 3270 ex
948 3207 1011 3281 Dei
1039 3208 1338 3290 praedestinatione
1391 3210 1515 3273 tionem
1541 3208 1703 3272 infamant
1730 3207 1801 3271 eius
1828 3203 2008 3270 adversarii
2015 3225 2024 3280 ;
2053 3223 2155 3284 quum
2183 3201 2273 3297 enim
2293 3222 2371 3297 onon

359 3287 480 3371 pendet
500 3311 614 3354 eorum
634 3289 782 3372 perditio,
805 3305 844 3354 ut
864 3312 962 3357 causa
989 3300 1023 3356 et
1042 3293 1182 3358 materia
1202 3294 1238 3358 in
1258 3294 1339 3376 ipsis
1390 3294 1455 3359 alio
1472 3295 1652 3360 referamus
1670 3313 1768 3376 quam
1784 3289 1827 3356 ad
1844 3289 1974 3356 divinae
1990 3287 2169 3352 voluntatis
2187 3284 2371 3364 arbrtrrnm,

361 3376 552 3457 reperiatur.
602 3377 732 3458 Lapsus
759 3384 810 3440 est
841 3377 930 3441 enim
960 3378 1088 3460 primus
1116 3379 1230 3458 homo,
1263 3381 1339 3462 quia
1390 3381 1477 3462 quod
1498 3379 1679 3445 mriversali
1700 3378 1800 3443 exitio
1827 3377 2016 3440 eximantur
2038 3393 2118 3455 quos
2138 3373 2175 3436 in
2200 3371 2298 3468 regni
2318 3372 2373 3436 sui

360 3461 523 3525 Dominus
544 3463 592 3526 ita
612 3462 766 3544 expedire
792 3472 980 3544 eensuerat;
1008 3487 1068 3531 our
1088 3467 1253 3531 rennuerit
1277 3486 1339 3531 nos
1391 3465 1550 3532 haeredes
1571 3465 1664 3530 Deus
1686 3464 1832 3542 assumit,
1856 3482 1898 3526 ex
1915 3481 1953 3525 eo
1975 3458 2136 3540 colligunt
2154 3457 2242 3539 apud
2262 3477 2374 3539 1psum

360 3545 450 3610 latet,
495 3545 632 3611 Certum
653 3556 763 3612 tamm
786 3554 922 3613 estnon
944 3550 1041 3615 aliter
1067 3553 1246 3631 censuisse,
1274 3552 1339 3617 nisi
1391 3573 1470 3636 ergo
1503 3573 1574 3617 esse
1607 3551 1829 3634 acceptionem
1860 3564 2092 3629 personarum:
2132 3541 2217 3625 quod
2239 3541 2373 3641 ‘ubique

363 3632 439 3714 quia
460 3631 593 3697 videbat
613 3634 755 3699 nominis
776 3635 829 3698 sui
849 3634 988 3718 gloriam
1008 3636 1086 3702 inde
1106 3640 1224 3702 merito
1245 3638 1339 3702 illus·
1391 3639 1555 3721 scriptura
1575 3644 1684 3721 negat.
1724 3636 1815 3718 Ergo
1836 3634 1891 3700 vel
1911 3632 2109 3713 scripturam
2128 3650 2199 3727 esse
2220 3628 2283 3694 slbl
2304 3627 2374 3704 (11⁸-

363 3719 452 3782 tran'.
501 3718 568 3783 Ubi
595 3721 795 3784 mentionem
822 3720 945 3803 gloriae
965 3724 1031 3788 Dei
1058 3723 1168 3803 audis,
1195 3725 1262 3790 illic
1288 3724 1339 3789 iu·
1391 3732 1590 3802 sentaneam,
1613 3723 1667 3789 vel
1687 3723 1724 3786 in
1745 3720 1909 3786 electione
1925 3717 1991 3782 Dei
2012 3737 2083 3781 esse
2104 3723 2299 3779 mentorum
2319 3734 2372 3778 re-

362 3805 486 3868 stitiam
507 3804 623 3888 cogita
659 3805 790 3870 Iustum
811 3807 899 3871 euim
921 3828 992 3874 esee
1013 3817 1140 3892 oportet
1161 3810 1247 3894 quod
1268 3810 1339 3875 lau·
1391 3819 1549 3893 spectum
1580 3809 1742 3886 Primum,
1761 3806 1825 3871 alio
1842 3826 1941 3870 sensu
1959 3809 2061 3885 negat
2078 3800 2244 3898 scriptura
2260 3800 2374 3864 Deum

236 3944 243 3957 .
360 3888 436 3952 dem
462 3897 615 3954 meretur.
660 3889 759 3956 Cadit
782 3892 885 3975 igitur
912 3894 1024 3974 homo,
1045 3896 1111 3960 Dei
1131 3895 1338 3979 providentia
1390 3918 1461 3962 esse
1478 3915 1694 3979 personarum
1704 3901 1917 3974 acceptorem,
1936 3909 2034 3971 quam
2051 3886 2190 3969 querpsi
2208 3883 2373 3965 iudioant;

356 3976 402 4039 sic
424 3973 612 4040 ordinante:
641 3976 700 4040 sed
727 3998 787 4042 suo
808 3978 889 4044 vitio
917 3979 1011 4045 cadit
1057 3981 1338 4048 Pronuntiaverat
1390 3982 1553 4066 siquidem
1568 3999 1728 4064 personae
1748 3976 1906 4043 vocabulo
1922 3996 1989 4038 non
2007 3973 2176 4037 hominem
2193 3970 2368 4054 significet,

356 4061 452 4142 paulo
475 4069 552 4125 ante
574 4062 737 4127 Dominus
759 4062 860 4214 glan.
881 4064 994 4148 1,31),
1017 4066 1127 4132 omnia
1147 4090 1231 4151 quae
1252 4070 1336 4133 fece·
1390 4068 1449 4134 sed
1470 4089 1555 4151 quae
1576 4068 1612 4130 in
1634 4065 1765 4130 homine
1793 4062 1894 4128 oculis
1916 4059 2104 4141 conspicua,
2133 4055 2187 4122 vel
2212 4057 2370 4135 favorem,

235 4147 241 4157 '
356 4153 409 4209 rat
430 4166 501 4211 esse
519 4147 615 4213 valde
632 4149 725 4212 bona.
792 4148 857 4213 nde
880 4170 957 4234 ergo
974 4152 1032 4217 illa
1050 4152 1174 4218 homini
1190 4155 1337 4237 pravitas
1391 4154 1541 4238 gratiam,
1564 4152 1760 4235 dignitatem
1781 4147 1963 4225 conciliare,
1986 4145 2041 4211 vel
2057 4143 2178 4221 odium,
2201 4149 2372 4222 contemp-

359 4239 396 4296 ut
417 4252 437 4294 a
458 4233 530 4297 Deo
552 4253 610 4299 suo
638 4232 788 4298 deficiat?
833 4235 884 4299 Ne
905 4257 948 4300 ex
969 4239 1132 4303 creatione
1154 4261 1225 4305 esse
1242 4248 1338 4322 puta-
1391 4248 1472 4318 tum,
1494 4238 1643 4316 dedecus,
1666 4237 1807 4301 conflare
1825 4234 1940 4299 solent
1975 4228 2097 4311 Qualia
2114 4233 2201 4324 sunt,
2225 4226 2371 4304 divinae,

359 4326 459 4396 retur,
482 4317 587 4402 elogio
608 4341 668 4384 suo
690 4320 928 4402 approbaverat
942 4323 1036 4388 Dens
1052 4323 1140 4406 quod
1157 4326 1340 4407 profectum
1391 4347 1478 4408 opes,
1501 4324 1656 4408 potentia,
1678 4321 1841 4399 nobilitas,
1863 4319 2087 4402 magistratus,
2108 4320 2225 4395 palm,
2248 4311 2373 4381 somnae
2458 4392 2461 4405 Ι

359 4413 430 4468 erat
447 4426 467 4469 a
484 4427 519 4469 se
536 4405 616 4487 ipso.
644 4405 785 4487 Propria
802 4427 879 4490 ergo
897 4407 1031 4489 malitia,
1051 4431 1151 4492 quam
1169 4421 1339 4494 acceperat
1391 4412 1574 4495 elegantia,
1608 4417 1642 4473 et
1673 4416 1803 4472 caetera
1833 4403 2002 4471 eiusmodi.
2058 4400 2145 4463 Item
2184 4402 2371 4494 paupertas,

360 4489 538 4554 aDomino
555 4512 672 4574 puram
689 4498 844 4556 naturam
862 4494 1020 4576 eorrupit;
1043 4518 1104 4561 aua
1123 4498 1219 4562 ruina
1235 4504 1340 4562 totam
1391 4498 1517 4581 inopia,
1549 4494 1752 4579 ignobilitas,
1784 4492 1911 4570 sordes,
1945 4492 2151 4565 contemptus
2178 4489 2212 4546 ct
2238 4480 2369 4545 similia

359 4575 585 4655 posteritatem
595 4577 631 4641 in
640 4578 780 4643 exitium
789 4599 902 4645 secum
919 4583 1064 4646 attraxit.
1094 4581 1206 4663 Quare
1223 4584 1258 4647 iu
1270 4605 1339 4648 cor·
1392 4582 1450 4650 Sic
1467 4584 1590 4648 Petrus
1607 4588 1641 4645 ct
1657 4579 1783 4645 Paulus
1805 4578 1893 4663 (Act.
1916 4581 1964 4653 10,
1985 4578 2039 4650 34;
2059 4571 2155 4633 Rom
2169 4571 2198 4644 2,
2220 4571 2259 4629 10
2264 4565 2368 4663 ,eal

361 4664 458 4738 rupta
475 4662 582 4740 P0fiu⁸
600 4663 738 4729 humani
755 4665 885 4747 generis
901 4674 1021 4732 natura
1037 4666 1224 4735 evidentem
1248 4668 1340 4734 dam·
1393 4675 1422 4749 3,
1441 4672 1498 4754 28)
1526 4688 1740 4751 personarum
1767 4672 1970 4747 acceptorem
1996 4677 2062 4720 non
2089 4673 2160 4717 esse
2187 4653 2369 4716 D0m11111m

361 4744 501 4809 nationis
518 4766 665 4827 causam,
684 4771 764 4831 quoe
784 4751 873 4818 nobis
888 4755 1096 4835 propinquior
1117 4762 1176 4833 cst,
1195 4763 1339 4821 contem-
1392 4756 1519 4833 docent,
1546 4754 1624 4837 quia
1644 4774 1711 4820 nou
1733 4751 1897 4816 discernat
1917 4748 2004 4811 inter
2025 4737 2185 4804 Iudaeum
2206 4745 2241 4800 et
2262 4736 2370 4801 Grae-

361 4829 499 4912 plemur,
521 4853 620 4914 quam
640 4836 863 4902 absconditam
883 4859 921 4904 ae
937 4840 1070 4921 penitus
1090 4841 1340 4924 incomprehen-
1392 4864 1476 4920 cum,
1500 4862 1564 4924 quo
1584 4839 1684 4905 solius
1705 4838 1814 4920 gentis
1830 4833 1957 4898 ratione
1974 4827 2115 4892 alterum
2128 4830 2275 4921 respuat,
2299 4842 2370 4921 am·

361 4913 490 4980 sibilem
510 4917 713 4999 inquiramus
734 4921 770 4984 in
790 4924 856 4988 Dei
875 4925 1178 5007 praedestinatione.
1223 4928 1338 5011 Neque
1376 4930 1555 5012 ,plectatur
1578 4926 1727 4991 alterum
1773 4920 1830 4986 Sic
1848 4916 1983 4983 lacobus
2006 4911 2052 5008 (22
2073 4905 2371 5006 5)11⁸(‡01urerbis

350 5002 540 5066 immensae
568 5003 633 5067 Dei
658 5006 838 5088 sapientiae
869 5011 1062 5078 submittere
1089 5014 1260 5097 hucusque
1287 5015 1339 5079 in·
1391 5016 1507 5092 utitur,
1529 5012 1610 5077 dum
1629 5013 1702 5078 vult
1729 5026 1874 5072 asserere
1895 5002 2008 5065 Deum
2035 5019 2071 5060 m
2092 5015 2151 5094 sue
2176 4993 2297 5059 iudicio
2319 4991 2370 5058 dr-

362 5087 496 5170 genium
516 5090 635 5172 pigeat,
658 5091 746 5153 utin
768 5093 971 5160 multiscius
988 5101 1116 5164 arcanis
1137 5101 1338 5166 succumbat.
1391 5101 1490 5168 vitias
1518 5099 1603 5162 nihil
1629 5094 1760 5161 morari.
1806 5089 1930 5156 Paulus
1957 5092 2069 5181 autem
2096 5080 2159 5146 alio
2187 5080 2258 5145 loco
2283 5077 2369 5177 (ool.

362 5173 488 5237 Eorum
522 5176 610 5239 euim
643 5195 725 5258 quae
757 5176 840 5240 scire
867 5197 928 5243 nec
961 5180 1072 5260 datur,
1105 5206 1165 5251 nec
1197 5187 1246 5251 sas
1279 5195 1337 5265 est,
1392 5192 1421 5266 3,
1442 5191 1499 5263 25;
1520 5185 1607 5267 Eph.
1628 5187 1656 5258 (3,
1676 5180 1711 5264 9)
1738 5177 1778 5241 de
1800 5175 1872 5240 Deo
1894 5174 1940 5238 sic
1967 5172 2125 5253 loqurtur,
2155 5165 2243 5248 (lUOd
2270 5165 2371 5229 hbes·

364 5257 458 5325 docta
485 5270 535 5324 est
561 5260 764 5343 ignorantia;
791 5261 946 5326 scientiae
968 5271 1163 5349 appetentia,
1190 5273 1339 5337 insaniae
1391 5275 1470 5336 tatis
1492 5279 1549 5333 aut
1571 5265 1738 5332 servitutis
1759 5264 1795 5326 in
1821 5255 1996 5326 iudicando
2023 5254 2149 5318 nullam
2176 5252 2296 5315 habeat
2317 5270 2370 5312 ra-

362 5346 494 5426 θΡθθῘθΒ·
1306 5370 1310 5377 ’
1391 5359 1523 5422 tionem.
1574 5349 1718 5416 Proinde
1744 5348 1829 5412 nihil
1855 5341 2092 5428 repugnantiae
2121 5338 2198 5414 erit,
2227 5337 2257 5402 si
2284 5334 2370 5399 dice-
2483 5368 2485 5372 ·

450 5435 479 5495 9·
523 5431 623 5498 ΒΜ
644 5432 726 5497 f⁰fl⁰
747 5432 919 5515 (implam,
942 5455 995 5498 me
1016 5435 1164 5501 nondum
1192 5441 1341 5505 attulisse
1392 5464 1487 5519 mus,
1521 5438 1633 5501 Deum
1664 5433 1846 5500 secundum
1884 5427 2080 5511 beneplaciti
2113 5423 2165 5520 sui
2197 5420 2371 5517 arbitrium

1393 5528 1515 5609 eligere
1544 5523 1580 5585 in
1608 5523 1705 5600 filios,
1734 5517 1825 5585 nullo
1853 5516 1986 5593 merito,
2015 5532 2095 5596 quos
2117 5528 2229 5606 visum
2260 5507 2370 5604 luerit,

1393 5613 1466 5676 aliis
1488 5609 1617 5673 reiectis
1638 5628 1676 5673 ae
1698 5605 1887 5690 reprobatis.
1927 5603 1997 5666 Res
2018 5610 2128 5662 tamen
2146 5614 2193 5658 sm
2211 5591 2373 5690 exphcan
2419 5670 2422 5676 ι

435 5705 1044 5773 1)1,ibr.a.neaenes..euesrm0,15,
1392 5705 1515 5780 potest,
1545 5701 1583 5757 ut
1610 5693 1739 5775 plenius
1764 5693 1911 5758 satisfiat.
1963 5685 2137 5765 Quaerunt
2164 5700 2221 5762 qur
2249 5679 2309 5744 fiat
2335 5683 2376 5740 ut

472 5790 582 5847 Osirim
596 5809 688 5862 opera·
730 5795 787 5850 Vol.
805 5794 848 5848 11.
2104 5802 2109 5809 .
2136 5781 2170 5834 45
