5600 6809
394 771 453 831 351
1039 759 1305 827 3636166616
1326 760 1431 825 ann.
1455 717 1636 826 6333636.
1663 765 1754 825 ase.
2338 767 2404 828 352

391 957 508 1022 centris
535 952 628 1018 eius?
680 951 764 1031 Quid
787 951 959 1030 promissio
987 952 1048 1013 6366
1071 949 1173 1033 (Psal.
1197 952 1272 1025 132,
1299 949 1371 1030 ll):
1424 948 1557 1034 (Manh.
1586 953 1612 1026 l,
1640 948 1691 1030 5),
1723 950 1841 1014 similis
1867 955 1994 1014 notatur
2023 951 2187 1033 peneratia
2233 952 2298 1016 Nec
2330 974 2406 1018 6666

392 1064 430 1108 66
457 1041 570 1105 lumbis
598 1039 662 1101 tuis
688 1036 858 1114 descendet,
888 1037 943 1116 qui
970 1035 1104 1098 manebit
1129 1037 1163 1098 in
1190 1035 1267 1099 solio
1296 1035 1372 1098 tuo?
1424 1033 1604 1098 Matthaeus
1631 1032 1681 1098 hie
1708 1036 1860 1116 66666666
1886 1038 1979 1115 66636
2000 1038 2139 1100 canalem
2160 1038 2318 1117 describit,
2339 1059 2407 1121 per

397 1128 498 1192 Porro
521 1128 557 1189 in
581 1122 701 1188 Christi
728 1122 922 1206 6666666666,
951 1121 1057 1202 qualis
1082 1122 1215 1200 refertur
1245 1119 1372 1184 aMat
1423 1141 1512 1200 66666
1526 1121 1656 1198 fluxerit
1677 1119 1836 1200 Christus;
1862 1122 1916 1185 sed
1937 1121 2019 1186 hunc
2040 1123 2211 1203 mirificum
2229 1126 2404 1205 penerandi

394 1214 490 1290 thoes,
513 1210 676 1292 sophistice
696 1210 815 1272 ludunt.
859 1207 932 1270 Etsi
958 1209 1041 1270 enim
1061 1227 1125 1269 non
1145 1210 1275 1270 66666366
1298 1205 1372 1271 Ma·
1423 1226 1538 1270 morem
1565 1226 1586 1268 a
1612 1205 1737 1287 6666666
1764 1207 1925 1283 discernit,
1953 1209 2035 1288 quod
2052 1229 2112 1288 per
2133 1230 2203 1272 eam
2224 1231 2262 1273 66
2283 1211 2403 1274 semine

394 1301 464 1363 riae
492 1301 639 1378 parentes
672 1295 725 1358 sed
755 1292 893 1371 Iosephi‚
927 1294 1004 1372 quia
1036 1297 1138 1356 666666
1171 1291 1208 1356 de
1240 1313 1274 1354 re
1300 1297 1372 1355 tunc
1424 1292 1564 1357 Danielis
1583 1293 1707 1373 6666663
1727 1292 1824 1373 suerit
1843 1290 1997 1357 Christus.
2031 1293 2153 1357 Eadem
2176 1297 2258 1359 enim
2279 1298 2404 1361 ratione
2453 1298 2457 1305 ’

393 1386 482 1468 66666
511 1387 662 1462 cuniperto
690 1379 782 1444 cerba
805 1379 897 1458 66666,
925 1380 1004 1441 satis
1031 1378 1118 1441 habet
1145 1379 1299 1442 6366666666
1321 1376 1372 1442 Io
1423 1399 1487 1457 qua
1510 1376 1605 1440 Isaac
1625 1397 1663 1440 ec
1681 1377 1853 1456 Abraham,
1878 1378 1998 1443 Soloma
2015 1400 2054 1442 66
2071 1380 2205 1458 Decide,
2229 1381 2341 1462 Ioseph
2361 1403 2403 1447 66

394 1470 523 1552 sepham
554 1489 592 1532 66
614 1466 753 1531 Dauidis
785 1466 901 1527 semiue
928 1470 1030 1527 ortum
1058 1484 1136 1540 esse,
1169 1484 1265 1543 quum
1292 1465 1372 1527 satis
1425 1463 1526 1539 Iacob,
1546 1463 1692 1526 similiter
1705 1462 1849 1527 Christus
1870 1485 1908 1527 66
1929 1470 2027 1528 matre
2045 1468 2170 1547 6666663
2187 1486 2251 1531 6336
2273 1468 2400 1532 dicitur.

394 1560 544 1621 constaret
562 1553 706 1617 Mariam
727 1570 765 1612 ec
787 1550 891 1613 endem
909 1571 973 1613 esse
988 1550 1125 1630 66666666.
1152 1549 1261 1632 Mapis
1277 1551 1372 1613 etiam
1427 1549 1586 1612 Sermonis
1607 1549 1690 1611 entim
1710 1552 1823 1612 seriem
1845 1552 1890 1613 ita
1912 1550 2100 1633 eoanpelista
2121 1555 2258 1630 conterit,
2281 1558 2402 1634 etpro-

394 1648 482 1724 66666
511 1641 629 1715 Lucas,
663 1637 795 1700 salutem
822 1657 842 1697 a
872 1633 997 1699 Christo
1025 1635 1155 1699 allatam
1187 1637 1240 1698 tati
1265 1636 1371 1717 666666
1424 1634 1499 1698 bare
1519 1634 1622 1701 colens
1646 1632 1807 1698 Christum
1833 1637 1984 1718 66666666
2005 1637 2115 1700 dinem
2135 1659 2157 1700 a
2178 1637 2319 1716 Dauide,
2346 1639 2402 1703 hoc

395 1729 532 1791 humano
559 1742 745 1788 6666666666
773 1741 838 1785 6336
860 1722 983 1798 docens,
1012 1722 1089 1801 quia
1114 1719 1260 1784 Christus
1282 1726 1372 1785 66666
1423 1741 1485 1783 uno
1507 1725 1661 1785 contentus
1680 1724 1739 1797 est,
1769 1739 1808 1783 66
1830 1720 1943 1784 Maria
1965 1741 2029 1785 esse
2047 1723 2193 1803 penitam.
2245 1724 2333 1789 Unde
2354 1745 2404 1789 se·

394 1813 509 1878 salutis
531 1832 567 1873 66
588 1809 697 1873 Adam
719 1808 873 1869 66666666
900 1808 1039 1870 omnium
1057 1812 1150 1886 patre
1171 1808 1212 1870 sit
1227 1807 1372 1888 proponi
1424 1807 1545 1886 quitur,
1572 1826 1635 1884 pro
1662 1806 1798 1885 mnfessc
1824 1808 2011 1889 surrepsisse,
2040 1807 2185 1872 Mariam
2209 1809 2312 1890 fuisse
2333 1832 2404 1876 con-

394 1904 453 1963 tus.
498 1896 612 1976 Fateor
640 1892 781 1974 eqreidem
810 1913 848 1955 66
873 1893 1053 1974 6666666666
1074 1914 1136 1955 reon
1157 1892 1249 1955 aliter
1270 1892 1373 1973 callipi
1423 1893 1630 1973 sanpuineam
1653 1891 1773 1972 Ioseph.
2356 1934 2358 1938 ι
2467 1929 2469 1932 -

397 1983 557 2048 Christum
584 2001 648 2044 esse
673 1977 778 2057 tilium
800 1977 954 2055 Doridis,
978 1979 1047 2040 nisi
1072 1983 1222 2058 66666663
1250 1999 1288 2041 66
1310 1980 1373 2040 666-
1511 1983 1540 2040 4.
1585 1975 1745 2054 Absurde,
1768 1976 1881 2056 666663
1901 1997 1958 2040 nos
1976 1999 2111 2059 6666666
2131 1980 2243 2056 velient,
2265 1982 2405 2061 puerili-

393 2071 465 2154 9ine
481 2068 664 2150 6666666663
687 2069 738 2126 636.
786 2062 847 2127 Sed
875 2065 972 2126 nimis
995 2064 1123 2143 superbe
1143 2065 1214 2126 6666
1237 2063 1373 2128 Marcia
1425 2063 1481 2124 663
1503 2063 1670 2125 6666666663
1692 2068 1765 2125 sient
1786 2064 1909 2143 referta.
1944 2063 2050 2144 Turpe
2069 2069 2097 2127 et
2111 2065 2299 2145 probrosum
2313 2065 2404 2132 Chri-

394 2157 479 2219 nitae
505 2153 636 2235 siccandi
664 2150 781 2213 erroris
808 2149 861 2212 sui
888 2168 999 2227 causa,
1026 2170 1132 2230 nempe
1158 2154 1193 2211 ut
1215 2148 1373 2212 Christum
1425 2153 1470 2213 sto
1498 2168 1563 2212 esse
1589 2149 1718 2226 ducunt,
1752 2149 1780 2212 si
1809 2168 1846 2211 66
1872 2147 2048 2214 horninibus
2074 2151 2226 2232 66666666
2253 2154 2404 2218 traxerit:

395 2241 432 2306 de
453 2239 552 2303 nihilo
573 2257 686 2316 carpus
706 2235 878 2313 sumpsisse
899 2236 1054 2313 evincant,
1084 2235 1229 2298 muheres
1258 2239 1373 2298 contea-
1425 2235 1502 2314 quia
1523 2254 1583 2296 666
1600 2235 1738 2314 potuerit
1758 2253 1779 2295 a
1801 2236 1954 2297 communi
1980 2233 2174 2317 6666666666,
2202 2259 2282 2318 quae
2308 2243 2405 2304 666666

394 2328 471 2391 dard
503 2344 568 2389 esse
599 2321 765 2405 ἀσπόροας,
800 2325 891 2399 atque
918 2321 971 2405 ita-
996 2326 1130 2384 eoertnnt
1157 2326 1292 2384 6666666
1318 2320 1373 2383 666-
1426 2320 1518 2383 Adae
1545 2319 1673 2383 sobolem
1700 2318 1814 2399 absque
1842 2320 2014 2400 acceptione
2040 2320 2097 2385 sub
2115 2330 2242 2403 peecata
2261 2325 2403 2390 iruludit.

395 2417 504 2476 menta.
553 2409 708 2490 Quoniam
729 2411 833 2469 autem
860 2405 1025 2487 theotopica
1056 2427 1117 2469 666
1143 2411 1187 2469 636
1214 2405 1287 2470 haec
1310 2406 1374 2469 dis·
1425 2405 1527 2484 Atqui
1549 2405 1629 2467 hurrc
1650 2405 1764 2468 nodum
1783 2405 1879 2485 sac-ile
1899 2407 1990 2469 366666
2012 2407 2186 2487 antithesis,
2213 2431 2293 2491 6666
2315 2411 2405 2492 apud

390 2498 528 2579 putatio,
569 2499 597 2558 66
629 2492 788 2558 ratianum
820 2512 900 2570 quas
939 2492 1097 2555 adducimt
1130 2512 1167 2555 ea
1199 2497 1243 2554 636
1272 2491 1373 2572 sutili·
1429 2490 1568 2554 Paulum
1593 2489 1703 2574 (Rom.
1725 2497 1757 2567 5,
1781 2490 1834 2573 12)
1864 2491 1991 2573 6666666.Ι
2022 2494 2115 2556 366666
2141 2515 2203 2576 per
2227 2517 2329 2561 einum
2349 2496 2404 2562 ho·

395 2589 458 2659 tas,
492 2602 571 2662 6666
603 2577 690 2643 66666
721 2578 837 2659 nepotis
866 2576 968 2657 refelli
995 2583 1100 2657 queat,
1130 2598 1209 2657 quae
1235 2577 1373 2656 66666636-
1425 2578 1539 2639 minem
1554 2581 1723 2656 peccatum,
1747 2580 1775 2638 et
1790 2597 1852 2656 per
1867 2582 2029 2654 peecatum
2050 2599 2143 2656 mors,
2165 2581 2211 2645 ita
2227 2603 2288 2662 per
2310 2584 2405 2648 iusti·

391 2669 490 2750 66666
516 2671 588 2729 3666
621 2669 649 2727 et
682 2664 764 2728 artis
795 2662 930 2727 medicae
960 2683 1022 2725 non
1057 2664 1225 2745 obtineam·
1258 2682 1295 2725 ac
1327 2662 1374 2724 di
1424 2664 1503 2726 tiam
1529 2663 1628 2725 66663
1654 2661 1790 2725 hominis
1810 2662 1981 2727 abundavit
2005 2667 2121 2745 pratia.
2169 2665 2230 2731 Cui
2252 2670 2405 2734 etaltera

398 2756 481 2820 luere
513 2754 592 2816 satis
621 2749 681 2814 erit
705 2768 785 2829 qicoe
817 2767 856 2811 66
882 2749 1041 2828 scriptura
1073 2748 1235 2825 obiiciunt,
1267 2768 1375 2828 nempe
1424 2748 1585 2828 respmulet
1603 2747 1634 2831 (1
1649 2746 1722 2811 Cor.
1742 2751 1789 2820 15,
1803 2746 1875 2830 47).·
1891 2750 1983 2828 prior
2002 2749 2110 2813 Adam
2128 2756 2244 2818 eterra
2260 2759 2405 2820 tementes

399 2840 511 2904 Aaron
528 2833 704 2901 etIoiadah
717 2833 846 2897 diruisse
863 2852 977 2897 666663
994 2853 1033 2897 esc
1050 2834 1134 2898 tribu
1148 2833 1304 2911 Iehudah,
1331 2837 1375 2896 at-
1425 2839 1453 2897 et
1480 2833 1644 2910 animalis,
1672 2833 1825 2897 secandus
1850 2853 1867 2896 6
1892 2834 1971 2899 coelo
1996 2835 2140 2900 coelestis.
2184 2836 2296 2920 Itaque
2324 2841 2404 2905 alibi

400 2946 457 3006 666
478 2926 524 2987 ita
544 2921 705 3002 emtsusam
726 2924 797 2982 tune
816 2919 917 2997 fuisse
937 2919 1074 2983 tribuum
1095 2920 1322 2997 discretionem,
1344 2919 1374 2982 si
1425 2918 1508 2982 idem
1531 2918 1689 2998 apostolus
1709 2918 1821 2999 (Rom.
1841 2921 1876 2996 8,
1896 2919 1930 3003 3)
1955 2917 2116 2985 Christum
2135 2923 2172 2986 in
2192 2925 2404 2991 similitudine

397 3013 507 3076 inesset
527 3006 654 3071 nadicri
672 3004 885 3088 6666666666
901 3023 1012 3068 semen.
1045 3004 1146 3085 Atqui
1167 3006 1248 3068 satis
1269 3010 1374 3068 66666
1425 3005 1531 3068 earnis
1546 3004 1666 3084 peccat-i
1687 3004 1819 3067 missum
1838 3004 1940 3084 fuisse
1960 3006 2083 3085 doeens,
2106 3013 2142 3071 ut
2160 3009 2220 3092 lepi
2239 3011 2403 3091 satisface-

397 3102 454 3173 est,
488 3099 640 3175 quaedum
673 3091 715 3154 ad
737 3089 901 3172 politicum
928 3091 1069 3153 ordinem
1098 3095 1227 3169 spectat,
1258 3090 1374 3154 6663666
1425 3095 1485 3167 666,
1507 3110 1578 3153 eum
1597 3091 1711 3154 diserte
1732 3110 1753 3153 a
1774 3092 1927 3171 communi
1947 3097 2028 3155 sorte
2048 3098 2185 3172 separat,
2212 3100 2247 3158 ut
2267 3097 2309 3158 sit
2330 3097 2403 3161 abs-

391 3181 571 3263 666666666
593 3197 630 3240 ec
651 3177 741 3240 cirili
758 3176 872 3239 semim
879 3199 890 3254 ,·
910 3195 1006 3255 66666
1028 3180 1129 3238 tamen
1145 3176 1381 3256 praestantiam·
1426 3196 1485 3255 666
1506 3176 1581 3239 uitio
1608 3181 1635 3239 et
1654 3174 1828 3254 corruptela
1850 3196 1943 3240 66663
1963 3176 2059 3241 homo.
2105 3177 2273 3244 Pueriliter
2293 3188 2403 3246 autem

397 3288 492 3331 36663
512 3266 630 3329 obstare
648 3261 816 3343 quominus
837 3261 873 3323 66
890 3261 1064 3342 6666666666
1081 3267 1162 3324 coeat
1184 3281 1285 3325 seneen
1308 3281 1376 3325 mu·
1426 3267 1599 3343 turpantur:
1627 3262 1658 3324 si
1683 3260 1722 3323 ab
1748 3262 1833 3324 arani
1858 3263 1983 3325 macula
2009 3262 2160 3328 immunis
2180 3271 2225 3330 est
2246 3265 2404 3348 Christus,

398 3353 494 3417 lieris.
540 3351 628 3415 Haec
649 3367 767 3428 quaque
788 3347 900 3410 3666666
921 3346 964 3409 ad
984 3366 1088 3410 666663
1107 3347 1304 3428 penealopias
1325 3367 1376 3410 66
1427 3366 1464 3411 ac
1486 3367 1547 3426 per
1574 3366 1724 3410 arcanam
1748 3347 1883 3428 spiritus
1910 3350 2115 3428 operationem
2133 3353 2256 3433 6666663
2276 3353 2343 3434 fuit
2365 3374 2405 3418 66

396 3440 542 3504 tenditur.
581 3434 680 3514 Saepe
696 3433 749 3495 ubi
770 3432 942 3513 catalopum
957 3431 1116 3494 luminum
1132 3437 1263 3495 recenset
1279 3433 1377 3512 serip-
1427 3434 1541 3496 semine
1563 3430 1708 3508 Mariae,
1734 3452 1795 3495 666
1822 3453 1887 3498 6336
1912 3434 2010 3515 666666
2030 3435 2191 3515 impurum
2212 3457 2313 3502 semen
2335 3460 2405 3502 666-

398 3531 480 3604 6666,
503 3524 585 3589 36663
607 3521 691 3584 66663
712 3519 866 3582 nominat:
895 3538 938 3580 66
965 3517 1033 3581 ideo
1053 3516 1217 3580 dicendum
1244 3522 1287 3582 636
1307 3538 1377 3581 mu·
1427 3519 1528 3595 lieris,
1557 3518 1612 3581 sed
1636 3519 1700 3580 oiri
1726 3517 1888 3582 duntaxat.
1934 3519 2043 3600 Neque
2068 3523 2151 3585 enim
2172 3523 2343 3588 immunem
2363 3525 2404 3589 ab

398 3611 491 3675 lieres
524 3606 605 3674 nihil
637 3604 726 3669 esse?
770 3602 841 3666 Imo
867 3604 980 3683 pueris
1007 3603 1088 3683 ipsis
1114 3607 1220 3665 notum
1240 3623 1294 3667 eas
1320 3603 1376 3666 366
1428 3605 1511 3666 omni
1538 3604 1605 3667 labe
1629 3603 1765 3684 66666663
1788 3602 1958 3681 Christum,
1986 3607 2065 3684 quia
2092 3613 2214 3671 tantum
2242 3631 2281 3673 66
2301 3615 2404 3676 matre

397 3697 479 3759 viris
509 3690 734 3774 comprehendi.
788 3689 860 3752 Hae
897 3689 1017 3752 ratione
1054 3689 1202 3752 dicuntur
1238 3688 1374 3769 feminae
1427 3690 1613 3771 3666666663
1634 3688 1747 3768 absque
1768 3690 1833 3753 oiri
1853 3690 2025 3768 conncbitu,
2052 3694 2107 3757 sed
2132 3695 2208 3773 quia
2229 3696 2405 3775 sanctifica-

393 3800 509 3862 parere
529 3780 599 3843 3663
620 3777 761 3852 maritis,
789 3777 866 3856 quia
886 3774 1031 3856 scintiliae
1052 3794 1161 3838 nomen
1177 3793 1273 3854 penes
1293 3792 1375 3836 mas-
1427 3782 1479 3839 663
1504 3780 1550 3837 636
1576 3797 1597 3838 α
1624 3774 1756 3853 spiritu,
1784 3781 1818 3838 66
1839 3796 1927 3855 pura
1947 3782 2026 3841 esset
2043 3781 2200 3860 peneratio
2221 3785 2249 3844 et
2270 3783 2402 3864 intepra,

399 3864 484 3929 66663
511 3883 629 3944 semper
654 3861 774 3925 residet.
819 3861 892 3924 Iam
919 3861 1012 3924 366666
1038 3860 1144 3924 uirilis
1168 3880 1261 3924 36663
1283 3878 1376 3938 6666-
1426 3860 1531 3940 qualis
1561 3861 1674 3940 futura
1706 3866 1773 3924 erat
1803 3866 1874 3924 ante
1899 3860 1992 3925 Adae
2022 3862 2157 3944 lapsum.
2200 3865 2251 3930 Ac
2276 3868 2403 3933 omnino

399 3950 533 4014 stantiae
554 3949 607 4012 hoc
624 3946 797 4011 6666666666
818 3951 853 4009 ut
873 3967 910 4010 66
925 3951 1056 4026 6666666
1072 3946 1241 4011 6666666666
1261 3945 1376 4009 6666663
1424 3946 1527 4026 haum
1557 3945 1611 4009 hoc
1636 3944 1724 4009 nobis
1755 3952 1871 4024 manet,
1905 3935 2023 4028 quitiae
2047 3950 2085 4013 de
2114 3947 2234 4015 Christi
2259 3953 2405 4032 puritate

399 4039 580 4100 censeantur
610 4032 673 4113 filii
701 4030 748 4094 eet
776 4031 937 4112 6666666663,
972 4034 1017 4095 ita
1044 4033 1138 4096 etiam
1165 4032 1199 4094 66
1230 4033 1376 4095 seruitute
1426 4052 1483 4095 nos
1503 4032 1644 4096 66666666
1664 4033 1831 4112 scriptura,
1852 4035 1957 4097 666666
1974 4054 2078 4097 veram
2091 4034 2402 4103 hominisnatnram:

394 4125 513 4202 partus
551 4123 686 4183 66666666
724 4118 884 4196 sequitur,
924 4118 1092 4182 sedendum
1132 4117 1374 4182 iurisconsultes.
1425 4117 1502 4198 quia
1532 4137 1759 4198 supervacuum
1790 4122 1867 4182 esset
1897 4120 2011 4197 dicere,
2045 4142 2167 4201 purum
2199 4143 2266 4188 esse
2285 4123 2400 4188 Derim

408 4206 494 4272 Unde
521 4204 661 4286 collipere
689 4200 789 4264 licebit
816 4221 854 4264 66
875 4207 1014 4267 materno
1034 4204 1151 4267 semine
1169 4203 1285 4283 foetum
1299 4223 1375 4282 pro-
1429 4202 1641 4283 Sanctificatio
1673 4204 1766 4267 etiam
1797 4205 1835 4268 de
1860 4225 1923 4283 qua
1951 4198 2088 4285 hauhur
2115 4205 2249 4273 Ioannis
2278 4214 2329 4272 17.
2362 4211 2400 4273 in

399 4291 510 4357 creari.
559 4289 604 4354 Et
637 4287 791 4352 communi
815 4289 954 4368 pentium
982 4309 1044 4352 usu
1067 4289 1195 4368 pridem
1222 4293 1375 4368 receptum
1426 4295 1544 4353 natura
1572 4289 1681 4354 diuina
1707 4290 1807 4352 666666
1832 4310 1894 4353 non
1921 4289 2049 4355 haberet.
2097 4293 2163 4357 Nec
2189 4314 2260 4359 vero
2280 4295 2400 4375 nuptm

399 4380 464 4460 fuit
485 4382 600 4441 matres
621 4372 726 4438 occari
746 4373 922 4454 penurias,
943 4374 994 4436 eui
1015 4378 1042 4437 et
1063 4373 1113 4437 666
1133 4372 1198 4437 Dei
1218 4375 1374 4452 6666366666,
1425 4374 1555 4457 6666666
1573 4374 1665 4438 Adae
1685 4395 1794 4453 semea,
1817 4378 1961 4455 quamvis
1979 4378 2069 4441 66666
2091 4378 2134 4442 ad
2152 4377 2308 4443 Christum
2329 4399 2402 4444 ean-

401 4484 480 4547 6666
496 4481 664 4544 perperam
692 4457 811 4538 alioqui
832 4458 1007 4539 coniupium
1029 4459 1176 4522 auunculi
1197 4480 1267 4523 cum
1288 4464 1374 4538 nepte
1426 4462 1509 4543 66666
1530 4461 1721 4542 pervenerit:
1752 4461 1828 4541 quia
1860 4461 1995 4526 66666663
2019 4463 2175 4545 pancratio
2194 4485 2255 4547 per
2281 4485 2314 4529 se
2342 4467 2404 4530 im·

399 4571 459 4614 sua
491 4552 619 4626 uetaret,
652 4545 729 4626 quia
755 4542 845 4606 nulla
877 4549 954 4607 esset
987 4545 1248 4627 consaupuinitas.
1300 4545 1374 4609 Viro
1425 4547 1545 4612 munda
1566 4551 1622 4609 666
1641 4546 1753 4609 vitiosa
1773 4566 1834 4610 uon
1855 4552 1911 4625 est,
1940 4549 1995 4611 sed
2015 4550 2213 4614 accidentalis
2235 4570 2273 4614 66
2295 4551 2402 4633 66636.
2430 4577 2435 4586 ·

399 4636 494 4699 etiam
516 4635 569 4716 fas
596 4636 672 4698 63366
698 4648 832 4695 sororem
859 4629 1015 4693 uterinam
1040 4631 1075 4692 in
1097 4631 1276 4712 6666666666
1297 4630 1375 4693 acci
1426 4632 1565 4696 Proinde
1585 4631 1665 4695 nihil
1683 4632 1841 4694 mirumsi
1855 4630 2005 4711 Christus,
2021 4654 2083 4714 per
2103 4655 2194 4716 6666
2210 4637 2402 4702 restituenda

394 4740 480 4801 pere,
502 4721 590 4783 modo
611 4739 650 4783 66
671 4716 766 4780 altero
781 4718 876 4795 patre
896 4719 973 4778 esset
992 4717 1105 4797 penita.
1151 4715 1253 4779 Sicuti
1273 4720 1375 4780 autem
1426 4723 1493 4783 erat
1514 4718 1690 4799 6666666663,
1716 4737 1738 4779 6
1758 4716 1883 4797 culpari
1904 4721 2096 4798 corruptiore
2115 4728 2275 4802 exemptus
2293 4722 2400 4803 fuerit.

397 4805 497 4886 fateor
516 4805 581 4868 eim
597 4803 764 4883 passivam
785 4798 924 4865 adscribi
934 4799 1126 4878 mulierem,
1149 4803 1194 4864 666
1210 4802 1374 4881 respondeo
1430 4803 1517 4884 Quod
1537 4805 1632 4866 etiam
1647 4823 1710 4882 pro
1731 4802 1865 4866 absurdo
1882 4802 1969 4868 uobis
1984 4804 2156 4883 obtrudunt,
2178 4808 2209 4871 si
2225 4827 2325 4871 sermo
2337 4808 2402 4874 Dei

355 4942 358 4955 .
399 4889 438 4955 dc
457 4888 524 4954 illis
540 4889 719 4969 promiscue
739 4887 822 4952 666666
837 4886 1021 4967 praedicari
1042 4886 1124 4967 quad
1141 4887 1277 4951 deciris.
1313 4887 1374 4950 Ne
1426 4908 1550 4953 carrum
1573 4889 1691 4964 induit,
1717 4888 1817 4967 fuisse
1846 4888 1945 4970 666666
1971 4895 2100 4972 anpusta
2126 4894 2241 4956 terreni
2263 4896 2403 4974 corporis

399 4994 457 5056 qne
478 4974 562 5037 66666
585 4971 730 5037 Christus
750 4975 817 5054 ipse
837 4972 954 5036 dieitur
974 4969 1063 5056 (Gal.
1084 4976 1119 5050 4,
1139 4971 1174 5055 4)
1195 4972 1299 5052 (amus
1315 4992 1374 5052 per
1425 4973 1578 5056 erpastulo
1600 4973 1770 5050 inclusum,
1792 4993 1879 5037 mera
1900 4980 1945 5037 est
1959 4978 2152 5055 prcmeitas,
2174 4979 2265 5058 quia,
2286 4981 2346 5043 etsi
2366 4982 2402 5044 in

399 5060 574 5136 66666666,
602 5058 656 5141 sed
676 5078 716 5122 66
736 5058 872 5122 muliere.
916 5056 966 5121 Ac
986 5056 1118 5139 qnidam
1138 5076 1177 5122 66
1199 5076 1304 5120 eorum
1324 5077 1374 5120 ca
1426 5079 1523 5121 renam
1544 5078 1714 5138 personam
1732 5053 1855 5122 'maluit
1880 5060 2034 5125 immensa
2058 5064 2142 5126 verbi
2169 5065 2303 5128 essentia
2330 5084 2403 5130 6663

399 5150 501 5223 terra,
533 5161 660 5208 6666336
682 5144 821 5222 pudore,
854 5144 952 5207 nimis
979 5147 1120 5225 66666666
1152 5147 1307 5223 quaerunt
1332 5163 1374 5206 66
1425 5149 1542 5207 natura
1563 5143 1712 5222 laminis,
1736 5144 1858 5208 nullam
1884 5150 1987 5209 tamen
2014 5148 2215 5212 inclusionem
2240 5148 2401 5233 finpimus.

400 5230 501 5297 diem
531 5228 664 5292 uelimus
698 5248 736 5290 66
772 5229 888 5292 semine
924 5227 1109 5294 menstruali
1140 5228 1275 5310 cirpinis
1301 5248 1374 5310 pro
1427 5229 1620 5293 Mirabiliter
1645 5230 1728 5295 enim
1756 5231 1871 5295 eccela
1891 5232 2046 5297 6663666666
2064 5232 2154 5311 filins
2174 5232 2254 5311 Dei,
2281 5241 2317 5298 ut
2337 5256 2401 5302 cce-

400 5321 539 5383 6666666
564 5333 630 5378 6336
652 5310 829 5392 Christum,-
855 5315 932 5394 quia
958 5315 1099 5380 66663366
1120 5313 1291 5396 excipiam,
1318 5334 1374 5378 am
1426 5316 1493 5380 lum
1518 5320 1620 5380 tamm
1645 5337 1707 5380 non
1727 5316 1927 5399 relinqueret;
1953 5319 2142 5384 mirabiliter
2165 5320 2201 5382 in
2228 5325 2314 5385 utero
2334 5322 2402 5386 cir-

400 5423 463 5468 nan
484 5399 632 5468 coaluerit
650 5398 687 5462 in
713 5399 826 5462 matris
852 5402 1018 5482 36666666,
1046 5400 1127 5482 quod
1152 5400 1248 5481 fateri
1273 5420 1377 5483 66666
1425 5402 1511 5484 pinis
1537 5404 1668 5484 posteri,
1695 5403 1731 5466 in
1757 5403 1852 5467 terris
1874 5404 2008 5481 uersari,
2037 5409 2065 5467 et
2092 5405 2127 5467 in
2153 5425 2243 5469 cruce
2261 5407 2402 5486 pandere

401 5493 462 5552 666.
501 5485 585 5567 Apte
605 5504 676 5568 erpo
698 5503 736 5548 66
754 5481 908 5548 Matthaei
928 5485 1029 5550 666663
1049 5486 1217 5568 conficitur,
1240 5486 1316 5566 quia
1337 5492 1375 5550 66
1426 5488 1531 5567 voluit,
1552 5492 1587 5551 ut
1608 5509 1726 5571 semper
1746 5489 1898 5555 mundum
1918 5488 2064 5570 impleret,
2087 5491 2169 5554 36666
2189 5490 2229 5554 ab
2250 5492 2350 5558 666666.

402 5570 529 5661 Maria¹
540 5571 665 5654 penitus
690 5572 735 5634 est
758 5565 918 5648 Christus,
941 5577 1141 5651 procreatum
1162 5591 1227 5637 6336
1248 5592 1286 5635 ee
1307 5573 1375 5636 6663

400 5656 531 5735 sauine,
557 5655 651 5722 366666
676 5674 774 5738 quum
798 5652 916 5719 duitor
936 5655 1022 5721 Boos
1047 5659 1171 5740 6666663
1196 5677 1235 5724 66
1261 5656 1375 5723 Rahab
