5600 6809
423 741 484 804 551
1066 735 1331 803 mammo
1353 736 1459 802 ΗΕΒ.
1479 735 1662 806 ΟΗΒΙΒΤ.
1687 742 1780 804 1559.
2362 740 2425 801 552

425 927 531 1010 cipere
559 926 594 988 in
621 924 777 1008 gratiam,
806 945 866 989 nec
895 923 955 989 sibi
984 923 1161 1007 adiungere
1188 931 1295 1006 potest
1322 924 1403 1005 quin
1453 924 1534 989 solos
1561 946 1626 990 esse
1653 927 1765 1004 iactos,
1795 925 2063 1005 05105510οι550
2089 925 2306 989 misericordia
2327 945 2427 991 conse-

424 1034 465 1077 er
487 1017 653 1094 peccatore
676 1011 798 1074 iustum
821 1010 928 1074 faciat.
962 1008 1056 1074 Istud
1078 1008 1227 1074 addimus
1248 1011 1320 1073 fieri
1342 1030 1401 1091 per
1453 1011 1644 1091 quatiant.

423 1103 628 1180 peccatorum
649 1095 881 1160 remissionem.
915 1095 1001 1160 Nam
1022 1095 1049 1159 si
1073 1095 1114 1159 ab
1134 1094 1284 1176 operibus
1304 1095 1401 1159 aesti-
1540 1099 1589 1159 93.
1633 1095 1722 1160 Η150
1744 1102 1778 1158 55
1798 1095 1880 1159 11155
1903 1095 2083 1173 conficitur,
2107 1095 2176 1160 sola
2196 1095 2428 1161 intercessione

423 1190 556 1247 mentur
577 1201 658 1263 quos
680 1180 742 1244 sibi
761 1181 924 1245 Dominus
946 1181 1175 1258 reconciliavit,
1197 1180 1401 1262 reperientur
1452 1181 1597 1246 iustitiae
1621 1181 1747 1246 Christi
1774 1203 1834 1246 nos
1856 1181 2017 1259 obtinere,
2046 1187 2085 1244 ut
2111 1202 2220 1246 coram
2243 1182 2315 1245 Dec
2336 1182 2429 1246 iusti-

423 1268 603 1332 ctiamnum
637 1287 753 1331 revera
784 1273 983 1348 peccatores,
1017 1288 1096 1348 0505
1129 1274 1239 1330 tamen
1268 1272 1400 1348 peccato
1453 1268 1597 1331 ficemur.
1632 1264 1729 1346 Quod
1752 1266 1887 1349 perinde
1909 1266 1997 1331 valet
2018 1286 2055 1331 ac
2078 1267 2105 1330 51
2127 1265 2298 1346 diceretur,
2321 1267 2429 1331 homi-

424 1354 548 1417 solutos
569 1373 734 1434 purosque
756 1373 826 1417 esse
848 1361 983 1435 oportet.
1017 1350 1156 1417 Constat
1178 1353 1296 1433 itaque,
1320 1372 1400 1432 quos
1453 1373 1530 1416 nem
1557 1373 1622 1416 505
1650 1353 1684 1415 15
1712 1373 1747 1416 55
1774 1354 1844 1434 1050
1866 1353 1987 1416 iustum
2010 1372 2095 1429 5555,
2126 1349 2184 1415 555
2204 1353 2280 1435 0515
2303 1351 2427 1418 Christi

423 1436 517 1503 Deus
539 1436 761 1519 amplectitur,
791 1458 855 1501 non
883 1438 978 1501 aliter
1004 1438 1076 1501 fieri
1104 1437 1206 1502 iustos
1230 1437 1294 1501 nisi
1315 1436 1400 1519 quod
1453 1438 1579 1501 iustitia
1598 1439 1812 1518 imputatione
1839 1459 1914 1502 cum
1938 1436 1995 1501 illo
2020 1437 2286 1502 communicatur.
2332 1436 2429 1518 Quod

425 1524 580 1589 abstersis
609 1530 815 1605 peccatorum
842 1524 1032 1587 remissione
1059 1523 1196 1588 maculis
1224 1523 1400 1605 purifican-
1454 1530 1606 1588 accurata
1645 1522 1927 1587 animadversione
1963 1522 2099 1606 dignum
2138 1531 2196 1587 est.
2258 1521 2428 1606 Siquidem

424 1612 495 1673 tur:
518 1616 556 1673 ut
577 1609 653 1672 talis
674 1609 798 1673 iustitia
818 1630 885 1672 uno
906 1608 1006 1673 verbo
1028 1608 1185 1691 appellari
1207 1616 1306 1690 queat
1324 1629 1399 1690 pec-
1453 1608 1620 1673 evanescit
1645 1618 1884 1691 nugamentum
1911 1608 2006 1686 illud,
2034 1607 2106 1672 ideo
2133 1609 2302 1674 iustificari
2324 1608 2428 1673 homi·

416 1701 573 1770 05505515
595 1694 751 1758 remissio,
1452 1715 1529 1758 nem
1551 1692 1631 1770 fide,
1654 1695 1809 1775 quoniam
1831 1694 1889 1758 illa
1911 1694 2061 1776 spiritum
2082 1694 2146 1758 Dei
2168 1695 2344 1776 participat
2365 1715 2428 1775 quo

511 1783 561 1843 22.
605 1780 789 1860 Utrumque
822 1779 939 1842 horum
973 1778 1191 1860 pulcherrime
1223 1778 1326 1860 liquet
1358 1799 1399 1843 ex
1452 1779 1557 1844 iustus
1574 1777 1732 1857 redditur,
1755 1779 1836 1860 qood
1857 1802 1891 1843 m
1936 1779 1962 1844 's
1984 1787 2035 1844 555
2050 1780 2249 1843 contrarium
2268 1781 2428 1862 superiori

425 1866 497 1930 istis
518 1864 616 1929 Pauli
644 1864 752 1929 verbis
781 1885 859 1944 qaae
886 1865 952 1928 ioci
979 1864 1123 1928 recitavi:
1151 1871 1222 1927 erat
1243 1863 1335 1926 Deus
1364 1864 1400 1926 in
1453 1863 1619 1929 doctrinae
1648 1885 1743 1945 0555(
1769 1870 1846 1928 otc
1908 1865 1991 1929 ‘ioci
2011 1885 2150 1946 5505055
2170 1871 2269 1945 queat.
2313 1864 2429 1948 Neque

425 1949 559 2016 Christo
591 1949 751 2013 mundum
785 1948 846 2013 sibi
873 1950 1101 2028 reconcilians,
1135 1970 1202 2012 non
1235 1949 1400 2031 imputans
1453 1950 1540 2013 enim
1568 1947 1703 2014 dubium
1730 1951 1809 2032 quin
1837 1951 1880 2015 sit
1900 1951 1994 2032 inops
2015 1951 2165 2033 propriae
2186 1952 2345 2028 iustitiae,
2373 1952 2429 2032 qui

358 2069 367 2086 ν
424 2036 610 2100 hominibus
632 2057 691 2099 sua
713 2034 840 2113 delicta,
863 2044 896 2098 et
917 2034 1063 2116 deposuit
1081 2033 1169 2116 apud
1186 2055 1245 2098 nos
1262 2033 1400 2100 verbum
1451 2035 1611 2100 iustitiam
1650 2042 1745 2099 extra
1784 2057 1818 2100 se
1857 2037 1966 2118 ipsum
2005 2055 2159 2118 quaerere
2191 2034 2332 2100 docetur.
2388 2035 2428 2099 Id

423 2121 695 2186 reconciliationis
715 2120 749 2205 (2
763 2120 836 2184 Cor.
851 2125 879 2198 5,
895 2124 932 2183 19
945 2119 1056 2204 seqq).
1088 2118 1216 2184 Deinde
1239 2141 1401 2184 summam
1452 2127 1562 2184 autem
1595 2119 1774 2186 clarissimo
1804 2122 1921 2186 asserit
1952 2121 2115 2204 apostolus
2145 2119 2179 2205 (2
2200 2120 2273 2185 Cor.
2301 2126 2333 2199 5,
2361 2121 2427 2204 21),

425 2228 503 2272 suae
525 2208 696 2289 legationis
719 2206 841 2270 subdit:
871 2227 947 2269 eum
975 2207 1031 2287 qui
1058 2212 1228 2287 peccatum
1255 2227 1321 2269 non
1342 2228 1401 2268 no·
1454 2227 1555 2288 quum
1577 2206 1705 2284 scribit,
1736 2228 1811 2271 eum
1833 2208 1889 2289 qui
1913 2215 2082 2289 peccatum
2104 2228 2172 2271 non
2193 2213 2345 2286 noverat,
2368 2228 2428 2289 pro

424 2300 526 2370 verat,
544 2313 603 2374 pro
625 2292 719 2356 nobis
741 2297 909 2373 peccatum
930 2291 1016 2369 fecit,
1038 2300 1076 2354 ut
1097 2290 1222 2354 iustitia
1242 2291 1309 2355 Dei
1331 2291 1400 2355 effi·
1452 2291 1545 2355 nobis
1573 2291 1713 2356 hostiam
1741 2293 1865 2374 peccati
1892 2293 2104 2375 expiatricem
2133 2313 2203 2356 5555
2224 2293 2362 2372 factum,
2390 2300 2429 2355 ut

425 2399 573 2443 ceremur
601 2378 636 2441 in
663 2377 729 2440 illo.
774 2376 941 2441 Iustitiam
968 2385 1001 2441 et
1025 2376 1321 2441 reconciliationem
1348 2376 1401 2441 hic
1454 2376 1658 2441 efficeremur
1684 2376 1895 2442 iustitiaDci
1918 2379 2054 2460 inipso.
2099 2376 2203 2442 Vides
2224 2399 2291 2441 non
2312 2378 2349 2440 in
2371 2399 2429 2442 no-

425 2465 607 2547 promiscuc
629 2463 790 2539 nominat,
818 2469 855 2526 ut
882 2463 1021 2526 alterum
1048 2463 1109 2526 sub
1132 2462 1234 2525 altero
1256 2462 1400 2526 vicissim
1453 2462 1517 2541 bis,
1551 2462 1608 2526 555
1633 2462 1826 2527 inChristo
1855 2485 1925 2528 5555
1954 2464 2114 2528 iustitiam
2140 2470 2304 2541 nostram;
2338 2465 2430 2528 nobis

425 2549 585 2614 contineri
611 2547 843 2630 intelligamus.
888 2548 1025 2613 Modum
1047 2555 1157 2611 autem
1180 2546 1400 2628 assequendae
1452 2554 1581 2611 tantum
1603 2569 1641 2611 50
1663 2548 1734 2612 iure
1755 2554 1939 2631 competere
1965 2551 2042 2632 quia
2065 2548 2191 2613 Christi
2219 2570 2332 2614 sumus
2356 2572 2431 2631 par·

425 2634 523 2699 huius
544 2633 687 2698 iustitiae
709 2632 817 2711 docet,
846 2632 924 2697 dum
950 2632 1044 2697 nobis
1067 2631 1269 2698 5511055505
1292 2633 1399 2714 impu·
1453 2633 1580 2715 ticipes:
1606 2634 1765 2715 siquidem
1787 2656 1900 2699 omnes
1922 2635 1992 2699 eius
2014 2634 2146 2699 divitias
2168 2655 2243 2699 cum
2264 2635 2341 2716 ipso
2356 2657 2430 2719 pos·

423 2727 544 2784 tantur.
600 2716 711 2798 Quare
746 2741 788 2782 nc
820 2719 956 2801 posthac
989 2717 1116 2782 dubites
1148 2716 1307 2799 quomodo
1339 2739 1399 2782 505
1452 2717 1604 2783 sidemus.
1649 2718 1718 2783 Nec
1746 2720 1854 2785 obstat
1878 2720 1966 2802 quod
1988 2720 2066 2785 alibi
2088 2719 2182 2786 docet
2204 2718 2313 2802 (Rem.
2333 2724 2363 2798 8,
2384 2718 2427 2803 3),

374 2847 376 2851 ψ
421 2803 515 2869 Deus
547 2805 713 2882 iustificat,
748 2825 850 2886 quum
882 2803 975 2868 audis
1003 2803 1210 2869 reconciliare
1238 2825 1298 2868 nos
1326 2803 1397 2881 sibi,
1452 2802 1643 2867 damnatum
1682 2825 1753 2869 esse
1787 2805 1827 2870 de
1866 2813 1997 2887 peccato
2033 2813 2202 2887 peccatum
2232 2806 2267 2869 in
2299 2804 2424 2870 Christi

421 2911 488 2956 non
519 2889 711 2972 imputando
744 2887 870 2954 delicta.
926 2887 983 2955 Sic
1016 2888 1059 2953 ad
1090 2889 1257 2953 Romanos
1285 2889 1336 2972 (4,
1363 2888 1398 2973 6)
1451 2909 1563 2966 carne,
1592 2890 1779 2954 5515551515
1807 2891 1890 2975 legis
1917 2891 2135 2973 compleretur
2164 2891 2201 2953 in
2230 2889 2335 2967 nobis;
2367 2889 2423 2952 ubi

420 2975 560 3040 Doridis
576 2975 759 3039 testimonio
776 2975 902 3058 probat,
920 2975 1046 3039 homini
1063 2975 1221 3056 imputari
1238 2974 1399 3038 iustitiam
1450 2995 1518 3037 non
1545 2973 1634 3038 aliud
1662 2977 1936 3060 complementum
1964 2975 2113 3060 designat
2139 2996 2236 3056 quam
2258 2974 2342 3055 quod
2361 2975 2423 3036 im·

408 3061 493 3136 ,5155
510 3058 670 3142 operibus,
693 3061 771 3142 quia
790 3060 846 3124 illc
867 3061 1002 3125 beatum
1018 3062 1209 3143 pronuntiat
1230 3059 1399 3124 hominem
1450 3062 1619 3141 putatione
1647 3061 1883 3144 consequimur.
1928 3062 1979 3126 Eo
2006 3063 2093 3126 enim
2115 3061 2185 3123 iuro
2206 3061 2425 3124 communicat

422 3147 515 3210 cuius
547 3145 703 3210 remissae
730 3153 808 3209 5555
835 3147 1038 3229 iniquitates,
1077 3147 1170 3211 cuius
1202 3152 1288 3209 55055
1321 3152 1400 3210 sunt
1450 3145 1618 3209 nobiscum
1639 3144 1809 3211 Dominus»
1824 3145 1978 3213 Christus
1999 3167 2093 3213 suam
2113 3145 2281 3223 iustitiam,
2305 3152 2343 3208 ut
2364 3145 2425 3209 mi-

421 3236 562 3313 peccata,
585 3231 637 3296 cui
655 3232 820 3296 Dominus
841 3253 908 3296 non
929 3232 1104 3314 imputavit
1125 3230 1253 3296 delicta.
1285 3230 1398 3295 Beati·
1450 3229 1546 3294 rabili
1568 3230 1708 3313 quodam
1730 3231 1836 3311 modo,
1859 3239 2017 3315 quantum
2038 3231 2180 3313 pertinet
2201 3230 2244 3294 ad
2260 3229 2325 3294 Dei
2342 3229 2426 3294 iudi·

421 3315 568 3381 tudinem
589 3316 705 3399 050051
727 3316 825 3380 55510
853 3338 912 3399 pro
933 3318 1057 3382 iustitia
1077 3316 1145 3381 illic
1167 3317 1267 3398 ponit.
1312 3317 1399 3381 Eam
1451 3317 1546 3395 cium,
1570 3317 1639 3382 vim
1660 3316 1730 3381 5155
1751 3317 1787 3381 15
1809 3339 1868 3382 505
1889 3315 2105 3383 transfundat.
2141 3315 2244 3381 Aliud
2265 3337 2331 3379 non
2353 3338 2427 3380 555-

422 3423 523 3486 quum
550 3413 675 3467 asserat
702 3402 737 3464 in
764 3403 956 3467 remissione
984 3409 1190 3485 peccatorum
1214 3403 1398 3482 consistere,
1442 3401 1532 3466 ’51555
1555 3401 1683 3466 abunde
1704 3402 1807 3485 liquet
1826 3425 1868 3468 ex
1889 3402 1992 3467 altera
2013 3402 2185 3480 sententia,
2209 3422 2308 3484 quam
2329 3400 2427 3483 paulo

421 3507 489 3552 505
518 3495 568 3553 555
594 3509 654 3553 cur
676 3486 771 3552 aliter
798 3489 903 3571 ipsam
926 3487 1127 3553 definiamus.
1172 3486 1316 3553 Proinde
1336 3488 1400 3552 Za·
1452 3494 1528 3552 ante
1547 3495 1702 3570 posucrat
1719 3488 1809 3574 (ibid.
1830 3493 1858 3568 5,
1874 3487 1943 3572 19):
1966 3486 2240 3571 quemadmodum
2260 3507 2318 3569 per
2329 3487 2428 3551 unius

424 3573 562 3652 chariss,
584 3580 678 3655 pater
699 3573 836 3639 Ioannis
845 3574 1025 3656 Baptistae,
1048 3573 1267 3657 cognitionem
1285 3573 1400 3638 salutis
1451 3571 1708 3638 inobedientiam·
1733 3574 1901 3648 constituti
1928 3595 2041 3638 sumus
2069 3585 2270 3656 peccatores,
2297 3572 2344 3636 ita
2368 3594 2429 3655 per

423 3660 458 3724 iu
477 3660 667 3724 remissione
689 3667 897 3741 peccatorum
913 3660 1054 3743 positam
1076 3661 1164 3725 canit
1181 3659 1277 3743 (Luc.
1293 3663 1319 3739 1,
1333 3658 1398 3744 77).
1452 3657 1671 3723 obedientiam
1697 3660 1795 3725 unius
1819 3658 2038 3743 iustificari-¹)
2084 3657 2173 3739 Quid
2199 3657 2289 3723 aliud
2315 3665 2366 3723 555
2392 3659 2428 3721 15

424 3742 534 3826 Quam
561 3745 711 3827 regulam
731 3753 887 3828 sequutus
908 3746 1034 3810 Paulus
1058 3745 1098 3819 ,15
1124 3745 1279 3811 00501055
1301 3765 1400 3827 quam
1453 3742 1579 3809 Christi
1601 3743 1785 3810 obedientia
1811 3743 1967 3810 collocare
1991 3754 2139 3810 nostram
2160 3745 2334 3822 iustitiam,
2363 3743 2429 3808 nisi

425 3829 466 3895 55
494 3829 608 3894 5515515
635 3851 763 3894 summa
789 3851 809 3894 a
831 3830 877 3895 55
905 3830 1128 3897 Antiochencs
1160 3830 1289 3908 babuit,
1324 3851 1400 3896 con·
1453 3850 1598 3897 asserere
1631 3850 1669 3894 50
1703 3830 1770 3895 5010
1801 3852 1861 3895 505
1893 3830 2007 3895 haberi
2040 3832 2158 3908 iustos,
2191 3830 2270 3912 quia
2303 3828 2430 3895 Christi
2534 3902 2538 3907 ,

425 3913 558 3980 clusisse
585 3916 620 3978 in
642 3915 730 3980 hunc
751 3853 885 3981 510555]
907 3939 927 3981 5
949 3918 1042 3981 Luca
1063 3924 1218 3981 narratur
1239 3916 1328 3999 (Act.
1352 3921 1398 3995 13,
1453 3914 1637 3979 obedientia
1658 3916 1752 3981 nobis
1773 3922 1906 3999 accepta
1926 3917 2046 3995 fertur,
2071 3937 2109 3981 50
2137 3917 2166 3981 51
2187 3923 2299 3981 nostra
2320 3914 2428 3979 esset?

426 3998 497 4083 38):
521 4021 580 4081 per
602 3999 690 4064 hunc
712 4002 859 4067 remissio
880 4010 1089 4085 peccatorum
1110 4001 1203 4068 vobis
1225 4003 1399 4066 annuntia·
1454 3999 1565 4081 Quare
1582 4001 1664 4065 mihi
1676 4001 1918 4085 elegantissime
1934 4002 2065 4068 videtur
2077 4003 2272 4067 Ambrosius
2280 3999 2309 4084 ²)
2330 4001 2429 4064 huius

424 4092 489 4162 tur,
513 4092 546 4148 55
567 4084 607 4149 55
630 4085 781 4150 omnibus
802 4088 842 4151 iis
864 4107 884 4150 a
905 4087 1022 4169 051555
1045 4108 1110 4152 505
1132 4087 1284 4169 potuistis
1304 4088 1398 4152 iusti·
1452 4085 1595 4151 iustitiae
1617 4085 1809 4171 paradigma
1833 4089 1868 4152 in
1897 4087 2122 4153 benedictione
2143 4086 2240 4151 Iacob
2262 4087 2414 4149 statuisse
2421 4109 2428 4162 ;

424 4172 517 4236 ficari
543 4172 579 4234 in
607 4170 679 4253 lege
701 4171 819 4250 Mosis,
847 4173 882 4236 in
904 4173 993 4238 hunc
1014 4174 1120 4240 omnis
1146 4174 1203 4256 qui
1223 4171 1327 4238 credit
1350 4174 1400 4237 iu·
1452 4193 1579 4255 nempe,
1599 4172 1871 4256 quemadmodum
1892 4173 1947 4237 ille
1967 4175 2261 4257 primogenituram
2279 4193 2299 4234 a
2312 4193 2346 4234 55
2359 4172 2427 4251 1050

425 4257 593 4322 stificatur.
650 4254 706 4320 Sic
740 4259 965 4322 remissionem
996 4266 1205 4340 pcccatorum
1238 4260 1401 4325 connectit
1452 4279 1519 4323 non
1540 4259 1686 4337 meritus,
1709 4258 1825 4323 habitu
1845 4260 1958 4324 fratris
1975 4259 2165 4336 occultatus,
2188 4258 2320 4337 eiusque
2338 4263 2428 4320 veste
2511 4306 2528 4326 .

425 4342 590 4426 500550155
612 4362 686 4405 cum
708 4342 845 4419 iustitia,
874 4350 912 4406 ut
932 4343 1021 4408 idem
1042 4365 1177 4427 prorsus
1199 4364 1269 4408 esse
1291 4353 1400 4409 osten-
1451 4344 1600 4423 indutus,
1630 4364 1713 4427 quae
1741 4346 1900 4427 optimum
1922 4343 2054 4409 odorem
2076 4342 2233 4426 spirabat,
2262 4361 2297 4402 so
2318 4341 2427 4422 ipsum

424 4424 495 4508 dat;
523 4426 611 4491 5555
639 4429 756 4492 merito
779 4429 991 4494 ratiocinatur
1011 4431 1191 4514 gratuitam
1213 4451 1283 4493 esse
1305 4430 1400 4495 nobis
1452 4430 1634 4495 insinuarit
1659 4430 1760 4511 patri,
1787 4438 1826 4494 55
1853 4451 1911 4494 550
1939 4427 2106 4494 commodo
2133 4426 2194 4492 sub
2221 4425 2328 4489 511555
2355 4445 2429 4506 per-

408 4514 584 4579 .iustitiam
610 4535 708 4596 quam
734 4513 940 4597 indulgentia
960 4514 1025 4579 Dei
1047 4515 1240 4590 obtinemus.
1284 4515 1401 4598 Neque
1453 4536 1534 4580 sona
1560 4514 1821 4580 benedictionem
1851 4515 2024 4596 acciperet:
2056 4513 2102 4575 ita
2128 4531 2188 4575 505
2214 4508 2276 4573 555
2304 4508 2429 4574 Christi

423 4599 581 4664 inusitata
603 4597 707 4664 videri
730 4598 827 4663 55555
847 4599 1001 4682 10055510,
1025 4602 1128 4665 iustos
1150 4622 1215 4665 non
1238 4601 1399 4682 operibus,
1454 4601 1661 4685 primogeniti
1689 4602 1792 4665 nostri
1820 4600 1931 4662 fratris
1958 4599 2102 4679 pretiosa
2128 4595 2272 4678 puritate
2299 4593 2431 4659 delites-

425 4684 482 4750 sed
516 4685 661 4768 gratuita
700 4686 888 4768 acceptione
929 4707 999 4751 5555
1030 4684 1143 4751 fideles
1175 4707 1284 4750 coram
1314 4687 1401 4766 Deo,
1455 4706 1543 4764 cere,
1571 4692 1611 4751 ut
1638 4685 1861 4749 testimonium
1887 4683 2032 4746 iustitiae
2055 4703 2074 4745 a
2097 4689 2271 4762 conspectu
2293 4681 2359 4744 Dei
2379 4702 2431 4745 re-

424 4789 525 4852 quum
558 4778 591 4834 et
623 4771 718 4834 toties
751 4779 902 4836 occurrat
932 4772 968 4835 in
1001 4773 1176 4854 scriptura,
1210 4779 1243 4835 et
1274 4779 1402 4838 veteres
1454 4771 1606 4835 feramus.
1639 4769 1752 4834 Verba
1768 4767 1936 4833 Ambrosii
1957 4774 2048 4831 sunt:
2074 4765 2162 4849 quod
2182 4766 2277 4830 Isaac
2299 4765 2430 4830 odorem

426 4855 525 4918 etiam
556 4854 723 4919 interdurn
756 4857 802 4920 sic
834 4856 1017 4939 loquantur.
1075 4854 1131 4921 Sic
1162 4857 1251 4920 enim
1283 4856 1403 4922 alicubi
1454 4857 1595 4921 vestium
1616 4854 1731 4932 olfecit,
1754 4855 1892 4918 fortasse
1912 4851 1995 4916 illud
2017 4859 2075 4930 cst,
2098 4851 2175 4934 quia
2196 4872 2264 4915 non
2280 4853 2432 4933 operibus

427 4938 647 5021 Augustinus:
662 4938 686 5023 ¹)
726 4949 913 5007 sanctorum
946 4942 1071 5007 iustitia
1102 4943 1137 5006 in
1178 4942 1240 5007 hoc
1278 4941 1403 5007 mundo
1454 4941 1681 5017 iustificamur‚
1710 4938 1767 5002 sed
1793 4937 1887 5030 fide,
1906 4937 2061 5020 quoniam
2089 4937 2230 5002 camelis
2256 4937 2432 5003 infirmitas

426 5023 533 5105 magis
555 5031 761 5106 peccatorum
781 5029 972 5092 remissione
998 5035 1126 5093 constat
1153 5048 1252 5110 quam
1277 5028 1402 5110 perfec·
1454 5048 1473 5090 0
1515 5026 1605 5090 ribus
1622 5023 1854 5106 impedimento
1872 5031 1930 5100 est,
1953 5023 2011 5088 555
2027 5022 2105 5088 fidei
2122 5023 2255 5089 claritas
2273 5024 2432 5088 factorum

362 5138 365 5146 ·
426 5109 513 5173 tione
525 5109 692 5172 virtutum.
729 5110 790 5175 Cui
806 5113 989 5194 respondent
1003 5113 1189 5196 praeclarae
1199 5110 1401 5195 Bernordi2)
1454 5110 1627 5176 cumbrat
1654 5129 1813 5188 errorem,
1849 5130 1933 5192 quae
1961 5116 2107 5174 meretur
2135 5109 2267 5176 veniam
2299 5106 2430 5173 delicto-

321 5212 323 5217 ·
365 5222 369 5230 ·
426 5195 609 5271 sententiae,
630 5214 834 5276 aocpcccore,
853 5198 918 5263 Dei
934 5199 1060 5264 iustitio
1073 5204 1133 5278 est;
1154 5197 1289 5261 50555515
1300 5202 1403 5261 aaran
1453 5217 1535 5262 rum.
1581 5195 1628 5260 Et
1648 5215 1727 5259 sane
1749 5194 1796 5259 ita
1816 5216 1870 5260 res
1890 5194 1997 5260 55555
2042 5196 2128 5261 Nam
2149 5217 2214 5278 quo
2235 5195 2271 5256 in
2292 5193 2431 5257 salutem

426 5280 565 5357 iustitio,
598 5278 663 5344 Dei
684 5280 886 5364 indulgentia.
929 5283 1012 5349 Arce
1043 5290 1145 5349 55550(
1172 5288 1357 5362 asseruerat,
1371 5283 1400 5366 ⁸)
1455 5302 1565 5348 coram
1598 5281 1681 5346 facie
1712 5278 1778 5346 Dei
1809 5301 2072 5365 compareamus,
2112 5281 2196 5346 bono
2234 5279 2304 5342 eius
2333 5276 2430 5341 odore

427 5364 585 5431 05555555
611 5364 699 5431 50515
726 5387 790 5431 esse
817 5368 972 5434 iristitiam
993 5371 1029 5435 ia
1049 5369 1249 5447 obsohdioae,
1276 5368 1403 5450 1550055
1453 5369 1601 5452 fragrare
1629 5387 1689 5432 505
1717 5387 1849 5433 necesse
1878 5375 1943 5447 est,
1978 5374 2011 5432 55
2037 5367 2107 5431 5155
2131 5364 2327 5448 perfectione
2349 5363 2430 5427 vitia

427 5499 631 5530 -ψ
1455 5461 1569 5520 nostra
1589 5453 1699 5538 obtegi
1723 5476 1760 5520 ac
1782 5453 1922 5537 sepeliri.

494 5571 524 5638 1)
541 5571 615 5625 Libr.
636 5573 669 5625 de
687 5571 762 5624 civit.
779 5571 829 5624 Dei
848 5570 888 5625 19.
906 5589 928 5626 0.
946 5572 988 5627 at.
1065 5573 1096 5644 2)
1116 5575 1201 5630 Scrm.
1216 5571 1258 5629 93.
1277 5575 1305 5628 15
1323 5571 1401 5628 Cant.

425 5637 455 5699 3)
473 5639 544 5692 Ibid
563 5639 648 5694 Sami.
666 5639 708 5694 22.
1524 5642 1554 5710 1)
1574 5640 1737 5698 81505555.
1805 5640 1833 5708 9)
1851 5640 1925 5694 libr.
1944 5637 1969 5693 9.
1986 5639 2022 5691 55
2038 5638 2121 5692 laceb
2138 5641 2167 5688 et
2183 5634 2241 5687 vito
2257 5634 2346 5702 beate,
2364 5652 2387 5688 c.
2405 5634 2431 5688 2.
