5600 6809
395 778 432 838 61
664 826 666 829 -
784 777 873 841 LIB.
897 777 923 841 I.
969 777 1032 841 DE
1056 774 1344 841 OOGNI'PIONE
1367 775 1451 840 DEI
1473 775 1746 842 OREATORIS.
1793 775 1892 842 CAP.
1915 775 2011 871 vm.
2363 778 2404 838 62

352 1018 353 1023 ,
396 963 485 1046 oripo
508 965 645 1027 ceruitur
665 968 752 1027 truita
775 965 898 1027 inscitia
920 969 948 1028 ct
968 965 1145 1047 stupiditas.
1186 965 1306 1047 Vulpes
1324 985 1374 1028 aa
1427 965 1596 1048 Siquidem
1630 967 1670 1030 ab
1699 966 1788 1030 omni
1823 965 2026 1030 dubitatione
2058 965 2244 1030 vindicatur
2272 965 2404 1042 veritas,

396 1051 480 1114 miuo
497 1051 685 1130 praecipruos
707 1051 801 1114 etiam
822 1069 964 1131 quosque,
987 1053 1078 1115 darec
1099 1052 1133 1114 iu
1153 1052 1294 1116 ecclesiae
1312 1071 1374 1113 cor-
1426 1054 1482 1117 ubi
1504 1072 1570 1115 non
1593 1052 1708 1116 alienis
1729 1051 1864 1116 suffulta
1885 1051 2071 1133 praesidiis,
2095 1051 2163 1115 sola
2185 1051 2257 1133 ipsa
2279 1050 2341 1116 sibi
2364 1049 2405 1114 ad

392 1156 458 1218 pus
490 1137 582 1198 iusiti
612 1136 738 1217 fuerirtt.
782 1136 876 1200 Adde
904 1138 985 1217 arud
1014 1136 1139 1200 Icsaias
1168 1138 1288 1219 (53,1)
1315 1157 1374 1199 nou
1427 1161 1461 1203 se
1490 1137 1715 1202 sustinendam
1744 1137 1873 1202 sufficit.
1925 1136 2017 1201 Haec
2046 1145 2158 1200 autem
2179 1138 2285 1201 virtus
2306 1157 2405 1219 quam

398 1222 553 1287 suranus
575 1221 676 1300 modo,
705 1221 758 1285 sed
781 1220 913 1286 Iudaeis
940 1223 1033 1286 etiam
1056 1223 1110 1302 qui
1131 1223 1288 1287 domestici
1310 1242 1375 1286 ceo-
1426 1225 1558 1306 propria
1586 1225 1628 1287 sit
1658 1224 1855 1304 scripturae,
1878 1222 1955 1286 inde
1977 1222 2093 1304 liquet,
2117 1222 2202 1304 quod
2224 1245 2267 1288 ex
2288 1222 2405 1286 huma-

399 1309 463 1371 seri
484 1307 633 1384 volabaut,
650 1305 865 1388 propheticum
886 1309 1057 1373 doctrinam
1080 1308 1289 1373 incredibilem
1309 1308 1375 1389 sore
1399 1350 1402 1368 ι
1428 1312 1480 1374 nis
1503 1311 1632 1391 scriptis
1666 1307 1845 1390 quamlibet
1872 1308 2045 1373 artificiose
2078 1307 2241 1388 expolitis,
2276 1308 2405 1372 nullum

399 1395 582 1470 admoueris,
610 1394 707 1457 simul
734 1413 863 1457 causam
889 1395 991 1472 addit,
1018 1396 1095 1475 quia
1114 1415 1174 1457 uari
1193 1393 1376 1458 revelabitur
1428 1397 1560 1460 omnino
1582 1392 1718 1476 perinde
1740 1393 1781 1457 ad
1805 1415 1864 1458 nos
1887 1393 2074 1458 afficiendos
2096 1394 2193 1457 valet
2228 1394 2320 1477 Lege
2337 1395 2405 1458 De-

399 1479 540 1543 omuibus
570 1477 730 1542 brachium
759 1478 830 1543 Dei.
888 1481 1011 1561 Quoties
1044 1500 1113 1562 erpo
1140 1500 1194 1544 uos
1221 1478 1377 1544 conturbat
1429 1480 1643 1557 mosthenem,
1669 1488 1726 1543 aut
1748 1479 1953 1558 Ciceronem;
1979 1480 2051 1562 lege
2072 1479 2254 1558 Platonem,
2278 1480 2406 1543 Aristo-

400 1566 588 1628 credeatium
613 1566 775 1645 paucitas,
809 1585 846 1627 ca
878 1568 1014 1646 opposita
1041 1567 1144 1630 ueniat
1171 1567 1205 1629 iu
1238 1569 1375 1642 meritura
1428 1567 1540 1642 telem,
1571 1574 1626 1629 aut
1649 1566 1729 1630 alios
1750 1567 1881 1646 quosvis
1909 1588 1950 1629 ex
1977 1565 2035 1628 illa
2056 1564 2201 1630 cohorte:
2229 1566 2351 1628 mirum
2372 1565 2406 1629 in

400 1671 460 1714 uou
482 1651 563 1714 alios
584 1649 831 1731 comprehendere
849 1650 913 1714 Dei
935 1653 1081 1734 mysteria
1103 1653 1167 1715 uisi
1188 1650 1301 1733 arcibus
1322 1652 1376 1714 da-
1429 1651 1571 1728 modum,
1593 1653 1705 1728 fatcor,
1729 1659 1760 1714 te
1787 1651 1939 1726 alliciant,
1968 1651 2191 1728 oblectabunt,
2221 1651 2406 1730 movebunt,

400 1742 467 1800 tum
490 1741 541 1800 est.
1429 1739 1572 1819 rapient;
1602 1758 1717 1800 verum
1746 1736 1822 1800 inde
1844 1738 1871 1800 si
1901 1736 1942 1800 ad
1964 1758 2091 1801 sacram
2113 1737 2212 1800 istam
2235 1736 2407 1801 lectionem
2456 1765 2459 1770 *
2508 1766 2514 1778 ·

1429 1832 1462 1886 te
1484 1823 1640 1900 conferas,
1663 1823 1745 1887 velis
1767 1822 1851 1887 nolis
1873 1824 1920 1886 ita
1941 1821 2050 1887 vivide
2072 1830 2105 1885 te
2128 1822 2261 1900 afficiet,
2284 1822 2331 1885 ita
2353 1842 2408 1886 cor

1429 1918 1523 1972 tuum
1537 1909 1730 1990 penetrabit,
1750 1910 1796 1971 ita
1813 1908 1965 1973 medullis
1983 1907 2144 1984 insidebit,
2162 1915 2201 1971 ut
2218 1929 2296 1991 prae
2313 1909 2407 1973 istius

1431 2017 1545 2059 sensus
1568 1995 1720 2071 efficacia,
1744 1995 1794 2058 vis
1816 1993 1873 2057 illa
1894 1994 2062 2058 rhetorum
2084 2013 2121 2058 ac
2139 1994 2407 2075 philosophorum

1430 2102 1530 2162 prope
1552 2087 1734 2145 evanescat.
1779 2079 1828 2144 Ut
1847 2087 2034 2161 promptum
2057 2080 2099 2143 sit
2119 2080 2302 2162 perspicere
2325 2079 2408 2144 divi·

1430 2188 1510 2229 num
1533 2164 1686 2247 quiddam
1709 2166 1834 2248 spirare
1856 2186 1965 2229 sacras
1984 2165 2171 2247 scripturas,
2194 2187 2276 2247 quae
2294 2187 2408 2229 omnes

1431 2251 1595 2315 humanae
1616 2251 1797 2315 industriae
1815 2250 1906 2315 dotes
1927 2270 1964 2315 ac
1982 2252 2105 2333 gratim
2123 2257 2216 2315 tanto
2233 2251 2407 2315 intervallo

730 2044 882 2110 aarum
904 2045 1003 2109 rme
1016 2045 1040 2129 ι)

401 2186 700 2293 Probationes,
739 2199 948 2296 quatenus
979 2190 1065 2270 fert
1094 2187 1280 2270 humana
1309 2120 1406 2269 ra-¹

401 2307 474 2411 tio,
507 2308 609 2388 satis
640 2307 783 2389 firmas
816 2319 1042 2418 suppetere
1074 2309 1128 2389 ad
1160 2308 1377 2391 stabilien-
1431 2347 1594 2419 superent.
1857 2360 1859 2364 -

621 2427 718 2507 dam
750 2427 982 2538 scripturae
1013 2428 1151 2509 fidem,
1518 2427 1545 2485 2.
1593 2422 1707 2485 Fateor
1729 2423 1852 2503 quidem
1874 2421 2036 2503 prophetis
2058 2422 2217 2486 riorruultis
2238 2422 2360 2503 clepens
2382 2427 2410 2484 et

1431 2508 1573 2586 nitidum,
1597 2510 1658 2571 imo
1680 2508 1774 2571 etiam
1795 2509 1994 2587 splendidum
2017 2529 2082 2570 esse
2103 2508 2226 2571 discredi
2246 2528 2351 2590 penus,
2375 2511 2410 2569 ut

492 2596 517 2656 1.
562 2592 655 2657 Haec
682 2594 746 2656 nisi
773 2592 933 2658 certitudo
956 2594 1041 2659 adsit
1067 2593 1211 2677 quolibet
1232 2595 1378 2660 humano
1426 2594 1572 2676 prosaicis
1600 2593 1804 2672 scriptoribus
1829 2614 1891 2657 rou
1917 2594 2002 2657 cedat
2030 2614 2136 2657 corum
2156 2593 2316 2674 secundia.
2360 2593 2410 2656 Ac

400 2679 522 2742 iudicio
555 2684 588 2741 et
620 2679 767 2760 superior
795 2688 829 2742 et
861 2679 1015 2757 validior,
1048 2680 1171 2744 husun
1198 2682 1379 2764 scripturae
1431 2680 1547 2744 talibus
1572 2679 1721 2759 eamuplis
1748 2678 1844 2742 votuit
1865 2679 2019 2742 odradere
2044 2680 2180 2759 spiritus
2201 2685 2326 2743 sauctus
2347 2699 2409 2742 ooo

400 2765 558 2828 interitus
576 2763 629 2827 vel
648 2765 849 2846 argumentis
866 2766 1040 2841 munietur,
1060 2766 1111 2830 vel
1130 2767 1283 2831 eeclesiae
1301 2787 1378 2830 con·
1429 2766 1490 2830 sibi
1502 2765 1639 2846 defuisse
1653 2765 1870 2844 aberrantium,
1892 2766 1968 2828 dum
1985 2766 2058 2828 rudi
2077 2769 2104 2828 et
2121 2785 2226 2828 crasso
2244 2765 2314 2834 stilo
2333 2764 2411 2829 atili

402 2871 500 2914 sensu
529 2849 726 2928 stabilietur,
755 2849 808 2913 vel
831 2850 903 2914 aliis
925 2849 1095 2933 praesidiis
1117 2853 1378 2931 confirmabitur;
1431 2872 1509 2915 usus
1530 2857 1582 2915 est.
1628 2848 1789 2914 Caeterum
1807 2852 1873 2914 siae
1894 2849 2059 2927 Davidem,
2084 2849 2224 2914 Iesaiam
2246 2850 2410 2914 etsimiles

403 2933 577 3017 siquidem,
601 2935 666 2999 nisi
689 2934 750 3000 hoc
772 2935 856 3000 iacto
878 2935 1090 3000 fundamento
1113 2959 1270 3018 suspensa
1292 2959 1377 3002 sern-
1432 2938 1523 3020 lepos,
1543 2936 1655 3016 quibus
1672 2937 1781 2999 suavis
1802 2942 1830 3000 et
1851 2938 1989 3000 iucunda
2007 2936 2081 3015 fluit
2100 2937 2206 3016 matre,
2230 2938 2294 3001 siue
2312 2936 2412 3000 Arios

401 3042 460 3103 per
476 3032 596 3084 manet.
633 3018 739 3085 Sicuti
761 3033 885 3098 contra,
907 3020 963 3084 ubi
985 3021 1085 3086 semel
1107 3025 1270 3087 communi
1291 3031 1377 3087 sorte
1431 3023 1585 3087 homiuem
1601 3021 1795 3102 peccarium,
1820 3021 1986 3085 Ieremiam
2008 3027 2035 3085 et
2059 3021 2257 3100 Zachariam,
2278 3042 2411 3102 quorum

402 3113 587 3189 exemptam
620 3106 770 3190 religiose
803 3127 840 3171 ac
867 3128 928 3188 pro
960 3107 1119 3191 dignitato
1153 3108 1295 3190 amplexi
1324 3132 1378 3174 su·
1431 3110 1573 3190 asperior
1605 3128 1704 3172 surico
1732 3108 1934 3172 rustic-itatem
1967 3108 2064 3188 sapit,
2100 3107 2211 3187 ubique
2244 3110 2411 3189 conspicua

402 3213 489 3269 mus,
517 3212 600 3274 quae
627 3191 669 3255 ad
697 3193 766 3256 eius
788 3192 1018 3257 certitudinem
1041 3194 1158 3261 animis
1184 3195 1305 3260 nostris
1326 3196 1378 3258 in·
1430 3197 1489 3258 erit
1515 3194 1572 3258 illa
1597 3214 1693 3274 quam
1714 3194 1783 3257 diui
1810 3194 1943 3276 spiritus
1965 3194 2120 3256 uraicstas.
2167 3193 2232 3256 Nec
2258 3214 2307 3256 me
2330 3195 2409 3271 latet,

402 3277 571 3342 serendam
604 3286 637 3342 et
669 3277 870 3362 infigendum
896 3300 964 3343 non
995 3278 1074 3343 adeo
1100 3279 1267 3360 valebant,
1300 3288 1378 3345 tunc
1430 3285 1465 3344 ut
1483 3284 1575 3343 satori
1595 3280 1629 3343 iu
1650 3277 1759 3343 multis
1779 3286 1824 3344 est
1845 3279 1908 3344 Dei
1929 3279 2079 3356 aemulus,
2102 3299 2160 3358 arro
2181 3298 2213 3342 se
2232 3279 2344 3359 fallaci
2367 3280 2410 3342 si

402 3365 568 3447 aptissima
595 3372 672 3428 sunt
699 3363 905 3430 adminicula.
955 3365 1080 3429 Mirum
1108 3365 1197 3429 enirn
1218 3374 1378 3448 quantum
1430 3366 1609 3431 militudine
1636 3366 1750 3431 melius
1772 3367 1909 3430 insinuet
1927 3366 1962 3429 iu
1983 3365 2105 3429 animos
2132 3364 2337 3446 simplicium,
2360 3366 2407 3428 ita

402 3449 656 3514 confirmationis
676 3470 718 3514 ex
739 3470 777 3514 eo
800 3449 946 3529 accedat,
972 3449 1050 3514 dum
1073 3451 1248 3516 intentiore
1270 3452 1379 3516 studio
1421 3453 1544 3533 impios
1564 3472 1684 3516 errores
1705 3452 1818 3532 aridus
1838 3453 1968 3515 miseros
1989 3451 2125 3514 homirius
2144 3450 2284 3530 fallebat,
2307 3455 2408 3514 astute

400 3541 606 3618 reputamus,
640 3556 738 3617 quam
765 3533 916 3601 ordinata
943 3544 976 3600 et
1002 3536 1160 3621 disposita
1187 3537 1256 3603 illie
1278 3558 1378 3622 appa·
1430 3539 1585 3619 sparsisse
1606 3537 1718 3601 aaut
1739 3558 1877 3602 sermone
1898 3537 2010 3618 et'sere
2031 3535 2180 3613 barbara,
2203 3541 2231 3600 et
2251 3557 2341 3617 saepe
2362 3534 2410 3600 ob-

398 3629 471 3686 reat
499 3621 629 3686 divinae
656 3622 833 3702 sapientiae
860 3621 1074 3705 dispensatio,
1103 3642 1202 3703 quam
1230 3623 1378 3689 coelestis
1430 3624 1533 3688 soletis
1559 3624 1702 3705 loquendi
1727 3624 1840 3704 formis
1866 3643 1960 3687 usum
1986 3642 2065 3700 esse,
2093 3626 2127 3685 ut
2153 3621 2209 3685 sub
2238 3621 2295 3686 bac
2317 3623 2408 3686 larva

399 3708 518 3789 ubique
548 3715 580 3770 et
606 3706 690 3771 nihil
717 3714 887 3772 terrenum
914 3707 1065 3772 redolens
1094 3707 1256 3788 doctrina,
1280 3730 1378 3793 quam
1430 3715 1537 3792 teperet
1552 3730 1630 3774 suas
1646 3711 1844 3790 imposturas.
1875 3708 1937 3773 Sed
1952 3720 2048 3788 quam
2064 3709 2172 3771 iuariis
2190 3713 2218 3772 et
2235 3709 2350 3789 putida
2368 3709 2412 3771 sit

399 3793 538 3875 pulchra
568 3793 712 3875 partium
744 3794 891 3857 omniurn
928 3795 1015 3858 inter
1052 3815 1087 3859 se
1120 3795 1305 3873 consensio,
1346 3802 1379 3860 et
1430 3797 1590 3877 affectatio,
1613 3796 1714 3860 iridem
1736 3815 1839 3859 mures
1855 3793 2003 3859 mediocri
2020 3813 2112 3857 seusu
2127 3794 2273 3873 praediti.
2306 3794 2410 3874 Quare

400 3877 558 3943 eiusmodi
580 3877 706 3960 reliqua
726 3899 809 3960 quae
832 3879 874 3944 ad
896 3879 1133 3944 conciliandam
1156 3883 1285 3962 scriptis
1307 3902 1378 3946 ma·
1430 3888 1587 3946 tumuere
1609 3882 1790 3945 adsacrum
1807 3882 1995 3960 subitarum
2012 3881 2127 3957 attinet,
2149 3880 2293 3960 quamvis
2309 3880 2410 3945 emim

398 3965 547 4028 iestatem
569 3965 776 4029 conveniunt.
812 3965 897 4029 'lum
919 3987 996 4030 vero
1019 3965 1283 4033 solidius‘adhuc
1300 3989 1378 4033 eon·
1431 3968 1575 4031 arrodere
1596 3971 1739 4030 emautur
1755 3967 1893 4048 protervi
1915 3964 2060 4043 bomiucs,
2083 3970 2200 4029 constat
2219 3970 2322 4030 tamea
2342 3985 2410 4030 seu-

399 4051 574 4114 firmantur
596 4049 696 4115 corda
716 4057 837 4129 nostra
861 4051 938 4115 dum
960 4053 1150 4134 cogitamus,
1174 4073 1284 4116 rerum
1307 4075 1378 4118 ma·
1430 4054 1535 4117 tertiis
1560 4053 1707 4133 refertam
1734 4072 1799 4116 esse
1825 4073 1904 4132 prae
1930 4051 2112 4114 liumauitus
2133 4052 2250 4133 commi
2276 4072 2336 4115 oon
2352 4071 2410 4134 pa-

399 4137 450 4220 gis
479 4135 639 4220 dignitate
661 4156 758 4217 quam
786 4137 962 4201 verborum
989 4138 1096 4220 gratia
1123 4139 1158 4201 in
1181 4139 1251 4203 eius
1274 4138 1378 4202 admi·
1432 4139 1553 4202 tuerint.
1598 4138 1815 4218 Iaspicmrtur
1836 4137 1952 4220 siuputi
1967 4137 2152 4218 prophetae:
2173 4158 2259 4201 acam
2280 4138 2410 4218 reperie-

398 4222 558 4287 rationem
588 4243 648 4286 nos
673 4223 753 4304 rapi.
804 4222 890 4286 Nam
918 4230 951 4286 et
978 4222 1039 4287 hoc
1067 4244 1134 4286 non
1157 4225 1227 4287 sine
1256 4225 1378 4316 eximia
1430 4230 1482 4287 tur
1513 4223 1568 4304 qui
1600 4245 1659 4286 rua
1688 4224 1773 4306 loupe
1799 4225 1960 4288 mcesserit
1999 4222 2171 4286 burianum
2201 4224 2342 4299 modum
2374 4227 2410 4285 u

397 4308 461 4372 Dei
488 4307 696 4389 providentia
722 4308 930 4384 factumest,
955 4307 1376 4392 ntsublimiaregnicoe·
1425 4310 1534 4393 palato
1562 4330 1698 4390 prorsuis
1723 4330 1827 4374 carere
1857 4309 1999 4374 uisendi
2027 4311 2092 4373 siut
2123 4308 2235 4390 quibus
2268 4307 2409 4387 irrsipida

398 4393 488 4458 lestis
515 4394 674 4478 mysteria
701 4394 760 4458 sub
783 4393 1019 4475 contemptibili
1041 4393 1214 4458 verborum
1243 4394 1376 4459 humili·
1429 4401 1473 4460 est
1494 4415 1600 4460 eorum
1621 4396 1768 4460 doctriua.

397 4487 464 4544 tate
490 4478 576 4544 bona
605 4502 646 4543 ex
673 4485 766 4562 parte
792 4479 1013 4557 traderentur3
1041 4499 1085 4543 ne
1107 4480 1135 4544 si
1159 4479 1376 4561 splendidiora
1517 4485 1544 4544 3.
1597 4482 1797 4547 Tractarunt
1824 4482 1880 4546 alii
1907 4480 1969 4545 hoe
2004 4487 2235 4563 argumentum
2264 4477 2406 4559 copiose:

398 4564 582 4648 eloquentia
604 4565 768 4630 illushata
789 4567 910 4643 forent,
939 4565 1172 4631 cavillarentur
1193 4566 1301 4648 impii,
1324 4587 1375 4631 so·
1428 4589 1491 4650 quo
1513 4569 1552 4632 fit
1572 4575 1610 4632 ut
1630 4590 1734 4651 pauca
1756 4576 1886 4632 tantum
1909 4566 2050 4631 delibare
2079 4568 2113 4627 in
2141 4582 2294 4646 praesens
2316 4563 2407 4627 suffi-

398 4650 464 4715 lam
487 4652 557 4716 cius
579 4652 647 4715 rim
670 4650 724 4716 hie
746 4672 891 4734 regnare.
931 4651 1027 4716 Nunc
1049 4672 1150 4733 quum
1172 4652 1298 4716 inculta
1319 4652 1376 4716 illa
1428 4655 1502 4732 ciat,
1525 4675 1607 4736 quae
1627 4653 1669 4717 ad
1682 4675 1844 4718 summam
1863 4653 1961 4717 totius
1979 4672 2095 4717 causae
2113 4649 2256 4712 maxime
2273 4648 2406 4714 faciunt.

397 4745 432 4801 et
452 4745 582 4801 tantum
603 4757 671 4800 non
693 4736 784 4801 rudis
812 4736 1001 4820 simplicitas
1029 4738 1186 4802 maiorem
1209 4739 1261 4802 sui
1283 4760 1375 4802 reve·
1428 4739 1565 4804 Praetor
1587 4734 1729 4822 eaquae
1756 4740 1823 4803 iam
1845 4739 1954 4821 attigi,
1977 4758 2042 4800 non
2064 4756 2181 4816 parum
2203 4733 2303 4798 habet
2324 4757 2405 4817 pon-

396 4824 537 4891 rentiam
561 4823 681 4888 excitet
702 4843 800 4904 quam
822 4823 891 4887 ulla
911 4823 1079 4887 rhetorum
1102 4823 1270 4901 facundia,
1297 4823 1375 4907 quid
1430 4824 1515 4889 deris
1556 4827 1627 4908 ipsa
1662 4826 1843 4907 scripturae
1883 4823 2066 4903 antiquitas.
2122 4820 2209 4883 Nam
2242 4829 2406 4902 uteunque

395 4907 542 4974 iudicare
564 4908 641 4974 lieet
661 4909 726 4972 nisi
742 4909 958 4991 potentiorem
979 4909 1158 4993 scripturae
1176 4930 1287 4975 sacrae
1307 4911 1376 4974 vim
1430 4912 1538 4993 graeci
1561 4912 1733 4993 scriptores
1757 4910 1797 4976 de
1819 4909 2012 4993 aegyptiaca
2040 4905 2203 4989 theologia
2228 4907 2332 4971 multa
2357 4908 2405 4971 fa-

395 4995 546 5074 reritatis
569 5002 725 5072 constare,
748 5016 847 5077 quam
867 5002 906 5060 ut
922 4995 1096 5060 verborum
1118 5004 1188 5060 arte
1205 4995 1374 5078 indigeat?
1429 4996 1591 5076 bulentur,
1614 4997 1743 5061 nullum
1766 5007 1876 5061 tamen
1898 4993 2088 5074 cuiusquam
2107 4992 2272 5075 religionis
2290 5015 2404 5058 monu-

395 5079 473 5143 Non
493 5101 571 5164 ergo
594 5080 714 5163 absque
737 5082 863 5148 ratione
882 5081 1045 5164 apostolus
1064 5081 1095 5166 (l
1112 5081 1186 5147 Oor.
1207 5085 1235 5160 9,
1255 5081 1290 5165 4)
1311 5083 1375 5147 Dei
1428 5091 1577 5146 mentum
1606 5090 1714 5148 exstat
1746 5081 1831 5164 quod
1862 5101 1928 5141 non
1956 5078 1998 5140 sit
2019 5078 2122 5143 Mosis
2151 5080 2279 5144 saeculo
2308 5079 2405 5162 longe

396 5166 529 5242 virtute,
552 5187 619 5230 non
640 5166 785 5230 humana
807 5169 975 5249 sapientia,
997 5165 1168 5232 similatam
1189 5189 1259 5232 esse
1276 5167 1375 5232 fidem
1428 5169 1574 5233 inferius.
1624 5170 1738 5252 Neque
1760 5168 1869 5232 Moses
1898 5184 2019 5227 novum
2048 5165 2157 5229 Deum
2188 5166 2404 5229 comminisci·

395 5249 644 5316 Corinthiorum
674 5253 796 5335 arguit,
827 5251 912 5334 quod
934 5273 994 5317 sua
1019 5255 1107 5318 inter
1130 5275 1184 5319 eos
1206 5252 1374 5337 praedica·
1428 5263 1497 5331 tur;
1527 5254 1585 5319 sed
1606 5255 1691 5336 quod
1714 5253 1753 5317 de
1775 5259 1906 5315 aeterno
1928 5247 2001 5314 Deo
2027 5249 2126 5333 longa
2148 5258 2329 5331 temporum
2353 5271 2404 5312 se-

394 5338 451 5415 tio,
476 5359 543 5401 non
564 5338 778 5421 persuasoriis
800 5337 964 5402 humanae
981 5340 1160 5421 sapientiae
1177 5340 1294 5419 verbis,
1318 5340 1375 5403 sed
1427 5341 1475 5404 rie
1496 5361 1516 5403 a
1537 5340 1685 5422 patribus
1707 5338 1800 5420 quasi
1822 5356 1881 5418 per
1902 5355 2019 5401 manus
2038 5336 2194 5400 traditum
2212 5340 2404 5416 acceperant
2471 5402 2476 5417 ¹

393 5424 581 5489 ostensione
594 5424 729 5506 spiritus
747 5430 781 5488 et
797 5422 962 5506 potentiae
975 5424 1240 5489 commendabilis
1250 5426 1373 5489 hrisset.
1428 5426 1610 5502 Israelitae,
1642 5422 1803 5507 proponit.
1854 5418 1943 5500 Quid
1970 5423 2057 5487 enim
2088 5421 2177 5485 aliud
2199 5421 2281 5502 agit,
2304 5440 2402 5500 quam

1427 5521 1465 5574 ut
1485 5510 1526 5575 ad
1548 5509 1660 5573 foedus
1689 5510 1776 5590 ipsos
1798 5515 1928 5573 revocet
1949 5530 2025 5573 cum
2047 5506 2236 5571 Abrahamo
2257 5504 2400 5568 initum?

396 5599 538 5606 “m‘'
551 5600 602 5606 “”
1068 5640 1074 5651 ·
1427 5594 1525 5675 Quod
1552 5596 1579 5659 si
1607 5615 1678 5657 rem
1705 5592 1889 5657 inauditam
1918 5594 2094 5670 attulisset,
2124 5591 2235 5655 nullus
2257 5591 2329 5655 erat
2349 5612 2402 5656 ae·

467 5697 497 5762 1)
519 5694 620 5764 Gruter
632 5696 968 5766 praeuarecatione
988 5694 1053 5762 Cap.
1073 5695 1097 5747 1.
1118 5697 1140 5760 ς.
1157 5692 1279 5747 ‘re-33.
1427 5701 1551 5757 cessus;
1574 5679 1630 5742 sed
1652 5680 1796 5761 oportuit
1816 5679 2041 5744 liberationem
2063 5677 2266 5759 aservitute,
2283 5677 2321 5739 in
2338 5697 2402 5758 qua
