5600 6809
446 763 508 826 ’139
800 806 806 815 .
1088 749 1354 820 ΙΝΒΤῙΤΠΤΙΟ
1375 751 1481 818 REL.
1502 750 1685 821 OHRIST.
1711 758 1802 818 1559.
2037 790 2052 804 ··
2122 794 2128 804 -
2383 752 2449 814 ’140

440 952 514 1031 post
534 947 672 1028 pretium
698 943 915 1025 redemptionis
942 942 986 1007 ad
1013 961 1144 1022 corpora
1164 940 1305 1005 55155111.
1349 937 1424 1004 Iam
1473 942 1581 1006 cadem
1603 940 1723 1006 Christi
1750 950 1837 1019 dero,
1864 940 2004 1023 555515
2032 940 2189 1004 5151151555
2209 938 2313 1002 oblata
2333 937 2448 1019 fuerat,

443 1033 561 1097 rationi
582 1035 821 1096 consentaneum
842 1049 904 1094 555
924 1031 1014 1105 55551,
1040 1025 1139 1090 Pauli
1158 1045 1284 1106 corpus,
1307 1025 1342 1088 15
1363 1045 1423 1106 555
1473 1027 1626 1091 5155511515
1645 1028 1749 1109 155511,
1771 1026 1848 1091 51115
1868 1032 1970 1091 tamen
1982 1025 2102 1090 51511555
2122 1023 2262 1089 emolluit
2278 1042 2316 1088 ae
2333 1025 2364 1088 si
2379 1024 2450 1089 alia

444 1119 592 1200 stipmata
611 1114 731 1181 0151511
742 1116 883 1196 55515511
903 1112 992 1197 (Gal.
1013 1116 1042 1190 6,
1065 1110 1129 1195 17),
1151 1117 1182 1176 51
1203 1113 1238 1174 15
1259 1131 1318 1193 quo
1337 1131 1423 1193 5555-
1469 1132 1604 1193 proruis
1628 1113 1715 1195 foret.
1763 1113 1850 1194 Qraod
1880 1112 2004 1177 Paulus
2032 1110 2122 1195 (ibid.
2147 1109 2203 1192 39)
2229 1109 2449 1186 familiaribus

444 1202 536 1283 niicc
566 1200 727 1267 Obristum
751 1200 953 1284 plorificaoit,
986 1198 1092 1264 orbari
1120 1216 1248 1261 coronae
1268 1197 1422 1278 praenuo.
1474 1199 1624 1279 55555115
1644 1199 1789 1264 declarat
1831 1197 1950 1279 Now)
1971 1197 2052 1260 sicut
2071 1196 2226 1260 15555555
2245 1201 2274 1260 51
2293 1195 2450 1260 551151555

452 1287 539 1355 Unde
556 1292 583 1352 et
600 1287 660 1352 illa
677 1287 838 1370 ploriatio:
859 1288 1072 1364 exspectamus
1092 1283 1311 1363 redenptorem
1328 1303 1344 1346 e
1360 1301 1423 1345 coe-
1474 1286 1580 1348 carnis
1600 1285 1707 1350 eaderu
1728 1290 1774 1348 est
1795 1284 1986 1361 substantia,
2007 1302 2069 1346 nou
2089 1282 2242 1364 55511155·
2267 1280 2365 1345 stellis
2385 1301 2450 1344 555·

317 1442 318 1447 ,
445 1373 503 1453 115,
529 1375 715 1454 551555555
731 1377 870 1438 nostrum
891 1370 1039 1434 55155555
1060 1367 1214 1449 contemne
1234 1367 1339 1433 reddet
1359 1387 1423 1432 cor·
1473 1369 1568 1434 nibus
1588 1372 1695 1435 eadem
1716 1375 1760 1434 est
1779 1370 1929 1448 51515515,
1956 1369 2087 1433 claritas
2108 1368 2248 1433 diversa:
2273 1368 2320 1430 ita
2346 1387 2449 1448 5555-

441 1461 516 1543 5551
544 1459 699 1524 claritatis
725 1478 802 1523 5555
829 1455 929 1541 (Phil.
955 1459 983 1533 3,
1007 1456 1072 1539 21).
1117 1454 1168 1519 Ac
1193 1455 1223 1517 si
1250 1458 1423 1541 5551551551
1474 1475 1570 1537 quarn
1601 1456 1801 1520 retinebimus
1832 1455 2039 1519 5115155155
2066 1453 2217 1534 corporis,
2247 1453 2450 1517 5555115555

445 1546 530 1610 illud
557 1545 645 1625 (Aac
672 1548 720 1622 14,
745 1544 817 1627 22),
840 1563 902 1623 per
928 1541 1046 1606 5551155
1076 1540 1260 1622 afflictiones
1286 1543 1423 1620 oportere
1471 1543 1539 1623 sore
1560 1542 1656 1621 docet,
1686 1547 1722 1605 ut
1741 1541 1828 1624 15555
1844 1541 2059 1621 praestantior
2079 1539 2122 1603 sit
2142 1539 2282 1602 corrditie.
2327 1537 2452 1620 1155555

445 1651 503 1697 uos
524 1630 647 1713 inpredi
667 1631 703 1693 iu
723 1648 852 1711 rapaton
873 1626 950 1706 Dei,
980 1626 1019 1689 ab
1048 1625 1103 1691 boc
1129 1626 1272 1708 inpressu
1293 1645 1423 1706 corporo
1473 1647 1543 1710 5555
1564 1626 1778 1709 corruptibile,
1809 1631 1844 1690 51
1862 1626 2070 1704 suscitemur,
2088 1644 2151 1688 non
2166 1624 2282 1704 peribit
2303 1643 2357 1687 nec
2379 1644 2450 1689 eoa·

441 1716 607 1798 probibere
634 1716 723 1780 55115
748 1715 831 1779 55115
852 1713 998 1791 55511551,
1027 1732 1107 1793 5555
1127 1716 1155 1774 51
1175 1712 1232 1775 sub
1252 1711 1355 1774 crucis
1375 1729 1423 1774 oo
1473 1719 1587 1793 nescet,·
1603 1715 1658 1778 sed
1672 1714 1787 1789 induet,
1805 1713 1945 1792 deposita
1961 1709 2162 1790 cormrptione,
2179 1710 2450 1790 incermcptionem.
2510 1724 2512 1740 ·

447 1801 525 1866 51115
552 1805 668 1865 exercet
689 1800 793 1878 Deus,
822 1804 850 1863 et
876 1798 1024 1864 victoriae
1050 1798 1142 1862 laude
1168 1802 1266 1862 ornat.
1311 1795 1423 1877 115555
1478 1799 1633 1879 Quoniam
1652 1817 1724 1864 aero
1750 1800 1898 1863 51555515
1918 1797 2007 1861 Deus
2028 1797 2134 1860 munia
2148 1799 2276 1875 praesto
2297 1794 2386 1859 115551
2406 1796 2450 1859 ad

447 1886 537 1950 nulla
558 1887 628 1950 eius
648 1887 697 1950 rei
717 1885 867 1950 dubitatio
888 1886 968 1947 iuter
986 1887 1108 1948 sanctos
1129 1888 1197 1948 orta
1218 1886 1270 1962 est,
1292 1882 1369 1963 5515
1390 1901 1424 1945 55
1474 1904 1568 1948 suum
1587 1890 1707 1963 nutum,
1727 1885 1817 1948 55115
1838 1903 1908 1948 eum
1928 1882 2101 1964 difficultas
2120 1881 2265 1962 impediet
2284 1881 2451 1961 prominens

448 1970 569 2037 Christi
590 1971 712 2035 comites
733 1971 802 2052 fore
822 1973 998 2050 spumet,-
1020 1970 1077 2049 551
1098 1988 1201 2034 mnus
1222 1967 1333 2048 551155
1352 1986 1423 2049 pro-
1475 1974 1503 2032 51
1521 1974 1622 2034 155555
1642 1975 1670 2035 51
1690 1971 1784 2051 aquis
1803 1975 1833 2034 et
1853 1969 1921 2051 1551
1941 1969 2083 2049 1555551,
2111 1971 2147 2029 51
2166 1967 2248 2047 qued
2267 1966 2388 2031 511555
2410 1965 2450 2029 55

446 2056 558 2120 bamur
577 2057 762 2138 cottidianos
782 2057 819 2119 15
834 2075 1004 2135 personam
1024 2074 1116 2118 55555
1136 2054 1299 2135 transfert,
1322 2056 1358 2117 ut
1377 2053 1422 2115 51
1474 2055 1543 2128 illis
1563 2061 1777 2138 consumptum
1797 2054 1936 2120 reddant.
1978 2053 2066 2134 Quod
2086 2055 2188 2130 511555,
2210 2051 2279 2116 lieet
2297 2071 2359 2116 uon
2380 2050 2450 2124 abs·x

445 2141 556 2222 551555
581 2162 647 2206 5555
674 2141 786 2206 doceat.
831 2141 901 2204 Ima
928 2145 956 2206 51
982 2145 1104 2204 5555155
1129 2144 1240 2222 patres
1266 2139 1323 2202 sub
1350 2138 1421 2221 1555,
1475 2161 1533 2222 que
1552 2141 1673 2224 115555,
1702 2141 1829 2206 [maias
1856 2139 1923 2224 (26,
1947 2137 2004 2222 21)
2032 2143 2177 2203 testatur:
2204 2157 2268 2202 eece
2290 2137 2451 2202 Dominus

445 2233 570 2293 5515555
590 2229 784 2293 caeremonia
805 2225 894 2290 Deras
915 2227 951 2290 15
971 2225 1030 2290 liae
1048 2224 1110 2306 tide
1131 2225 1275 2290 55555511.
1322 2227 1422 2304 Quor·
1475 2228 1648 2310 eprutietur
1668 2228 1707 2293 de
1728 2228 1791 2292 loco
1812 2246 1868 2291 suo
1886 2231 1923 2289 ut
1942 2226 2046 2289 visitet
2065 2224 2262 2304 iniquitatem
2283 2229 2397 2301 terrae,
2421 2229 2451 2287 et

445 2333 516 2378 5555
537 2314 619 2377 enim
641 2312 811 2394 sepeliundi
832 2313 929 2389 ritus,
952 2312 1045 2376 515511
1065 2312 1257 2375 5515515555
1278 2314 1334 2387 est,
1356 2309 1423 2372 uisi
1474 2318 1559 2377 terra
1586 2313 1786 2393 discooperiet
1812 2312 1998 2395 5555515515
2024 2328 2131 2387 sarum,
2159 2328 2255 2389 55555
2281 2313 2356 2391 tepet
2382 2328 2450 2372 am

447 2403 482 2463 ut
508 2399 676 2463 reconditis
703 2398 882 2480 corporibus
907 2398 1021 2462 scirent
1043 2402 1195 2479 paratam
1220 2415 1285 2460 esse
1309 2414 1423 2458 nouam
1470 2399 1563 2478 plius
1593 2399 1768 2479 interfectos
1792 2415 1874 2462 suos.
1919 2395 1982 2461 Sed
2006 2396 2176 2461 maruan
2206 2400 2250 2458 est
2280 2395 2450 2459 discrimen

447 2484 568 2548 uitam?
611 2483 686 2547 Huc
707 2488 850 2548 55555515
871 2503 1003 2564 quoque,
1031 2482 1157 2564 5115555
1178 2481 1424 2546 immortalitatis
1475 2485 1845 2566 151555555515515155
1865 2482 1980 2546 5555151
1998 2481 2131 2563 fuerint,
2157 2485 2185 2544 et
2212 2481 2377 2560 55551155
2397 2480 2449 2544 ille

447 2568 587 2650 55515515
613 2573 802 2648 5555155551,
831 2569 944 2649 mribus
969 2568 1114 2651 5511555
1141 2568 1252 2633 adiuta
1275 2567 1340 2649 fuit
1360 2586 1423 2631 nou
1474 2571 1655 2651 superstites
1685 2571 1824 2651 reperiat.
1870 2567 1979 2650 Neque
2007 2568 2090 2632 enim
2116 2576 2221 2631 555555
2249 2566 2448 2644 dormiemus,

447 2654 541 2718 aliter
562 2674 656 2734 55555
676 2653 845 2734 sacrificiis
865 2653 1023 2718 doctrinae
1043 2654 1220 2718 obscuritas.
1267 2653 1332 2716 Nec
1359 2672 1423 2716 mo
1474 2660 1546 2719 teste
1568 2655 1669 2719 Paulo
1691 2656 1724 2739 (1
1745 2654 1820 2720 (lar.
1843 2659 1891 2732 15,
1911 2653 1977 2738 51),
2000 2652 2055 2717 sed
2075 2672 2179 2716 555555
2199 2651 2448 2729 1555511555·

448 2758 515 2804 rern
541 2739 632 2803 111555
659 2740 782 2821 peperit
812 2739 1007 2820 superstitio,
1038 2740 1162 2821 5555515
1192 2738 1332 2802 turma
1358 2737 1423 2817 spi
1474 2740 1528 2805 loo
1558 2747 1616 2819 est,
1649 2760 1770 2805 necesse
1801 2761 1863 2805 uon
1895 2740 1954 2803 erit
1985 2739 2170 2803 distantiam
2196 2738 2343 2817 15555515
2368 2739 2449 2801 iuter

447 2825 546 2888 ritum
572 2825 608 2888 in
634 2825 808 2889 mrrandis
833 2824 1003 2906 sepulturis
1029 2845 1091 2890 nou
1122 2825 1229 2888 551555
1260 2822 1423 2906 1111555155
1473 2831 1600 2890 ntorum
1619 2831 1647 2890 51
1666 2827 1795 2891 initium
1813 2825 1967 2890 secundae
1985 2825 2069 2888 51155
2088 2823 2285 2901 1515551555
2311 2824 2387 2902 5515
2413 2824 2449 2886 15

448 2910 592 2975 insistere
613 2931 708 2990 quam
729 2911 764 2973 iu
779 2911 963 2991 praecipuis
979 2909 1055 2990 fidei
1070 2910 1237 2994 mysteriis.
1269 2906 1423 2972 11111151-
1468 2917 1585 2994 555515
1606 2913 1754 2993 temporis
1773 2917 1802 2975 et
1822 2913 1908 2976 uidu
1927 2911 2007 2976 55511
2023 2909 2197 2991 5555155511
2215 2908 2449 2989 515555515555

447 3001 515 3060 stus
546 2993 683 3076 officium
714 2995 769 3060 boc
800 3001 949 3077 15555555
963 3012 965 3016 ·
980 3015 1042 3060 noa
1072 2996 1202 3078 5515555
1225 2995 1423 3081 ,5555555151
1473 2999 1528 3079 551
1557 3003 1695 3063 mortuos
1726 2998 1833 3062 eaoitet
1863 2995 2132 3078 incorruptibiles,
2164 2999 2193 3059 et
2220 2995 2308 3058 uiuos
2342 2994 2449 3058 555115

448 3079 654 3164 (1115111126,
681 3079 744 3164 10),
767 3100 830 3144 non
848 3082 917 3146 5115
939 3087 1015 3146 55515
1037 3083 1075 3148 de
1095 3101 1192 3147 causa
1215 3080 1280 3144 nisi
1301 3080 1380 3162 5515
1400 3101 1422 3144 5
1472 3085 1641 3148 mutatione
1674 3083 1820 3165 reformet
1852 3084 1888 3154 in
1922 3081 2051 3146 eandem
2084 3081 2226 3165 ploriam.
2282 3078 2336 3142 Sic
2369 3080 2449 3144 alibi

446 3166 595 3247 sepulcri,
623 3166 706 3247 qnod
732 3167 837 3231 555515
866 3168 1084 3249 5555551151
1105 3167 1216 3244 abolet,
1245 3165 1365 3230 inuita
1386 3167 1423 3230 iu
1474 3169 1507 3253 (l
1528 3168 1691 3248 1115554,
1717 3168 1772 3254 15)
1792 3168 1900 3250 fideles
1919 3167 2032 3249 551155
2052 3187 2137 3231 mors
2157 3164 2294 3231 5155515
2315 3170 2360 3230 est
2380 3184 2449 3229 con-

445 3251 653 3332 spectaculum
670 3252 880 3318 renovationis
895 3253 999 3318 555155
1014 3253 1133 3319 attollit.
1168 3251 1337 3316 Praeterea
1357 3256 1423 3316 tam
1473 3254 1608 3320 salutm:
1633 3257 1711 3336 5515
1731 3275 1794 3319 non
1809 3255 2009 3336 praevenient
2028 3257 2168 3316 mortuos
2187 3252 2243 3333 551
2263 3256 2335 3315 tune
2359 3254 2448 3315 erint

446 3337 557 3402 cedula
578 3336 746 3402 obseruatio
764 3340 974 3403 5555555155
993 3359 1073 3420 5555
1093 3339 1244 3404 155515155
1264 3338 1300 3402 15
1316 3338 1422 3418 patri·
1473 3341 1666 3422 apustius,
1693 3340 1771 3422 5515
1791 3340 1902 3420 551155
1921 3343 2082 3422 5555155551
2096 3338 2223 3418 priores
2242 3338 2297 3418 551
2317 3337 2447 3401 51555115-

446 3421 519 3501 bus,
546 3424 625 3487 satis
652 3423 825 3503 comprobat
850 3444 962 3488 rarum
989 3424 1056 3490 11115
1081 3424 1183 3506 fuisse
1204 3429 1233 3488 et
1246 3423 1423 3505 pretiosum
1473 3428 1601 3491 555115
1619 3424 1751 3492 Obristo.
1786 3425 1825 3490 Si
1841 3427 1914 3507 5515
1930 3425 2056 3490 51115151
2071 3424 2154 3488 illud
2175 3423 2307 3506 apostoli
2329 3422 2444 3506 (Hebr.

444 3506 521 3587 fidei
541 3508 776 3573 adminiculum.
810 3508 920 3590 115555
935 3510 1018 3574 55155
1038 3510 1114 3576 adeo
1135 3510 1263 3575 sollicite
1284 3514 1423 3574 onerasset
1474 3516 1504 3590 9,
1527 3511 1598 3596 21),
1627 3517 1778 3577 datiuum
1803 3532 1869 3576 esse
1894 3512 2011 3576 5555115
2036 3509 2220 3574 mortalibus
2240 3509 2332 3574 semd
2352 3508 2447 3572 mori:
2584 3581 2588 3592 Ι

446 3592 612 3657 Abrabam
632 3594 746 3658 ucoris
765 3594 940 3676 sepulcmm
961 3595 1060 3680 (Gan.
1080 3599 1130 3676 23,
1149 3602 1180 3659 4.
1204 3594 1266 3679 13),
1288 3595 1422 3660 515155
1471 3597 1581 3679 facilis
1608 3598 1721 3663 solutio
1748 3602 1800 3662 551.
1850 3597 1913 3663 1111
1932 3601 2074 3661 mutatur
2093 3600 2230 3659 naturae
2250 3599 2359 3673 515155,
2380 3613 2446 3674 spc-

446 3678 521 3762 11515
534 3679 585 3743 illi
595 3679 762 3760 proposita
776 3679 888 3761 fuisset
904 3686 976 3747 ante
991 3682 1103 3761 555155,
1121 3687 1148 3746 51
1164 3681 1288 3745 utilitas
1304 3681 1421 3746 mundo
1472 3684 1549 3749 ciem
1570 3702 1636 3749 esse
1655 3684 1774 3762 mortis,
1795 3687 1824 3746 et
1844 3682 1982 3764 apposite
2001 3683 2048 3746 sic
2067 3681 2244 3760 nominari,·
2265 3700 2302 3745 ao
2312 3680 2447 3762 proinde

445 3764 605 3846 55555155,
625 3784 732 3847 nempe
752 3770 787 3829 51
806 3771 962 3831 mortum
983 3768 1094 3834 uxoris
1114 3787 1224 3849 eorpus
1243 3765 1422 3850 1551551155
1472 3768 1546 3834 baec
1572 3771 1654 3834 inter
1679 3789 1713 3834 se
1738 3769 1933 3845 5555551551,
1959 3772 2054 3832 morte
2074 3770 2253 3830 5555551555
2272 3767 2319 3830 iri
2344 3783 2447 3830 ornnes

444 3850 679 3915 resurrectionis
698 3871 854 3916 55555555
874 3873 968 3918 suom
990 3858 1019 3918 et
1037 3854 1182 3935 furniliae
1200 3852 1294 3934 fidem
1312 3854 1422 3934 confir·
1472 3855 1549 3919 dum
1576 3860 1688 3919 555551
1714 3853 1844 3918 mortale
1864 3873 1992 3934 eorpus,
2019 3873 2081 3917 non
2101 3852 2169 3934 fore
2188 3857 2290 3930 15555
2311 3869 2446 3916 5555555-

445 3939 552 3999 55551.
607 3933 732 4000 Glorior
763 3957 834 4002 uere
864 3937 961 4004 15155
990 3941 1037 4004 551
1067 3939 1212 4022 55555115
1244 3939 1354 4004 uuiaet
1385 3940 1421 4003 in
1471 3941 1557 4004 rium
1574 3941 1711 4022 eorporis
1728 3945 1756 4005 et
1772 3940 1898 4005 5515555
1917 3939 2091 4004 dissidium
2110 3938 2165 4002 ubi
2186 3939 2245 4002 erit
2265 3937 2369 4002 555115
2390 3937 2446 4000 irn·

444 4019 582 4102 55555515
604 4020 711 4099 Iacob,
739 4024 796 4103 551
822 4027 858 4086 51
875 4025 1014 4104 posteris
1033 4029 1157 4090 testetur
1176 4045 1216 4088 55
1235 4030 1331 4089 morte
1351 4024 1421 4106 551·
1471 4027 1609 4091 mutatio.

444 4105 513 4170 dem
534 4112 744 4186 5555155555
758 4109 935 4188 promissae
956 4111 1062 4177 animo
1083 4131 1139 4177 suo
1156 4111 1316 4189 eccidisse,
1338 4110 1421 4175 15551
1558 4116 1587 4176 9.
1633 4109 1663 4195 ²)
1678 4109 1739 4176 Sed
1766 4110 1816 4175 115
1846 4109 2008 4192 difficilior
2035 4110 2174 4192 quaestio
2200 4109 2353 4184 55551155,
2387 4125 2446 4188 555

443 4210 514 4276 ossa
535 4211 595 4256 sua
616 4193 694 4258 illuc
715 4194 831 4274 referri
852 4193 952 4279 (Gen.
971 4199 1022 4275 47,
1044 4195 1108 4281 30).
1146 4197 1274 4278 Quoue,
1296 4197 1327 4260 si
1343 4215 1420 4262 nouo
1471 4199 1542 4262 iure
1568 4197 1738 4262 5551555515
1765 4197 1808 4261 sit
1833 4197 1945 4278 impiis
1971 4201 1999 4260 e
2020 4217 2041 4260 5
2062 4194 2132 4260 Deo
2151 4195 2323 4258 maledictis
2343 4213 2447 4256 resur-

425 4295 566 4359 2oorpore
587 4278 764 4342 induendus
781 4284 856 4358 erat,
878 4300 978 4345 nonne
994 4282 1166 4347 ridiculum
1182 4282 1316 4348 dedisset
1331 4301 1420 4347 man·
1471 4284 1572 4362 rectio,
1593 4303 1675 4365 5555
1694 4283 1857 4366 515551555
1877 4283 1923 4347 est
1945 4280 2065 4347 Christi
2085 4279 2286 4360 bmefidum?
2321 4276 2448 4341 Scimus

443 4362 552 4427 5151555
581 4363 619 4427 15
639 4363 771 4443 puluere
797 4365 833 4427 15
860 4365 996 4431 nibilum
1027 4367 1214 4452 redipendo?
1260 4367 1364 4448 Quare
1389 4367 1420 4434 51
1471 4389 1576 4434 555555
1596 4371 1632 4433 iu
1653 4367 1763 4434 Adam
1782 4369 1874 4434 morti
1894 4368 1996 4450 fuisse
2017 4367 2156 4432 addictos
2162 4389 2172 4444 ,·
2197 4365 2279 4428 aenit
2301 4360 2448 4428 Christus

443 4468 508 4531 555
528 4449 614 4529 apud
636 4468 693 4513 555
712 4451 794 4531 51551
812 4451 990 4532 scripturae
1011 4453 1181 4534 autoritas,
1210 4453 1331 4538 5511155
1351 4455 1420 4519 doo-
1470 4456 1654 4520 resurrectio
1679 4459 1708 4519 et
1733 4455 1800 4520 5115
1824 4453 1953 4539 (Ioann.
1979 4458 2027 4530 ll,
2051 4455 2091 4514 25
2116 4475 2125 4513 .·
2152 4468 2196 4513 an
2216 4453 2251 4511 51
2266 4448 2446 4527 prauumue

442 4534 546 4632 trinae
575 4533 693 4599 durior
724 4535 773 4599 551
803 4538 913 4601 certior
944 4538 1121 4604 desiderari
1142 4544 1245 4621 potest
1265 4538 1418 4622 55515115.
1469 4545 1566 4606 tuum
1584 4560 1684 4625 penus
1703 4539 1876 4606 1555551555
1896 4537 2049 4620 mollica?
2160 4534 2361 4615 5551511555
2377 4555 2444 4599 555-

443 4619 512 4685 Hoc
533 4639 640 4699 rpsurn
659 4621 767 4718 pueris
791 4627 904 4686 sonant
929 4626 1164 4691 ressurectionis
1190 4631 1219 4690 51
1244 4625 1424 4690 5555115511-
1469 4631 1648 4692 senteneum
1673 4645 1771 4707 55555
1796 4646 1848 4691 555
1868 4625 1905 4688 15
1925 4623 2078 4719 obstinato
2098 4621 2323 4718 555555511515
2344 4638 2445 4684 conse

442 4876 597 4955 55515551
625 4875 710 4939 dedet
735 4878 816 4942 milei
836 4885 930 4960 pater
948 4901 1009 4945 non
1024 4882 1155 4964 peribit,
1183 4883 1238 4947 sed
1263 4882 1417 4947 suscitabo
1468 4884 1698 4960 sumectionern,
1725 4887 1753 4944 51
1775 4877 1935 4945 Christum
1955 4883 2118 4942 55515555
2138 4884 2175 4941 51
2194 4883 2327 4960 55555551
2346 4895 2443 4959 conos

441 4958 523 5023 illud
544 4960 580 5022 in
600 4961 767 5027 5551551555
788 4964 846 5030 die.
890 4965 1010 5032 Eodem
1030 4968 1126 5032 tendit
1146 4966 1323 5034 (1555515551
1350 4988 1418 5033 555-
1468 4968 1509 5034 ab
1535 4968 1641 5033 taedis
1672 4964 1810 5052 (Matth.
1834 4966 1885 5043 25,
1909 4962 1975 5049 32).
2022 4963 2216 5045 Respondes,
2249 4984 2311 5028 uon
2338 4962 2443 5027 debere

442 5042 523 5122 um,
545 5046 626 5124 551
646 5049 830 5114 555515
850 5071 980 5132 apua
1000 5054 1148 5133 55555.
1199 5052 1287 5120 aaa
1307 5059 1334 5120 e
1354 5073 1417 5117 ae
1467 5054 1569 5118 tues
1600 5058 1666 5116 um
1691 5050 1869 5128 555555,
1903 5050 1996 5116 euru
2021 5049 2259 5115 succuum
2283 5050 2320 5113 u
2346 5048 2444 5129 quie

441 5130 577 5194 5515155115
596 5151 704 5197 nomeu
721 5135 909 5217 1555511555.
945 5137 1092 5221 Superest
1109 5142 1144 5201 51
1164 5139 1201 5203 15
1221 5139 1416 5205 ressurectio
1466 5139 1562 5205 diano
1588 5156 1651 5202 usu
1682 5137 1846 5202 urnirnus.
1892 5136 1961 5202 Nos
1991 5136 2085 5200 tetius
2114 5135 2226 5200 mundi
2257 5134 2443 5198 haereditate

439 5216 601 5282 51555515
622 5218 748 5299 51155151
769 5221 906 5286 daldun.
939 5223 1008 5289 Hae
1024 5223 1112 5289 aerbo
1128 5228 1212 5289 uer:
1231 5226 1309 5308 5515
1328 5223 1416 5288 Ρ55-
1465 5224 1583 5289 otrus
1608 5223 1644 5287 15
1671 5223 1780 5287 Adam
1807 5222 1909 5304 fuisse
1929 5222 2090 5303 pmoatos5
2121 5240 2176 5286 nec
2206 5221 2314 5285 minus
2340 5238 2443 5300 55555

439 5300 491 5367 lus
511 5304 692 5386 5155151555
713 5325 825 5370 uocans
847 5308 878 5386 (l
899 5307 974 5373 (lar.
996 5315 1045 5388 15,
1070 5310 1136 5395 51),
1159 5310 1204 5375 ad
1223 5310 1416 5375 sobrietatem
1465 5309 1587 5374 ratione
1605 5308 1644 5373 ab
1666 5309 1823 5374 5115555115
1844 5308 2059 5375 communibus
2079 5304 2135 5372 nos
2156 5307 2265 5385 arceri,
2286 5325 2382 5387 55555
2402 5302 2443 5368 515

439 5407 496 5453 uos
515 5388 671 5466 15515155,
692 5392 720 5453 51
740 5390 871 5457 11555155
893 5397 1095 5478 5555555555
1109 5395 1354 5477 philosophandi
1375 5393 1415 5460 li·
2105 5462 2107 5464 ,
2398 5427 2401 5435 ·

440 5474 731 5623 55511552αέ55551.
776 5474 889 5627 Pers'tu‘no
915 5481 1076 5546 1555551555
1098 5487 1142 5547 est
1162 5480 1244 5562 5551
1264 5480 1416 5648 dicim

364 5599 368 5605 -
439 5578 541 5624 noctu
611 5577 807 5643 55555555
872 5570 1297 5633 muscarneresurrccturos
1620 5601 1625 5612 ·
1676 5601 1681 5610 ·
1733 5599 1739 5610 ·
1970 5600 1975 5612 ·
2079 5639 2086 5652 ‚
2189 5636 2236 5650 ..
2308 5592 2337 5649 ,·
2408 5595 2426 5646 5

439 5642 663 5722 ”limittit
682 5644 737 5709 scd
758 5648 940 5728 qualitatem
961 5651 1154 5734 5115551555.
1196 5651 1299 5718 dicati
1317 5671 1416 5736 55555
1468 5597 2078 5737 551)511ῗ111’1’ἷ’1’1’51ὠ“”ι””0“ρ
2111 5596 2229 5663 V111§
2255 5597 2307 5650 22⁰
2428 5598 2439 5655 l
