5600 6809
401 752 482 814 1109

746 748 835 813 LIB.
859 749 919 813 IV.
962 749 1026 814 DE
1048 743 1285 813 EXTERNIS
1306 745 1475 830 MEDIIS
1497 746 1562 811 AD
1585 744 1815 816 SALUTEM
1861 745 1960 813 OAP.
1982 746 2082 817 XX..

2322 753 2404 814 1110

398 921 465 985 sint
491 940 590 1001 quam
618 921 781 1001 rependere
810 941 878 984 eam
911 924 1073 1002 appetaut;
1100 939 1119 982 a
1152 940 1219 1001 qua
1246 918 1373 998 quidem
1424 916 1567 982 buslibet
1585 919 1713 984 damnis
1734 924 2025 997 commoverentur,
2048 927 2082 985 et
2101 922 2245 986 minimis
2269 921 2308 985 de
2327 942 2403 986 cau-

398 1007 556 1089 patientia
578 1027 638 1072 nec
660 1006 723 1087 ipsi
745 1022 799 1071 eos
822 1006 1020 1070 obducimus.
1054 1006 1142 1069 Vere
1165 1005 1252 1068 onim
1275 1003 1373 1068 Chri-

336 1172 338 1176 ·
398 1093 520 1156 6116166
548 1113 619 1156 6666
646 1100 774 1173 oportet
801 1092 971 1156 hominum
998 1112 1104 1173 genus
1132 1090 1173 1154 ad
1203 1095 1372 1155 contume-

397 1177 458 1242 lias
480 1176 680 1259 iniuriasque
703 1177 854 1242 ferendas
876 1188 1008 1254 natum,
1032 1177 1247 1258 pessimorum
1267 1175 1372 1238 homi·

320 1332 323 1337 ,
397 1286 477 1328 num
499 1264 670 1345 nequitiae,
694 1263 896 1346 imposturis,
919 1260 1070 1326 ludibriis
1093 1259 1292 1344 expositum;
1317 1281 1372 1324 ne·

397 1372 459 1433 que
480 1349 514 1412 id
537 1348 647 1412 modo:
668 1348 725 1436 sed
748 1370 861 1413 eorum
883 1348 1029 1412 omnium
1049 1347 1212 1412 malorum
1231 1347 1373 1410 toleran-

396 1444 446 1500 tes
468 1455 538 1500 essc
559 1443 695 1517 oportet,
716 1435 776 1499 hoe
794 1441 852 1512 est,
872 1434 919 1498 sic
936 1433 1012 1496 totis
1031 1433 1148 1497 animis
1170 1433 1373 1514 compositos,
1398 1436 1400 1443 '

396 1528 434 1585 nt
461 1528 611 1602 suscepta
642 1542 711 1584 una
739 1520 918 1585 offensione
944 1518 985 1582 ad
1015 1518 1153 1583 alteram
1180 1540 1215 1583 66
1243 1538 1373 1598 compa-

397 1614 484 1682 rent,
513 1606 596 1669 nihil
619 1606 679 1670 sibi
700 1607 736 1670 in
758 1615 859 1670 totam
885 1606 989 1671 vitam
1014 1604 1243 1686 promittentes
1276 1624 1374 1686 quam

395 1701 570 1775 perpetuae
604 1693 709 1757 erucis
742 1691 958 1756 tolerantiam.
1008 1689 1147 1754 Interim
1180 1698 1214 1754 et
1245 1690 1286 1753 iis
1318 1689 1374 1771 qui

396 1778 459 1842 sibi
480 1777 592 1841 iniurii
611 1786 696 1855 sunt,
719 1776 933 1854 benefaciant,
957 1783 990 1840 et
1007 1775 1275 1841 maledicentibus
1293 1775 1374 1839 bene

397 1870 586 1946 precentur:
616 1870 649 1926 et
677 1864 775 1947 (quae
810 1864 908 1928 unica
935 1870 984 1927 est
1011 1883 1073 1927 sua
1107 1861 1257 1944 victoria)
1291 1863 1374 1926 bono

396 1949 521 2013 malum
553 1951 683 2014 vincere
716 1948 918 2014 contendant
949 1949 1058 2032 (Rom.
1088 1952 1140 2026 12,
1168 1951 1205 2010 21
1217 1972 1225 2028 ;
1254 1948 1373 2012 Matth.

399 2040 426 2113 5,
448 2035 513 2118 39).
557 2033 613 2100 Sic
636 2035 746 2099 affecti
768 2057 832 2100 non
855 2042 1013 2118 quaerent
1035 2033 1168 2099 oculum
1189 2054 1248 2115 pro
1271 2034 1372 2112 ocula,

397 2119 529 2184 dentem
550 2141 609 2203 pro
632 2119 730 2185 dente
752 2120 906 2205 (qualitor
928 2141 1003 2184 suos
1026 2119 1201 2201 discipulos
1221 2120 1374 2184 institue·

396 2204 473 2269 bant
493 2206 681 2284 Pharisaei,
705 2207 747 2271 ad
769 2205 986 2288 appetendam
1006 2205 1180 2290 ultionem)
1203 2204 1270 2282 sed,
1293 2225 1374 2288 quo-

396 2291 492 2356 modo
515 2314 535 2355 a
557 2291 690 2356 Christo
712 2291 889 2370 erudimur,
909 2299 943 2355 et
959 2312 1076 2374 corpus
1098 2312 1195 2355 suum
1217 2291 1373 2370 mutilari,

396 2384 429 2440 61
450 2376 611 2441 malitiose
633 2399 693 2442 sua
714 2377 775 2441 sibi
796 2379 877 2459 eripi
900 2378 946 2442 sia
967 2378 1082 2455 ferent,
1101 2384 1139 2442 ut
1155 2398 1210 2441 eas
1227 2377 1374 2455 iniurias,

396 2461 495 2526 simul
516 2482 553 2527 ac
575 2463 738 2546 irrogatae
756 2462 819 2528 sibi
840 2463 970 2540 11161111,
993 2463 1163 2527 remissuri
1181 2463 1247 2526 sint
1265 2485 1303 2527 ac
1323 2463 1374 2526 ul-

398 2555 449 2610 tro
479 2546 702 2613 condonaturi.
747 2549 861 2632 Neque
890 2549 1015 2614 isthaec
1047 2556 1157 2613 tamen
1190 2549 1375 2613 animorum

396 2633 542 2716 aequitas
560 2641 593 2696 et
610 2633 789 2698 moderatio
810 2633 975 2716 impediet,
999 2634 1077 2717 6111
1099 2634 1229 2718 integra
1245 2634 1280 2699 in
1298 2654 1375 2699 suos

397 2718 547 2783 inimicos
569 2720 714 2783 amicitia
734 2720 945 2802 magistratus
968 2740 1028 2803 ope
1047 2720 1219 2785 adrerum
1241 2740 1375 2785 suarum

396 2805 677 2869 conservationem
696 2812 846 2884 utantur;
865 2812 923 2869 aut
940 2805 1060 2887 publici
1077 2805 1155 2870 boni
1173 2806 1281 2870 studio
1299 2827 1374 2870 son-

396 2897 464 2953 tem
486 2911 524 2955 66
546 2889 753 2972 pestilentem
785 2891 953 2955 hominem
975 2890 1017 2955 ad
1034 2912 1174 2973 poenam
1201 2892 1373 2974 postulent,

396 2996 494 3057 quem
512 2975 680 3039 emendari
699 2976 761 3040 nisi
780 2988 885 3041 morte
903 2997 969 3040 non
986 2998 1080 3059 posse
1098 2978 1258 3041 noverint.
1285 2977 1374 3041 Vere

396 3061 485 3124 enim
511 3062 720 3145 Augustinus
734 3063 759 3145 ¹)
793 3061 875 3127 haec
904 3069 1078 3145 praecepta
1109 3063 1219 3127 omnia
1241 3084 1279 3128 oo
1301 3071 1373 3126 ten-

269 3234 275 3242 ·
397 3145 474 3209 dere
498 3147 747 3229 interpretatur,
780 3155 818 3211 ut
842 3154 977 3229 paratus
1005 3147 1049 3212 sit
1076 3147 1173 3210 homo
1206 3150 1311 3213 iustus
1340 3153 1374 3211 et

419 3231 469 3296 116
491 3253 604 3295 eorum
632 3232 791 3297 malitiam
817 3234 981 3317 patienter
1012 3233 1176 3298 sustinere
1202 3254 1282 3315 quos
1302 3232 1375 3297 fieri

438 3336 499 3380 nos
521 3319 648 3398 6166111
654 3342 663 3396 ;
686 3325 902 3383 1111116116
924 3319 1033 3401 potius
1061 3325 1187 3383 crescat
1203 3317 1373 3396 bonorum,

395 3422 463 3465 non
486 3409 523 3465 11
544 3403 616 3484 pari
636 3403 762 3468 11611116
784 3426 818 3468 66
840 3425 967 3488 616616
989 3424 1126 3469 numero
1155 3403 1255 3468 addat
1271 3405 1374 3468 malo-

395 3508 471 3551 rum
478 3511 486 3567 ;
514 3487 633 3552 deinde
661 3489 703 3553 ad
729 3491 1013 3572 praeparationem
1042 3488 1147 3554 cordis
1174 3509 1257 3571 6166
1284 3491 1374 3554 intus

396 3583 446 3636 est
467 3575 573 3657 magis
595 3575 776 3656 pertinere,
809 3596 906 3658 quam
929 3576 971 3640 ad
993 3597 1074 3659 opus
1095 3575 1183 3658 qaod
1204 3576 1240 3640 in
1262 3583 1375 3658 aperto

394 3660 448 3723 fit:
472 3667 509 3723 ut
531 3668 682 3724 teneatur
704 3662 740 3724 in
763 3669 886 3728 secreto
910 3662 1012 3726 animi
1039 3661 1200 3744 patientia
1222 3684 1297 3727 cum
1318 3662 1374 3726 bo·

396 3745 596 3824 nevolentia;
624 3747 659 3810 in
686 3748 857 3812 manifesto
894 3757 1004 3813 autem
1033 3746 1067 3811 id
1093 3749 1166 3825 1161,
1194 3746 1280 3830 quod
1308 3747 1374 3812 illis

396 3831 546 3897 videmus
568 3831 721 3914 prodesse
743 3854 836 3917 posse
858 3833 976 3916 quibus
994 3832 1077 3898 bene
1099 3833 1184 3899 velle
1207 3833 1372 3899 debemus.

483 3921 532 3982 21.
578 3916 675 3998 Quod
698 3928 808 3984 autem
840 3921 995 3985 obiectari
1017 3920 1108 3998 solet,
1131 3919 1205 3985 lites
1228 3941 1248 3984 a
1269 3919 1374 3984 Paulo

394 4002 428 4066 in
451 4005 642 4068 universum
664 4026 735 4069 6666
758 4004 943 4084 damnatas,
966 4006 1001 4069 id
1025 4026 1152 4089 quoque
1173 4005 1290 4070 falsum
1315 4012 1372 4070 est

395 4088 540 4171 Intelligi
561 4111 603 4153 ex
625 4089 813 4155 eiusvorbis
836 4092 866 4175 (l
884 4089 958 4154 Cor.
980 4097 1008 4168 6,
1031 4089 1163 4175 16666.)
1185 4090 1278 4155 facile
1301 4097 1373 4174 pot-

395 4181 459 4252 est,
482 4173 694 4239 immodieum
727 4177 827 4240 fuisse
854 4175 1006 4259 litigandi
1033 4177 1177 4241 11161611
1198 4177 1233 4239 11
1256 4174 1374 4240 Corin-

395 4259 539 4324 thiorum
571 4261 719 4326 ecelesia:
746 4282 849 4343 usque
876 4283 913 4325 eo
941 4271 978 4325 ut
1005 4261 1132 4326 Christi
1165 4261 1373 4345 evangelium

395 4352 428 4409 61
454 4352 559 4410 totam
587 4367 685 4430 quam
705 4347 944 4429 profitebantur
964 4346 1165 4430 religionem,
1196 4347 1373 4431 impiorum

395 4432 521 4496 cavillis
553 4455 591 4499 ac
619 4433 866 4498 maledicentiae
899 4441 1109 4516 exponerent.
1153 4432 1194 4497 ld
1227 4434 1373 4516 primum

1426 1005 1470 1067 sis
1492 1003 1534 1068 ad
1556 1004 1662 1068 forum
1685 1012 1719 1067 61
1743 1005 1818 1070 lites
1848 1005 2074 1084 decurrerent,
2098 1007 2159 1072 hoo
2187 1007 2305 1072 indicio
2334 1029 2404 1072 esse

1426 1089 1513 1164 dicit,
1537 1090 1623 1173 quod
1646 1091 1756 1154 animo
1776 1099 1887 1156 essent
1909 1092 2007 1155 nimis
2039 1092 2205 1171 irritabili,
2229 1101 2262 1157 et
2284 1091 2325 1156 ad
2346 1115 2404 1176 pa·

1426 1174 1576 1239 tientiam
1614 1177 1724 1240 minus
1764 1185 1959 1259 comparato.
2009 1177 2049 1241 Id
2089 1199 2167 1242 6616
2205 1178 2404 1243 Christianis

1427 1260 1592 1348 agendum
1614 1270 1677 1340 est,
1700 1270 1736 1326 ut
1758 1262 1798 1327 de
1820 1284 1877 1327 suo
1899 1264 1969 1326 iure
1999 1262 2154 1328 decedere
2184 1286 2312 1347 semper
2334 1286 2404 1328 ma·
2520 1327 2524 1336 ,

1426 1346 1489 1409 1111
1510 1368 1608 1428 quam
1630 1347 1665 1412 in
1687 1349 1795 1412 forum
1823 1347 1989 1431 progredi:
2019 1349 2105 1413 unde
2137 1351 2404 1432 1116116666-

1427 1433 1493 1495 sint
1514 1434 1577 1497 1161
1599 1435 1810 1498 commotiore
1838 1435 1946 1498 animo
1965 1441 1998 1496 et
2019 1437 2052 1498 in
2076 1436 2189 1501 fratris
2217 1436 2328 1500 odium
2351 1457 2405 1499 ac·

1427 1539 1531 1583 conse.
1575 1518 1702 1583 Verum
1732 1518 1787 1583 ubi
1815 1520 1887 1603 quis
1915 1521 1998 1584 61116
2025 1523 2169 1586 caritatis
2197 1521 2406 1604 dispendium

1426 1624 1496 1667 rem
1519 1626 1613 1668 suam
1631 1627 1665 1669 se
1686 1626 1780 1686 posse
1803 1606 1887 1669 tucri
1909 1604 2038 1683 viderit,
2057 1608 2150 1672 cuius
2167 1609 2293 1671 iactura
2311 1607 2406 1691 gravi

1427 1688 1489 1753 sibi
1512 1688 1681 1772 dispendio
1703 1692 1814 1755 futura
1836 1691 1888 1769 sit,
1910 1690 1945 1754 id
1966 1692 1995 1756 si
2005 1693 2112 1770 faeiat,
2138 1693 2223 1757 nihil
2246 1694 2282 1757 in
2305 1693 2404 1757 istam

1426 1775 1522 1839 Pauli
1550 1777 1746 1839 sententiam
1777 1776 1944 1859 delinquit
1989 1778 2156 1859 Denique,
2191 1779 2277 1860 quod
2313 1779 2406 1842 initio

1428 1860 1612 1940 docuimus,
1636 1864 1794 1943 optimum
1818 1863 1934 1946 cuique
1955 1863 2128 1927 consilium
2158 1863 2248 1929 dabit
2270 1865 2404 1929 caritas:

1427 1947 1498 2010 sine
1527 1968 1593 2029 qua
1621 1969 1832 2031 6166611616
1866 1949 2102 2030 suscipiuntur,
2132 1957 2165 2014 et
2194 1951 2407 2032 ultraquam

1428 2053 1510 2114 quae
1537 2032 1792 2116 progrediuntur
1824 2033 2089 2117 disceptationes,
2120 2035 2258 2099 iniustas
2281 2029 2351 2099 e‘sse
2374 2040 2408 2097 et

1427 2117 1545 2200 impias
1567 2127 1663 2183 extra
1684 2121 1937 2184 controversiam
1961 2121 2123 2202 ponimus,

1514 2206 1563 2266 22.
1609 2202 1825 2269 Subditorum
1842 2226 1921 2288 erga
1938 2225 2015 2269 suos
2033 2208 2245 2288 magistratus
2262 2205 2408 2270 officium

1427 2290 1571 2371 primum
1593 2298 1651 2366 661,
1676 2289 1715 2354 de
1738 2312 1851 2355 eorum
1872 2292 2038 2355 functione
2067 2313 2165 2373 quam
2187 2291 2406 2355 honorificen-

1427 2376 1551 2439 tissime
1575 2376 1705 2456 sentire,
1729 2397 1826 2458 quam
1845 2376 1968 2441 scilicet
1985 2377 2077 2441 velut
2095 2377 2279 2460 delegatam
2296 2398 2316 2441 6
2333 2378 2406 2441 Deo

1427 2459 1685 2526 iurisdietionem
1707 2469 1902 2546 agnoscunt,
1927 2483 2044 2544 eosque
2066 2462 2107 2527 ob
2127 2462 2161 2526 id
2183 2463 2346 2545 suspicere
2369 2481 2407 2526 66

1427 2548 1569 2610 revereri
1588 2554 1625 2610 ut
1642 2547 1706 2611 Dei
1723 2549 1892 2613 ministros
1910 2568 1948 2612 ac
1965 2547 1996 2612 le
2020 2556 2098 2612 atos.
2133 2546 2301 2628 Quosdam
2319 2547 2408 2611 enim

1427 2632 1580 2713 reperias,
1599 2633 1655 2714 qui
1673 2634 1741 2697 suis
1759 2655 1793 2697 se
1812 2570 2058 2717 magistratius
2076 2633 2172 2699 valde
2193 2632 2407 2716 obsequentes

1428 2718 1616 2800 praebeant.
1640 2740 1677 2783 ac
1700 2719 1805 2781 nolint
1832 2718 1962 2800 quidem
1984 2740 2052 2782 non
2074 2740 2145 2785 6666
2174 2719 2292 2801 quibus
2314 2718 2407 2783 obse·

1427 2810 1579 2886 quantur,
1602 2803 1688 2885 quod
1708 2803 1793 2868 bono
1815 2802 1944 2885 publico
1967 2805 2013 2868 ita
2035 2804 2188 2886 expedire
2210 2811 2346 2882 norimt3
2366 2802 2407 2869 de

1427 2889 1507 2972 ipsis
1528 2896 1639 2952 tamen
1671 2889 1918 2972 magistratibus
1940 2910 2007 2953 non
2030 2909 2124 2954 secus
2147 2890 2344 2967 existiment,
2368 2910 2407 2955 ac

1427 2974 1523 3038 malis
1545 2974 1739 3057 quibusdam
1760 2975 1959 3039 necessariis.
2003 2974 2131 3039 Verum
2152 2973 2228 3057 plus
2250 2973 2407 3056 quiddam

1428 3081 1448 3124 a
1469 3058 1562 3123 nobis
1579 3061 1715 3142 requirit
1735 3061 1855 3124 Petrus
1877 3060 1910 3144 (l
1930 3060 2020 3125 Patr.
2040 3062 2069 3136 2,
2093 3059 2157 3142 17),
2175 3081 2277 3142 quum
2294 3080 2407 3142 regem

1428 3145 1591 3221 honorari,
1614 3153 1648 3210 et
1669 3144 1802 3211 Solomo
1823 3146 1936 3229 (Prov.
1957 3125 2007 3224 14,
2028 3145 2093 3228 21),
2117 3166 2220 3227 quum
2242 3145 2351 3209 Deum
2374 3151 2408 3209 et

1427 3252 1540 3314 regem
1571 3232 1681 3295 timeri
1710 3232 1876 3315 praecipit.
1928 3230 1990 3295 Ille
2017 3231 2105 3294 enirn
2133 3229 2193 3294 sub
2222 3229 2408 3294 honorandi

1427 3317 1527 3381 terbo
1558 3316 1718 3382 sinceram
1746 3337 1783 3381 66
1808 3316 1981 3383 candidam
2015 3315 2292 3380 existimationem
2318 3335 2406 3380 com-

1427 3401 1583 3484 plectitur
1590 3426 1598 3482 ;
1626 3402 1680 3467 hio
1707 3423 1819 3485 regem
1841 3424 1917 3468 eum
1939 3401 2011 3466 Deo
2040 3402 2244 3484 coniungens
2273 3407 2406 3466 sanctae

1428 3487 1597 3552 cuiusdam
1638 3488 1859 3553 venerationis
1892 3507 1930 3552 ac
1962 3486 2132 3570 dignitatis
2165 3486 2300 3569 plenum
2334 3506 2406 3552 6666

1428 3573 1578 3637 ostendit
1631 3573 1693 3639 Est
1726 3581 1759 3638 et
1787 3573 1869 3638 illud
1903 3573 2109 3655 praeclarum
2143 3572 2229 3654 apud
2262 3571 2407 3636 Paulum

1427 3658 1571 3741 elogium
1591 3657 1701 3741 (Rom.
1718 3663 1765 3738 13,
1779 3658 1823 3743 5),
1841 3666 1879 3724 11
1896 3659 2085 3724 obediamus
2101 3679 2169 3722 non
2186 3658 2407 3741 6611116166-

1428 3752 1478 3809 ter
1499 3745 1598 3823 iram,
1623 3744 1679 3809 sed
1699 3752 1833 3827 propter
1855 3746 2093 3810 conscientiam.
2140 3742 2216 3824 Quo
2238 3743 2406 3827 intelligit,

1428 3852 1494 3895 non
1512 3839 1637 3894 terrore
1655 3830 1750 3895 modo
1767 3831 1952 3914 principum
1970 3852 2008 3895 ac
2025 3831 2263 3912 praefectorum
2288 3828 2407 3894 adduci

1427 3914 1573 3980 subditos
1595 3915 1721 3995 debere,
1745 3917 1837 3980 utin
1855 3937 1967 3981 eorum
1991 3916 2191 3981 subiectione
2213 3916 2406 3981 continean-

1427 4009 1495 4080 tur,
1527 4000 1667 4084 qualiter
1699 4002 1909 4068 succumbere
1941 4002 2028 4067 hosti
2055 4010 2181 4065 armato
2208 4001 2323 4079 solent,
2349 4001 2404 4083 qui

1427 4086 1605 4153 vindictam
1632 4087 1701 4152 fore
1730 4096 1916 4172 promptam
1944 4087 2058 4152 vident
2079 4087 2108 4153 61
2130 4086 2324 4160 restiterint,
2348 4107 2405 4150 ve-

1427 4194 1502 4237 rum
1530 4174 1607 4256 quia
1633 4173 1706 4249 Deo
1732 4176 1796 4257 ipsi
1824 4174 2006 4239 redduntur
2041 4173 2193 4254 obsequia
2221 4192 2304 4254 quae
2332 4169 2405 4234 istis

1427 4265 1651 4343 praestantur;
1673 4258 1804 4343 quando
1826 4281 1939 4324 eorum
1961 4267 2102 4342 potestas
2124 4278 2144 4320 a
2164 4257 2235 4319 Deo
2257 4264 2314 4320 est.
2354 4254 2406 4321 De

1426 4345 1603 4410 1616161166
1620 4367 1683 4410 uon
1698 4347 1833 4428 dispecto,
1844 4347 1924 4411 6661
1939 4347 2030 4411 larva
2046 4343 2213 4426 aqueae
2230 4340 2404 4419 stultitiam,

1425 4431 1473 4496 vel
1500 4431 1675 4514 iquaeiam,
1701 4432 1748 4496 ael
1775 4432 1986 4498 crudelitatem
2016 4448 2172 4508 amesque
2195 4427 2350 4506 improbos
2377 4432 2406 4491 et

394 4518 605 4596 reprehendit
625 4520 660 4582 in
683 4519 747 4583 illis
767 4519 903 4597 Paulus,
933 4518 1020 4602 quod
1047 4517 1256 4602 evangelium
1285 4517 1373 4601 apud
1422 4517 1540 4601 tlaqitii
1555 4517 1665 4600 plenos
1682 4523 1798 4602 teperet,
1818 4524 1908 4600 atque
1925 4518 1971 4580 ita
1988 4515 2076 4579 vitiis
2093 4513 2263 4594 acquireret
2280 4511 2405 4576 laudem

393 4600 542 4666 infideles
572 4603 811 4670 dissensionum
838 4626 974 4669 suarum
1002 4605 1194 4686 intemperie
1222 4604 1372 4671 traduce-

394 4696 477 4750 rent.
522 4688 651 4754 Deinde
677 4699 710 4756 et
729 4691 791 4757 hoc
819 4691 942 4773 ipsum,
971 4691 1057 4773 quod
1083 4711 1159 4754 cum
1179 4692 1216 4755 in
1237 4691 1372 4755 modum

1426 4606 1589 4684 virtutum
1611 4604 1667 4670 sed
1685 4605 1754 4670 dico
1775 4605 1912 4668 orditum
1933 4603 2038 4681 ipsum
2060 4599 2171 4663 166616
2188 4603 2216 4662 61
2233 4598 2405 4662 reverentia

1425 4692 1556 4772 61166661
1577 4711 1649 4755 6666.
1672 4696 1708 4755 61
1729 4691 1900 4772 quicunque
1916 4690 2078 4767 61666661,
2101 4684 2188 4766 apud
2209 4704 2266 4748 uos
2287 4683 2351 4747 siut
2371 4685 2405 4748 iu

394 4771 481 4835 inter
514 4793 548 4836 se
582 4773 776 4841 dissiderent
812 4776 930 4843 fratres
963 4799 1039 4843 oum
1071 4776 1236 4842 tratribus.
1288 4777 1372 4842 'Pam
1420 4777 1538 4858 pretio,
1562 4778 1829 4842 etveumtiauem
1850 4773 2003 4837 6111661161
2024 4768 2241 4852 praefecturae
2258 4790 2334 4833 suae
2358 4789 2406 4833 re

394 4856 482 4921 enim
509 4858 620 4940 procul
643 4881 663 4923 a
683 4862 816 4928 ferenda
843 4864 965 4928 iniuria
994 4863 1094 4928 alieni
1120 4871 1228 4942 erant,
1254 4870 1293 4927 at
1314 4862 1370 4927 alii
1422 4866 1534 4943 speetu.

394 4943 532 5008 aliorum
560 4945 699 5009 16111116
726 4949 820 5012 avido
846 4950 1029 5028 inhiarent,
1057 4950 1143 5013 ultro
1164 4949 1370 5027 lacesserent,

270 5051 273 5054 ⁴
394 5037 427 5093 et
449 5028 606 5113 damnum
633 5032 802 5095 inferrent.
847 5034 888 5097 In
917 5036 1008 5096 illam
1035 5055 1113 5117 ergo
1140 5034 1293 5120 litigandi
1320 5036 1371 5099 in-

394 5115 520 5179 saniam
541 5117 719 5196 invehitur,
742 5138 809 5180 non
831 5119 1021 5200 simpliciter
1038 5114 1073 5180 in
1092 5121 1224 5200 quasvis
1242 5127 1371 5187 contro-

394 5201 526 5265 versias.
556 5203 604 5265 At
620 5204 752 5267 omnino
770 5201 888 5268 vitium
905 5202 958 5268 vel
974 5203 1199 5269 infirmitatem
1211 5228 1281 5271 esse
1296 5228 1371 5288 pro·

395 5288 537 5365 nuntiat,
560 5289 648 5371 quod
666 5310 733 5353 uon
745 5288 854 5372 potius
877 5289 1036 5353 damnum
1055 5289 1240 5370 acciperent
1260 5311 1371 5354 rerum

396 5393 545 5451 suarum,
574 5395 672 5456 quam
699 5396 757 5458 pro
786 5375 839 5440 his
867 5373 1100 5440 conservandis
1122 5374 1164 5439 ad
1192 5375 1373 5440 contentio-

394 5479 453 5522 nes
474 5480 578 5541 usque
600 5459 802 5527 laborarent:
825 5481 944 5544 nempe
966 5481 1069 5543 quum
1092 5459 1372 5544 616616116611-

464 5646 493 5713 1)
511 5647 598 5716 Epist.
618 5649 642 5701 5.
662 5650 697 5702 ad
715 5650 901 5703 Marcellinum
924 5649 1011 5714 (138).

1511 4951 1562 5012 23.
1606 4948 1660 5011 Ex
1681 4966 1719 5008 eo
1741 4953 1775 5007 et
1796 4946 1935 5009 alterum
1958 4940 2075 5006 deinde
2098 4940 2255 5022 sequitur,
2273 4945 2311 5003 ut
2328 4961 2404 5022 pro-

1424 5035 1534 5118 pensis
1560 5035 1593 5096 in
1622 5050 1736 5094 eorum
1768 5029 2027 5095 observationem
2060 5026 2193 5091 animis
2213 5046 2307 5089 suam
2340 5024 2405 5090 illis
2521 5094 2523 5099 ,

1425 5119 1643 5186 obedientiam
1665 5117 1858 5198 approbent:
1890 5115 1959 5179 sive
1977 5113 2092 5178 edictis
2113 5111 2311 5194 parendum,
2335 5111 2404 5177 sive

1425 5208 1548 5270 tributa
1567 5200 1736 5280 solvenda,
1759 5203 1830 5268 sive
1852 5198 2022 5266 subeunda
2042 5198 2173 5281 publica
2194 5216 2332 5260 munera
2355 5203 2404 5259 at-

1426 5312 1489 5373 666
1517 5309 1617 5353 onera
1644 5308 1725 5370 queo
1755 5289 1797 5354 ad
1820 5307 2027 5352 communem
2062 5283 2283 5349 defensionem
2313 5301 2406 5378 spec·

1424 5383 1505 5452 tent,
1528 5373 1598 5438 sive
1620 5393 1685 5456 quo
1706 5374 1770 5439 alia
1790 5376 1881 5440 iussa
1902 5368 2108 5457 capessenda.
2143 5366 2262 5433 Omnis
2281 5387 2405 5446 amma,

1425 5461 1533 5542 inquit
1553 5459 1679 5524 Paulus
1701 5459 1811 5543 (Rom
1834 5464 1882 5540 13,
1904 5459 1946 5544 1),
1969 5454 2184 5542 potestatibus
2206 5451 2405 5550 sublimiori-

1426 5547 1486 5610 bus
1508 5545 1639 5611 subdita
1660 5545 1717 5626 sit;
1740 5549 1796 5631 qui
1818 5548 1905 5612 enim
1927 5543 2081 5629 potestati
2102 5539 2241 5616 resistit,
2264 5536 2331 5601 Der
2352 5558 2404 5602 or-

1425 5630 1585 5696 dinationi
1607 5631 1739 5700 resistit.
1777 5633 1963 5700 Admoneto
1984 5629 2066 5706 illos,
2089 5625 2202 5692 scribit
2223 5622 2311 5689 idem
2328 5623 2404 5690 'lito

2146 5726 2201 5780 ‘10'
