5600 6809
427 775 492 836 art
1073 764 1339 836 msuluuulo
1359 768 1466 836 REL.
1489 759 1669 830 OHRIST.
1694 763 1787 826 1559.
2371 759 2441 822 916

433 956 663 1039 unusquisque.
710 954 841 1019 Tertius
864 973 992 1036 quoque
1020 954 1177 1020 similiter.
1218 956 1295 1021 Fiet
1317 957 1407 1022 enim
1459 975 1531 1019 ram
1558 951 1623 1016 Dei
1652 948 1824 1026 tribunali,
1851 948 1921 1012 6166
1943 949 2153 1012 severitatem
2174 946 2351 1012 miserabili
2373 947 2439 1010 ha-

433 1042 599 1110 interdum
617 1047 656 1104 61
679 1038 779 1118 bello,
807 1040 860 1105 vel
885 1047 994 1122 peste,
1016 1040 1071 1105 vel
1092 1041 1276 1105 calamitate
1298 1043 1408 1125 aliqua
1458 1040 1530 1104 bitu
1551 1035 1727 1120 deprecari,
1750 1042 1822 1098 tum
1839 1035 1908 1099 eius
1929 1034 2052 1118 gloriae
2073 1034 2209 1097 interest
2226 1052 2263 1097 ac
2285 1032 2440 1115 publicae

433 1137 566 1214 gentem
597 1147 698 1191 unam
730 1127 893 1208 percutiat
924 1126 1024 1190 Deus.
1074 1126 1115 1190 In
1148 1127 1210 1193 hac
1242 1129 1408 1193 communi
1460 1123 1707 1199 aedificationis,
1735 1128 1807 1184 tum
1835 1120 1930 1185 nobis
1952 1140 2079 1201 quoque
2106 1119 2186 1201 ipsis
2212 1119 2292 1183 utile
2320 1126 2372 1184 661
2398 1138 2441 1183 66

433 1214 538 1280 ferula
564 1233 656 1276 ream
681 1233 716 1276 se
744 1218 812 1276 tota
839 1210 930 1294 plebs
951 1211 1050 1276 faciat
1070 1219 1199 1295 oportet
1220 1234 1258 1279 ac
1279 1222 1408 1279 reatum
1460 1211 1611 1276 salutare.
1655 1208 1764 1289 Atque
1793 1204 1828 1269 id
1856 1206 1988 1287 quidem
2015 1206 2174 1269 usitatum
2195 1205 2295 1269 fuisse
2316 1205 2352 1267 in
2375 1225 2440 1286 po·

455 1302 635 1365 rofitoatur.
686 1295 724 1362 si
754 1318 850 1378 quem
879 1316 958 1362 vero
984 1298 1149 1379 privatum
1171 1299 1269 1365 feriat
1289 1319 1408 1365 manus
1460 1297 1537 1380 pulo
1565 1293 1755 1370 israelitico,
1789 1313 1831 1356 ex
1859 1292 1968 1356 verbis
1995 1291 2094 1355 Ioelis
2116 1292 2166 1374 (2,
2199 1288 2253 1374 15)
2281 1290 2456 1373 colligere·

468 1384 579 1463 omini,
608 1383 643 1448 id
670 1385 778 1466 ipsum
804 1383 902 1447 faciat
922 1382 976 1447 vel
998 1382 1086 1447 solus
1108 1384 1161 1449 vel
1183 1406 1257 1449 cum
1280 1407 1339 1450 666
1359 1386 1408 1449 fa-
1459 1391 1647 1466 promptum
1674 1386 1732 1443 est
1777 1378 1864 1442 Nam
1893 1398 1993 1459 quum
2019 1376 2110 1441 iubet
2134 1376 2207 1441 cani
2235 1374 2328 1453 tuba,
2356 1396 2441 1439 con-

431 1472 532 1537 milia.
583 1469 623 1533 Id
657 1468 788 1553 quidem
821 1468 995 1550 praecipue
1028 1468 1129 1532 situm
1162 1479 1213 1535 661
1245 1471 1281 1534 16
1308 1473 1409 1535 661611
1460 1469 1570 1534 666611
1591 1473 1729 1543 6661661,
1752 1462 1853 1528 indici
1876 1463 2048 1539 ieiunium,
2071 1470 2104 1525 et
2126 1482 2268 1543 eaquae
2290 1482 2441 1543 sequun-

432 1558 563 1623 affectu.
615 1553 684 1620 Sed
711 1554 798 1618 enim
826 1552 883 1617 ubi
912 1554 1043 1618 animus
1070 1554 1213 1620 afficitur
1239 1565 1277 1621 ut
1303 1556 1407 1635 debet,
1461 1562 1531 1631 tur,
1564 1553 1708 1635 loquitur
1739 1557 1778 1614 ut
1811 1548 1851 1613 de
1884 1548 1982 1613 rebus
2008 1549 2174 1613 communi
2200 1546 2441 1612 consuetudine

433 1643 506 1708 fieri
533 1643 591 1707 vix
617 1647 724 1723 potest
751 1639 832 1720 quin
859 1647 1010 1721 erumpat
1036 1641 1072 1703 in
1100 1648 1271 1706 externam
1292 1643 1409 1708 testifi-
1461 1640 1608 1723 receptis,
1663 1637 1768 1702 Paulo
1801 1642 1877 1699 ante
1910 1633 2052 1712 dixerat,
2086 1633 2126 1698 de
2158 1633 2291 1715 flagitiis
2323 1632 2441 1716 populi

435 1730 611 1803 sationem,
628 1724 727 1806 idque
744 1732 817 1788 tum
836 1725 978 1789 maxime
997 1726 1023 1789 si
1041 1725 1077 1788 in
1096 1747 1303 1792 communem
1321 1728 1410 1792 aedi·
1462 1726 1672 1789 constiurtam
1700 1743 1770 1788 esse
1792 1720 2023 1802 quaestionem,
2046 1741 2084 1785 ac
2105 1720 2172 1783 iam
2192 1719 2365 1783 imminere
2387 1719 2441 1783 iu-

434 1814 618 1879 fioationem
646 1809 746 1886 cedit,
775 1817 813 1873 ut
842 1831 956 1874 omnes
977 1810 1090 1889 simul,
1121 1821 1290 1893 peccatum
1313 1835 1410 1879 suum
1462 1811 1539 1876 dicii
1562 1811 1647 1875 diem
1669 1807 1893 1888 nuntiaverat,
1921 1826 2056 1889 reosque
2083 1807 2242 1871 citaverat
2262 1803 2304 1868 ad
2326 1803 2442 1869 dicen-

434 1899 542 1982 palam
563 1895 755 1973 confitendo,
783 1894 915 1959 laudem
936 1896 1084 1960 iustitiae
1111 1897 1183 1961 Deo
1207 1899 1354 1978 reddant,
1377 1906 1412 1963 et
1463 1897 1538 1961 dam
1576 1916 1723 1973 causam;
1758 1891 1875 1957 deinde
1904 1892 2101 1958 vociferatur
2128 1900 2165 1955 ut
2190 1899 2366 1973 properent
2397 1889 2441 1954 ad

434 2005 469 2050 se
490 1989 604 2047 mutuo
628 1982 654 2046 si
725 1980 750 2045 li
772 1981 921 2063 exemplo
943 2002 1003 2045 suo
1025 1982 1245 2048 cohortentur.
1463 2002 1593 2048 saccum
1615 1981 1820 2055 etcinerem,
1844 1978 1885 2043 ad
1907 1980 2020 2042 fletum
2041 1985 2075 2041 et
2096 1977 2263 2052 ieiunium,
2294 1975 2355 2039 hoc
2378 1983 2441 2054 est,

523 2073 571 2133 16.
615 2068 712 2133 Une
742 2063 917 2144 ieiunium,
946 2075 985 2130 ut
1013 2074 1064 2130 est
1095 2069 1227 2152 signum
1256 2069 1412 2134 humilia·
1462 2076 1501 2132 ut
1533 2066 1676 2132 externis
1705 2085 1832 2147 quoque
1861 2063 2141 2128 testificationibus
2170 2083 2204 2126 se
2230 2081 2338 2126 coram
2367 2062 2441 2125 Do-

434 2155 543 2232 tionis,
565 2153 819 2235 frequentiorem
841 2172 939 2216 usum
967 2151 1066 2217 habet
1087 2154 1122 2217 in
1144 2156 1284 2235 publico,
1313 2176 1412 2237 quam
1462 2154 1553 2217 mino
1570 2158 1786 2235 prosternant
1824 2148 1916 2213 (linis
1933 2148 2064 2229 quidem
2083 2156 2116 2211 et
2136 2169 2249 2214 saccus
2271 2146 2336 2211 illis
2353 2147 2442 2210 forte

433 2242 521 2306 inter
543 2239 692 2304 homines
714 2239 872 2320 privatos:
901 2245 1068 2320 utcunque
1097 2239 1141 2304 sit
1169 2261 1351 2319 commune,
1373 2248 1412 2305 ut
1462 2239 1665 2321 temporibus
1692 2237 1797 2318 magis
1824 2234 2076 2312 conveniebant;
2104 2233 2161 2300 sed
2189 2232 2378 2300 convocatio
2406 2242 2443 2297 et

434 2325 559 2391 dictum
580 2332 638 2389 est.
676 2322 772 2404 Quod
791 2343 869 2406 ergo
892 2321 933 2388 ad
954 2323 1160 2406 disciplinam
1179 2326 1219 2389 de
1241 2349 1305 2409 qua
1321 2346 1412 2392 nunc
1463 2327 1561 2390 fletus
1592 2333 1625 2388 61
1651 2322 1823 2408 ieiunium,
1856 2330 1889 2386 et
1916 2341 1999 2402 quae
2027 2328 2105 2384 6661
2131 2320 2184 2384 his
2211 2318 2346 2394 similia,
2371 2340 2440 2383 non

434 2410 787 2491 116616616666111661,
810 2410 937 2491 quoties
955 2407 995 2472 de
1013 2432 1049 2474 re
1067 2411 1174 2493 aliqua
1196 2434 1318 2496 magna
1339 2414 1412 2478 Deo
1464 2409 1599 2475 dubium
1626 2410 1704 2491 quin
1733 2406 1773 2472 ad
1798 2416 1946 2471 nostram
1974 2426 2102 2487 quoque
2123 2413 2264 2470 aetatem
2287 2404 2442 2469 similiter

435 2495 686 2580 supplicandum
712 2501 775 2572 est,
809 2494 969 2558 ieiunium
996 2517 1162 2561 unacum
1190 2499 1335 2563 oratione
1361 2500 1412 2562 in·
1463 2498 1663 2579 pertineant,
1697 2493 1823 2575 quoties
1855 2492 1903 2556 ita
1933 2513 2045 2556 rerum
2077 2499 2267 2556 nostrarum
2294 2489 2441 2555 conditio

436 2581 543 2648 dicere
570 2579 748 2664 expediret.
794 2578 850 2645 Sic
871 2580 959 2662 (Act.
984 2585 1038 2660 13,
1062 2583 1106 2666 3),
1128 2603 1228 2665 quum
1250 2584 1356 2648 Paulo
1379 2594 1414 2648 et
1463 2582 1614 2665 postulat.
1659 2580 1744 2644 Nam
1774 2599 1875 2660 quum
1903 2586 2054 2642 sanctum
2084 2578 2127 2641 sit
2148 2575 2341 2641 exercitium
2362 2597 2441 2640 cum

435 2666 608 2733 Barnabae
630 2686 747 2746 manus
774 2667 949 2749 imponunt
970 2667 1184 2747 Antiocheni,
1212 2690 1275 2750 quo
1298 2690 1412 2734 eorum
1464 2667 1506 2731 ad
1529 2664 1749 2730 humiliandos
1778 2664 1941 2741 homines,
1965 2671 2035 2726 tum
2058 2662 2099 2727 ad
2120 2661 2338 2727 humilitatem
2360 2682 2441 2726 con·

435 2752 666 2828 ministerium,
689 2749 774 2832 quod
795 2752 881 2833 tanti
906 2753 1064 2817 momenti
1092 2762 1171 2832 erat,
1199 2755 1318 2820 melius
1340 2754 1412 2820 Deo
1466 2752 1636 2830 fitendam,
1669 2771 1728 2816 our
1760 2771 1798 2814 eo
1826 2750 1936 2813 minus
1960 2757 2095 2813 utamur
2121 2769 2222 2830 quam
2248 2756 2375 2812 veteres
2404 2747 2442 2810 in

436 2837 683 2912 commendent,
719 2838 858 2901 orationi
891 2837 1049 2902 ieiunium
1083 2841 1297 2924 coniungunt.
1355 2839 1412 2906 Sic
1465 2839 1563 2904 simili
1590 2835 1801 2903 necessitate?
1852 2834 2011 2918 Legimus
2044 2835 2208 2898 ieiunasse
2241 2834 2275 2896 in
2303 2834 2441 2914 signum

436 2923 528 3008 (ibid.
562 2928 620 3000 14,
650 2921 706 3005 23)
738 2922 832 3008 ambo
864 2922 927 3004 ipsi
957 2932 1078 3005 postea,
1110 2946 1212 3007 quum
1244 2927 1412 2990 ministros
1464 2924 1646 2989 moestitiae
1667 2944 1733 2987 non
1753 2921 1850 2986 modo
1870 2920 2078 2985 israeliticam
2100 2920 2268 2986 ecclesiam
2290 2918 2320 3001 (1
2343 2916 2440 2981 Sam.

458 3010 652 3074 raeficerent
674 3007 835 3106 eeclesiis,
854 3007 941 3072 soliti
970 3016 1047 3107 sunt
1068 3031 1162 3075 orare
1184 3033 1259 3077 cum
1280 3013 1410 3077 ieiunio.
1466 3015 1494 3089 7,
1518 3015 1537 3073 6
1560 3017 1593 3074 et
1615 3013 1665 3087 31,
1692 3012 1728 3071 13
1735 3031 1744 3086 ;
1768 3011 1786 3070 2
1810 3005 2040 3104 86161612),
2063 3006 2162 3071 verbo
2181 3005 2243 3070 Dei
2263 3004 2441 3067 formatam

436 3092 1414 3266 ..61111111111111111111111
1464 3090 2441 3265 3⁰..fffttttttttfttltltlt‘tftt:

436 3262 524 3332 dum.
568 3264 641 3330 Hoc
669 3271 757 3329 certe
779 3265 982 3346 experimur,
1005 3274 1120 3331 ventre
1141 3268 1238 3350 pleno
1266 3277 1411 3333 mentem
1466 3268 1587 3333 tionem
1604 3266 1777 3332 habebant.
1811 3263 1901 3345 Quid
1913 3282 2028 3327 666666
2039 3271 2089 3326 661
2105 3264 2207 3347 igitur
2224 3283 2282 3326 cur
2292 3263 2352 3325 nos
2370 3281 2441 3324 non

436 3372 502 3416 non
520 3351 568 3414 ita
590 3371 660 3415 esse
682 3349 719 3413 in
740 3350 852 3414 Deum
874 3359 1024 3429 erectam,
1048 3359 1139 3418 utet
1161 3354 1245 3419 serio
1268 3355 1413 3420 ardenti·
1464 3354 1552 3419 idem
1581 3350 1738 3436 agamus?
1789 3351 1836 3414 At
1865 3356 2002 3413 externa
2029 3357 2079 3414 661
2106 3348 2322 3426 caeremonia,
2355 3367 2442 3429 quae

435 3457 497 3518 que
516 3437 637 3501 affectu
653 3436 733 3500 ferri
750 3436 786 3501 in
803 3437 1032 3518 precationem,
1052 3446 1085 3503 61
1101 3439 1137 3503 in
1148 3461 1188 3505 66
1202 3462 1413 3524 perseverare
1464 3442 1564 3505 finem
1585 3440 1620 3503 in
1643 3436 1777 3502 Christo
1794 3456 1953 3500 unacum
1975 3435 2048 3500 aliis
2070 3435 2201 3516 accepit
2237 3435 2309 3498 imo
2328 3432 2442 3496 hodie-

435 3522 546 3605 possit.
584 3520 641 3587 Sic
663 3521 917 3606 intelligendum
939 3524 1096 3605 estquod
1117 3527 1218 3590 refert
1238 3528 1349 3593 Lucas
1366 3527 1412 3612 (2,
1464 3547 1528 3608 que
1549 3525 1708 3608 optimum
1730 3521 1879 3587 fidelibus
1906 3519 2140 3586 adminiculum
2166 3528 2217 3585 est
2237 3521 2290 3602 (ut
2311 3539 2443 3600 semper

437 3606 492 3690 37)
516 3606 556 3671 de
578 3609 692 3686 Anna,
721 3629 794 3672 earn
816 3608 967 3673 serviisse
984 3608 1129 3676 Domino
1151 3613 1280 3677 ieiuniis
1303 3621 1336 3676 et
1356 3615 1413 3678 ob·
1464 3611 1540 3694 fuit)
1563 3617 1596 3675 et
1616 3608 1707 3674 utilis
1728 3606 1919 3686 admonitio,
1942 3607 1983 3671 ad
2005 3628 2040 3671 se
2061 3607 2149 3689 ipsos
2170 3603 2375 3682 excitandos,
2400 3625 2442 3668 66

435 3692 678 3758 secretionibus.
723 3694 837 3776 Neque
864 3695 953 3758 enim
980 3695 1107 3760 cultum
1136 3696 1200 3763 Dei
1228 3700 1358 3780 reponit
1378 3700 1413 3764 in
1465 3719 1525 3764 sua
1557 3697 1659 3761 nimia
1691 3693 1866 3759 securitate
1899 3700 1933 3758 et
1959 3692 2105 3758 socordia
2127 3690 2238 3756 Deum
2266 3691 2373 3774 magis
2403 3710 2441 3755 ac

435 3778 578 3856 ieiunio,
612 3777 670 3843 sed
702 3779 866 3863 signifieat
898 3788 1047 3846 sanctam
1080 3784 1251 3848 mulierem
1285 3806 1320 3850 se
1350 3784 1413 3850 hoc
1465 3784 1571 3866 magis
1608 3787 1803 3865 provocent,
1844 3779 1923 3844 (111111
1956 3780 2025 3843 111111
2057 3777 2195 3928 ὼὶθῙῙῑῦ
2226 3778 2440 3860 1181111111ῖῦ1·

434 3861 531 3928 modo
570 3865 753 3930 exercuisse
784 3864 826 3929 ad
857 3866 1014 3948 precandi
1047 3868 1278 3934 assiduitatem.
1333 3871 1414 3935 'Pale
1464 3867 1608 3934 Proinde
1629 3867 1782 3932 Christus
1805 3864 1939 3949 (Matth.
1967 3869 2072 3944 9,15;
2126 3886 2175 3929 uc.
2196 3870 2224 3941 5,
2249 3863 2315 3945 34),
2338 3883 2441 3944 quum

434 3946 498 4013 fuit
506 3949 663 4014 ieiunium
674 3950 854 4016 Nehemiae
871 3951 916 4036 (l,
930 3950 975 4038 4),
993 3974 1094 4036 quum
1112 3955 1288 4021 intentiore
1306 3957 1414 4021 studio
1465 3954 1625 4038 apostolos
1647 3975 1722 4019 6666
1743 3960 1879 4017 excusat
1899 3950 1986 4034 quod
2007 3972 2074 4015 nou
2095 3950 2251 4027 ieiunent,
2274 3967 2342 4012 non
2361 3946 2443 4012 dicit

434 4035 546 4099 Deum
565 4055 625 4118 pro
647 4035 838 4102 liberatione
866 4040 977 4120 populi
1006 4040 1057 4104 661
1079 4049 1276 4123 precaretur.
1320 4043 1415 4108 Η666
1465 4042 1657 4124 abrogatum
1675 4059 1746 4104 6666
1758 4038 1917 4102 ieiunium
1923 4061 1931 4116 ;
1950 4036 2007 4102 sed
2025 4037 2220 4102 calamitosis
2238 4033 2442 4116 temporibus

435 4119 471 4184 eb
498 4140 627 4186 6666616
653 4121 729 4187 ‹ii'cit
759 4121 1037 4204 Ρ6616611061.
1070 4129 1103 4204 7,
1135 4128 1178 4210 5),
1205 4127 1310 4208 fideles
1336 4135 1415 4194 recte
1465 4128 1574 4210 ipsum
1603 4125 1760 4212 destinat,
1793 4131 1827 4188 et
1856 4123 2027 4205 coniungit
2054 4122 2254 4187 6611116616.
2305 4119 2440 4193 Veniet,

434 4205 537 4289 fucere
564 4208 594 4271 si
623 4208 665 4272 uei
693 4213 814 4290 1666666
841 4209 1415 4298 6161166661611616666166611,61
1464 4213 1579 4297 inquit,
1600 4219 1738 4296 tempus,
1761 4232 1861 4293 quum
1884 4210 2051 4274 auferetur
2073 4210 2113 4274 ab
2135 4208 2200 4272 illis
2221 4228 2365 4290 sponsus.

436 4291 566 4356 liberius
592 4299 699 4359 666661
726 4294 910 4359 6161166161
933 4296 1069 4361 etauio:
1096 4297 1151 4362 ubi
1172 4300 1326 4365 1611461616
1342 4321 1416 4382 616-
1554 4304 1601 4362 18.
1646 4299 1697 4363 Ne
1724 4298 1796 4380 quis
1824 4303 1934 4360 autem
1962 4315 2054 4360 error
2082 4295 2126 4359 611
2151 4295 2188 4357 16
2208 4294 2352 4367 nomine,
2381 4289 2443 4354 de·

436 4378 1059 4475 66116616666116116166116661666666,
1082 4384 1416 4464 conturbarem
1464 4385 1617 4449 finiamus
1645 4382 1723 4465 quid
1751 4383 1794 4446 sit
1819 4381 1988 4445 ieiunium.
2033 4380 2109 4444 Non
2134 4380 2222 4444 enim
2250 4376 2443 4460 simpliciter

437 4468 531 4527 666616
563 4484 627 4529 6666
655 4464 810 4542 admonet,
841 4467 906 4530 nisi
933 4472 1085 4548 66616666
1111 4471 1245 4551 refertur
1272 4472 1306 4535 in
1333 4471 1415 4537 baec
1466 4470 1699 4536 continentiam
1721 4488 1759 4533 ac
1779 4466 2013 4550 parsimoniam
2039 4466 2076 4529 in
2098 4467 2185 4530 victu
2208 4465 2262 4529 hic
2284 4461 2443 4545 intelligi·

436 4547 540 4645 fiuept
584 4549 716 4628 Deinde,
743 4570 840 4630 qaum
862 4552 1043 4632 6166666161
1071 4553 1161 4636 (ibid.
1184 4579 1214 4620 v.
1240 4556 1275 4640 3)
1297 4578 1330 4623 eo
1352 4558 1415 4622 1666
1464 4578 1547 4634 mus,
1571 4553 1628 4620 sed
1648 4552 1802 4636 quiddam
1824 4552 1923 4617 aliud.
1967 4552 2104 4616 Piorum
2126 4548 2257 4631 quidem
2279 4550 2349 4614 vita
2369 4548 2442 4611 fru-

437 4635 634 4717 6661661166,
664 4641 700 4699 61
726 4636 786 4699 alii
813 4636 890 4701 61116
913 4643 1055 4702 mutuum
1082 4640 1317 4706 benevolentiam
1345 4644 1415 4709 red
1519 4642 1599 4706 itate
1618 4648 1652 4705 et
1669 4640 1842 4705 sobrietate
1859 4643 2042 4720 temperata
2059 4656 2129 4700 esse
2151 4634 2256 4711 debet,
2279 4641 2317 4698 ut
2336 4655 2442 4716 quan-

421 4719 527 4804 duet,
556 4720 676 4784 elerum
699 4727 742 4786 est
762 4741 824 4786 666
849 4724 888 4787 de
909 4724 1103 4806 quotidianis
1115 4728 1263 4807 precibus
1283 4749 1353 4793 eam
1372 4729 1415 4794 16-
1488 4749 1541 4793 am
1557 4726 1672 4790 ieiunii
1690 4725 1839 4808 speeiem,
1857 4723 1966 4806 quoad
1986 4723 2057 4787 fieri
2075 4727 2191 4804 potest,
2213 4727 2281 4785 toto
2303 4741 2362 4784 666
2384 4717 2442 4783 de·

438 4808 502 4887 661,
524 4806 579 4871 aed
600 4827 680 4887 quae
701 4809 893 4872 attentionem
914 4811 1017 4893 166616
1037 4813 1154 4876 seriam
1175 4814 1309 4896 6616661.
1465 4835 1563 4879 66166
1595 4830 1674 4894 6166
1704 4831 1739 4876 66
1768 4810 1859 4874 16161.
1911 4806 1979 4872 Sed
2008 4814 2058 4873 est
2084 4813 2254 4890 praeterea
2280 4804 2442 4869 ieiunium

529 4894 576 4954 17.
621 4891 778 4972 Rursum,
798 4895 825 4958 61
844 4897 987 4977 grassari
1008 4896 1125 4980 incipit
1141 4898 1194 4963 vel
1216 4900 1412 4982 pestilentia,
1465 4898 1552 4963 aliud
1573 4896 1767 4979 temporale,
1790 4914 1893 4976 quum
1915 4892 2037 4975 aliquid
2063 4914 2106 4957 ex
2133 4899 2287 4957 consueta
2308 4889 2443 4956 vivendi

440 4973 493 5072 vel
519 4976 637 5054 fames,
659 4976 712 5041 vel
733 4977 870 5058 bellum,
898 4994 955 5046 aut
976 4983 1003 5047 61
1027 5004 1091 5066 qua
1112 4983 1220 5050 clades
1240 4985 1413 5050 imminere
1464 4984 1590 5048 ratione
1611 4980 1825 5056 retrahimus,
1848 4978 1901 5043 vel
1922 4977 1964 5043 ad
1982 4978 2069 5043 diem
2090 4999 2208 5055 unum,
2231 4978 2283 5043 vel
2306 4976 2348 5042 ad
2369 4997 2443 5041 ccr-

439 5058 521 5125 ahas
541 5062 667 5160 regioni
687 5083 725 5128 66
742 5066 861 5148 populo
883 5066 1022 5146 videtur,
1046 5077 1214 5151 pastorum
1231 5079 1311 5135 tunc
1332 5092 1412 5152 quo-
1464 5078 1536 5134 tum
1566 5074 1708 5149 tempus,
1742 5073 1776 5130 et
1808 5063 1903 5130 nobis
1934 5065 2170 5130 continentiam
2198 5061 2373 5129 indicimus
2405 5062 2442 5125 in

355 5206 358 5213 .
439 5166 501 5228 que
524 5146 666 5245 officium
684 5157 734 5214 est
753 5150 877 5214 hortari
901 5151 942 5217 ad
963 5153 1122 5218 ieiunium
1146 5155 1325 5234 ecclesiam,
1348 5176 1413 5238 quo
1465 5156 1569 5230 victu,
1597 5151 1764 5218 ordinaria
1784 5151 1842 5216 illa
1862 5151 2035 5216 arctiorem
2057 5173 2094 5217 ac
2117 5151 2321 5216 severiorem.
2365 5146 2469 5212 Hoc·

439 5232 630 5330 6666116161
647 5234 731 5300 11616
749 5235 886 5300 Domini
903 5236 1103 5320 deprecetur.
1138 5239 1183 5307 Se
1201 5244 1290 5307 enim
1308 5240 1347 5306 ad
1361 5242 1413 5307 ul-
1464 5241 1499 5304 in
1526 5238 1631 5305 tribus
1653 5239 1752 5304 situm
1775 5246 1839 5317 est,
1862 5237 1897 5302 16
1918 5245 2080 5321 16166616,
2109 5238 2144 5300 16
2166 5236 2313 5301 ciborum
2334 5232 2440 5314 quali-

439 5321 562 5417 tronem
584 5321 736 5404 apparari
766 5331 799 5385 et
826 5322 1064 5403 quodammodo
1087 5327 1207 5391 armari
1230 5326 1412 5406 denuntiat,
1465 5333 1542 5405 tate,
1565 5331 1599 5391 61
1619 5325 1827 5409 parsimonia
1872 5325 2016 5407 Tempus
2039 5323 2119 5400 dico,
2142 5329 2181 5384 ut
2199 5321 2302 5385 ieiuni
2322 5317 2441 5383 defun·

440 5402 496 5468 ubr
523 5406 705 5486 pericnlum
731 5426 887 5489 apparere
915 5409 1000 5475 facit.
1047 5409 1197 5492 Qualiter
1218 5413 1318 5498 igitur
1339 5434 1414 5496 pro-
1466 5434 1585 5497 gamm·
1604 5413 1646 5477 iis
1668 5412 1849 5478 actionibus
1871 5430 2009 5492 quarum
2033 5427 2131 5474 causa
2151 5407 2336 5471 instituitur
2355 5402 2441 5469 ieiu-

440 5489 542 5587 missa
559 5489 669 5568 barba,
692 5492 823 5573 impexo
842 5493 968 5576 capillo,
991 5496 1080 5578 pulla
1101 5505 1202 5576 veste,
1225 5498 1415 5582 suppliciter
1451 5500 1565 5564 Ι61661.
1611 5495 1906 5578 Quemadmodum,
1930 5493 2070 5578 exempli
2092 5513 2198 5569 causa,
2221 5493 2249 5556 si
2270 5493 2310 5557 ob
2333 5490 2442 5555 solen-

441 5593 477 5638 66
499 5573 578 5638 olrm
601 5574 770 5642 demittere
798 5579 845 5642 rei
874 5578 1022 5646 solebant
1043 5581 1084 5646 ad
1106 5584 1341 5649 conciliandam
1362 5585 1415 5649 iu·
1465 5606 1543 5649 nem
1561 5585 1782 5667 precationem
1805 5581 1878 5663 quis
1899 5581 2039 5658 ieiunet,
2062 5587 2100 5643 ut
2121 5600 2159 5643 eo
2176 5579 2361 5660 impransus
2384 5595 2439 5639 ao-

440 5657 521 5723 dicis
550 5660 824 5743 misericordiam,
853 5663 900 5728 ita
921 5685 995 5744 nos,
1017 5688 1119 5749 quum
1140 5670 1189 5734 rei
1210 5671 1340 5753 agimur
1360 5691 1415 5736 co-
1466 5670 1569 5736 cedat
1619 5668 1770 5750 Qualitas
1800 5668 1835 5732 in
1869 5687 1907 5731 eo
1939 5666 2011 5730 sita-
2034 5672 2085 5731 est
2117 5670 2155 5728 ut
2187 5663 2295 5730 absint
2325 5682 2441 5727 omnes
