5600 6809
384 776 464 840 1041
709 775 800 841 affl.
822 773 884 840 IV.
927 773 991 838 DE
1014 769 1251 838 axuuams
1273 766 1440 837 MEDHS
1455 765 1527 835 ‘AD
1550 768 1781 838 Saturast
1825 769 1925 839 CAP.
1949 773 2063 840 XVII„
2305 778 2386 842 1042

382 967 527 1042 ritatem,
554 985 678 1047 pacem,
703 985 899 1029 consensum
922 964 1068 1028 animare
1091 984 1150 1028 nos
1172 963 1357 1026 inflamma-
1410 956 1584 1042 discipulos
1611 958 1703 1024 iubet
1728 959 1926 1026 manducare
1961 969 2058 1045 atque
2086 963 2152 1028 illis
2180 965 2323 1046 corporis
2351 973 2386 1031 et

382 1073 480 1133 reque
500 1058 618 1134 posset.
664 1051 749 1114 Nam
768 1050 815 1115 sic
832 1070 929 1114 suum
947 1048 1014 1114 illic
1032 1070 1149 1131 corpus
1171 1047 1266 1113 nobis
1281 1049 1356 1113 ¹Do·
1410 1046 1578 1129 eanguinis
1616 1046 1668 1110 sui
1705 1047 2034 1113 communicationem
2071 1049 2251 1132 pollicetur.
2314 1051 2384 1117 Nec

380 1138 489 1202 minus
507 1137 734 1213 communicat,
759 1143 797 1199 ιιι
818 1157 923 1198 unum
940 1156 1075 1217 prorsus
1097 1133 1267 1199 nobiscum
1287 1135 1354 1212 fiat,
1409 1130 1509 1195 alium
1527 1131 1675 1196 ordinem
1694 1132 1787 1196 docet
1804 1133 1939 1211 Paulus,
1958 1155 2057 1216 quam
2068 1143 2106 1198 ιιι
2124 1157 2190 1200 una
2207 1157 2281 1200 cum
2299 1158 2385 1218 pane

380 1243 503 1303 nosque
531 1244 607 1286 cum
628 1222 693 1287 illo.
742 1222 861 1298 Porro,
890 1241 991 1304 quum
1023 1221 1155 1285 nonnisi
1181 1242 1285 1283 unum
1307 1219 1355 1283 illi
1408 1223 1442 1278 et
1463 1216 1562 1282 calice
1589 1219 1820 1299 promissiones
1848 1219 2000 1284 fidelibus
2030 1221 2218 1286 offerantur.
2263 1222 2317 1286 Ita
2334 1232 2385 1288 est

380 1329 496 1389 corpus
519 1309 570 1385 ιιι,
594 1309 688 1372 cuins
707 1328 765 1371 nos
783 1327 896 1370 omnes
918 1307 1093 1388 participes
1114 1306 1200 1383 facit,
1223 1326 1355 1370 necesse
1408 1322 1496 1367 sane.
1551 1304 1626 1367 Non
1658 1303 1712 1368 hio
1744 1305 1906 1386 magicam
1946 1306 2098 1401 aliquam*
2127 1308 2383 1373 incantationem

380 1399 429 1458 est
451 1402 484 1457 ιι
501 1415 560 1456 nos
578 1413 692 1458 omnes
710 1414 812 1457 unum
834 1412 952 1475 corpus
971 1391 1157 1456 huiusmodi
1177 1391 1354 1474 participa·
1407 1387 1578 1471 imaginari
1608 1411 1667 1454 nos
1696 1389 1801 1467 decet,
1826 1397 1862 1454 ιιι
1883 1390 1965 1456 satis
1994 1393 2038 1456 ιιι
2065 1393 2167 1457 verba
2194 1393 2384 1459 demurmu-

379 1480 467 1543 tione
489 1479 569 1542 fieri.
615 1477 724 1558 Quam
745 1479 907 1542 unitatem
933 1484 1159 1560 repraesentat
1180 1478 1276 1561 panis
1298 1477 1354 1559 qni
1406 1494 1511 1552 rasse,
1540 1476 1632 1556 quasi
1662 1476 1702 1539 ab
1730 1475 1900 1542 elementis
1934 1478 2170 1558 exandiantnr3
2203 1478 2260 1544 sed
2282 1482 2383 1545 rerba

378 1565 413 1627 in
435 1573 640 1629 sacramento
662 1562 844 1642 exhibetur,
864 1563 920 1645 qui
941 1564 1032 1628 velnt
1049 1585 1091 1628 ex
1108 1563 1221 1627 multis
1240 1565 1353 1646 granis
1406 1558 1463 1623 illa
1485 1561 1596 1624 vivam
1622 1561 1900 1644 praedicationem
1933 1584 2003 1628 esse
2031 1565 2274 1648 intelligamus,
2297 1588 2382 1648 quae
2477 1638 2480 1644 ,

378 1651 543 1716 confectus
565 1657 623 1726 est,
648 1650 694 1714 sic
716 1650 803 1712 inter
825 1670 859 1714 se
882 1649 1067 1715 commixtis
1089 1670 1132 1712 ne
1154 1649 1294 1713 alterum
1312 1649 1354 1712 ab
1407 1644 1571 1711 auditores
1599 1646 1759 1725 aedificet,
1796 1669 1880 1730 quae
1907 1650 1997 1714 intus
2029 1658 2178 1732 penetret
2204 1653 2240 1715 in
2268 1673 2382 1717 eorum

378 1735 481 1800 altero
516 1736 699 1800 discernere
739 1735 850 1799 liceat:
878 1735 914 1798 in
942 1735 1031 1800 hunc
1064 1734 1197 1799 modum
1227 1742 1261 1799 et
1292 1757 1353 1800 nos
1406 1732 1540 1809 animos,
1564 1754 1647 1814 quae
1669 1733 1819 1798 cordibus
1836 1734 2044 1816 imprimatur
2066 1757 2103 1801 ac
2125 1736 2275 1816 insideat,
2298 1759 2382 1821 quae

378 1829 471 1885 tanta
482 1823 667 1887 animorum
685 1820 900 1885 consensione
918 1820 1107 1886 coniunctos
1125 1842 1352 1902 connexosque
1405 1817 1582 1882 efficaciam
1600 1819 1635 1882 in
1653 1818 1888 1901 complemento
1907 1822 1977 1886 eius
2000 1820 2086 1904 qnod
2104 1823 2266 1904 promittit
2287 1845 2380 1889 exse-

379 1928 448 1971 esse
471 1907 571 1983 decet,
590 1906 729 1989 nequid
751 1905 877 1970 dissidii
894 1912 951 1969 aut
970 1905 1140 1972 divisionis
1158 1906 1369 1972 intercedat..
1405 1912 1464 1966 rat.
1505 1904 1570 1968 His
1592 1905 1774 1970 rationibus
1795 1905 1881 1971 clare
1899 1913 1998 1988 patet,
2018 1908 2251 1989 repositionem
2272 1931 2381 1974 sacra-

377 1991 417 2055 Id
437 1993 535 2057 Pauli
556 1993 665 2058 verbis
687 1992 720 2076 (1
742 1992 815 2057 Cor.
838 1995 885 2069 10,
912 1992 966 2076 16)
990 1992 1145 2074 explicari
1167 1993 1268 2057 malo:
1298 2013 1351 2058 ca-
1403 1991 1516 2067 menti,
1540 2010 1638 2072 quam
1662 1991 1810 2054 nonnulli
1836 2001 1957 2076 urgent
1977 2000 2015 2057 ιιι
2036 1994 2178 2077 aegrotis
2204 2001 2300 2059 extra
2328 2017 2380 2059 or·

377 2078 433 2155 lix,
452 2078 567 2160 inquit,
586 2077 829 2156 benedictionis,
851 2077 904 2142 cui
921 2077 1151 2159 benedicimus,
1170 2078 1351 2145 communi-
1404 2072 1513 2138 dinem
1536 2074 1763 2154 distribuatur,
1792 2077 1946 2141 inutilem
1973 2100 2053 2145 esse.
2098 2081 2170 2144 Aut
2197 2080 2287 2145 enim
2309 2081 2380 2146 sine

377 2165 461 2228 catio
489 2172 539 2229 est
565 2163 734 2247 sanguinis
762 2162 903 2243 Christi3
933 2169 966 2227 et
991 2165 1087 2246 panis
1114 2164 1350 2230 benedictionis
1403 2161 1593 2226 recitatione
1621 2161 1837 2227 institutionis
1860 2162 1986 2229 Christi
2007 2165 2180 2248 accipient,
2203 2174 2260 2230 aut
2282 2167 2380 2230 mini-

377 2271 473 2332 quem
505 2249 701 2333 frangimus,
732 2249 937 2332 participatio
966 2257 1016 2315 cst
1043 2252 1186 2333 corporis
1214 2249 1348 2315 Christi.
1403 2252 1470 2309 ster
1492 2269 1560 2312 una
1581 2269 1657 2313 cum
1683 2248 1777 2331 signo
1805 2269 1919 2314 veram
1946 2251 2096 2336 mysterii
2127 2251 2380 2335 explicationem

375 2335 492 2417 Itaque
512 2355 616 2399 unum
638 2356 754 2417 corpus
776 2356 888 2399 sumus
906 2357 1027 2414 omnes,
1047 2336 1103 2417 qui
1122 2336 1163 2400 de
1183 2358 1248 2401 uno
1265 2358 1350 2419 pane
1402 2332 1589 2416 coniungat.
1640 2333 1682 2397 In
1710 2334 1840 2399 silentio
1868 2343 1919 2400 est
1952 2337 2073 2402 abusus
2100 2357 2137 2402 ao
2164 2338 2290 2403 vitium.
2339 2335 2379 2403 Si

375 2421 617 2502 participamus.
661 2420 835 2486 Praeclare
856 2441 934 2486 vero
957 2422 993 2485 in
1016 2429 1220 2487 sacramento
1242 2422 1349 2506 profe·
1401 2418 1589 2482 referuntur
1611 2421 1841 2502 promissiones
1862 2428 1897 2485 ιι
1917 2423 2112 2505 mysterium
2134 2431 2318 2503 enarratur,
2340 2431 2379 2489 ut

376 2507 524 2583 cerimus,
538 2507 566 2572 ιι
583 2507 744 2588 impressa
760 2507 988 2590 insculptaque
1006 2508 1124 2572 animis
1142 2509 1262 2573 nostris
1279 2509 1349 2573 fue·
1403 2524 1478 2568 cum
1503 2505 1612 2570 fructu
1638 2505 1799 2588 recipiant
1825 2507 1880 2589 qui
1912 2509 2075 2591 recepturi
2108 2518 2199 2589 sunt,
2228 2530 2296 2574 non
2329 2516 2402 2576 est‘

375 2592 419 2655 rit
439 2590 520 2655 haec
542 2592 702 2674 cogitatio,
726 2613 792 2656 non
815 2613 910 2675 posse
931 2614 951 2657 a
972 2594 1067 2659 nobis
1089 2615 1285 2677 quemquam
1307 2616 1350 2659 ex
1423 2589 1489 2653 uod
1516 2589 1702 2654 dubitemus
1730 2592 1816 2657 hano
1843 2613 1914 2657 esse
1939 2616 2053 2658 veram
2089 2595 2374 2661 consecrationem

374 2677 529 2741 fratribus
561 2677 662 2755 laedi,
695 2679 876 2755 contemni,
900 2680 1007 2757 retici,
1035 2681 1167 2759 vicari,
1198 2682 1255 2744 aut
1281 2680 1349 2744 ullo
1402 2610 1568 2755 Quorsum
1589 2676 1691 2759 igitur
1712 2677 1829 2742 evadet
1850 2679 1963 2758 altera,
1986 2681 2078 2745 cuins
2100 2682 2150 2746 vis
2168 2678 2211 2745 ad
2230 2688 2379 2763 aegrotos

373 2762 469 2826 modo
491 2762 622 2839 offendi,
644 2763 726 2845 quin
747 2764 845 2828 simul
861 2764 897 2827 in
916 2784 954 2828 ιο
977 2763 1150 2831 Christum
1171 2766 1347 2845 laedamus,
1401 2782 1505 2842 usque
1528 2783 1605 2825 non
1634 2762 1807 2845 pervenit?
1858 2762 1926 2828 Sed
1954 2766 2044 2829 enim
2070 2766 2128 2849 qui
2162 2766 2209 2831 ιιι
2241 2766 2375 2847 faciunt,

371 2868 573 2928 apaaamaa,
595 2848 744 2913 violemus
770 2851 886 2914 ιιιινιι
911 2850 1060 2932 iniecit&
1080 2873 1147 2916 non
1172 2874 1267 2935 posse
1289 2874 1349 2917 nos
1401 2845 1526 2911 habent
1547 2848 1667 2912 veteris
1688 2847 1843 2913 ecclesiae
1865 2850 2062 2932 exemplum.
2107 2852 2243 2930 Fateor;
2262 2873 2382 2917 rerum

373 2952 393 2997 a
413 2935 569 2999 fratribus
591 2932 758 3013 dissidere,
779 2936 861 3017 quin
882 2935 981 3000 simul
1002 2959 1023 3001 a
1043 2937 1176 3003 Christo
1194 2938 1349 3004 dissidea—
1400 2932 1436 2996 in
1459 2953 1495 2997 re
1517 2939 1618 3008 tanta,
1642 2933 1731 2997 etin
1752 2954 1817 3016 qua
1838 2936 1994 2999 nonsine
2016 2958 2137 3020 magno
2159 2936 2305 3018 periculo
2327 2953 2383 3003 er-‘

372 3040 459 3099 mus;
488 3018 659 3085 Christum
681 3041 701 3084 ι
722 3021 814 3086 nobis
836 3020 930 3105 diligi
956 3044 1022 3087 non
1039 3044 1148 3105 posse,
1171 3025 1252 3106 quin
1275 3024 1349 3088 dili-
1400 3026 1503 3097 ratur,
1527 3018 1612 3083 nihil
1634 3018 1740 3083 tutius
1761 3026 1812 3085 est
1834 3040 1932 3103 qnam
1952 3022 2058 3103 ipsam
2081 3023 2255 3086 veritatem
2277 3025 2378 3104 sequi.

374 3112 470 3187 gatar
497 3106 533 3168 in
561 3105 736 3184 fratribus,
764 3107 895 3189 qualem
921 3109 1065 3190 corporis
1097 3111 1200 3174 nostri
1236 3129 1348 3174 curam
1487 3110 1538 3168 40.
1576 3105 1691 3184 Porro,
1711 3105 1987 3187 quemadmodum
2004 3129 2133 3172 sacrum
2152 3107 2240 3171 hunc
2258 3128 2379 3189 panem

372 3192 526 3272 gerimus,
545 3191 646 3255 talem
663 3192 802 3256 fratrum
820 3213 946 3275 qnoque
963 3194 1150 3277 gerendam,
1170 3196 1227 3277 qui
1244 3216 1347 3260 mem·
1400 3211 1520 3255 coenae
1536 3190 1674 3255 Domini
1693 3191 1897 3275 spiritualem
1916 3213 1986 3258 esse
1999 3191 2107 3258 cibum
2125 3192 2283 3271 videmus,
2302 3215 2378 3257 sua·

372 3275 432 3356 bra
459 3282 537 3340 sunt
565 3278 710 3358 corporis
745 3279 849 3342 nostri
861 3302 870 3358 ;
899 3280 1059 3361 quomodo
1086 3280 1178 3350 nulla
1205 3283 1347 3363 corporis
1398 3296 1476 3340 vem
1498 3299 1536 3341 ec
1557 3275 1734 3342 delicatum
1755 3299 1818 3342 aon
1839 3279 1946 3342 minus
1967 3299 2063 3360 quam
2091 3278 2293 3358 salutiferam
2307 3279 2379 3360 piis

372 3362 476 3425 nostri
497 3383 575 3444 pars
597 3361 704 3443 aliquo
732 3363 852 3429 doloris
881 3386 979 3430 sensu
1007 3367 1171 3450 tangitur,
1195 3367 1252 3449 qui
1280 3389 1347 3431 non
1399 3361 1464 3427 Dei
1485 3362 1665 3442 marias,
1688 3364 1779 3428 caius
1804 3369 1900 3446 pasta
1921 3365 2056 3428 sentiant
2081 3364 2254 3429 Christum
2280 3385 2376 3428 suam

372 3446 409 3510 in
431 3447 512 3512 alias
534 3468 648 3512 omnes
677 3446 900 3530 diffundatur,
925 3450 972 3515 ιιι
993 3473 1060 3515 non
1081 3450 1254 3516 ferendum
1276 3474 1346 3518 esse
1399 3469 1471 3513 osso
1493 3449 1605 3525 vitam,
1624 3470 1706 3531 qll0⁸
1727 3448 1768 3513 ad
1790 3451 1973 3532 gratiam
1991 3449 2155 3515 aefiOssfflss
2176 3449 2290 3533 Origib·
2305 3450 2377 3531 ‘lui'

372 3532 506 3598 iratrern
535 3533 622 3597 malo
651 3534 760 3617 aliquo
784 3535 886 3614 affici,
915 3537 1007 3602 cuius
1029 3558 1097 3602 non
1119 3544 1153 3601 et
1173 3538 1237 3621 ipsi
1259 3559 1346 3604 com·
1398 3534 1461 3599 bus
1484 3534 1526 3598 ad
1552 3543 1703 3598 mutuam
1731 3535 1819 3600 inter
1840 3556 1876 3600 se
1898 3537 2071 3601 caritatem
2104 3535 2289 3600 exhortatio
2317 3541 2376 3614 ιιι,

372 3620 522 3701 passione
544 3625 731 3703 tangamur.
765 3618 990 3700 Quamobrem
1013 3645 1081 3689 non
1101 3624 1159 3688 abs
1177 3644 1213 3688 re
1228 3625 1345 3707 Augu-
1398 3620 1447 3684 ita
1468 3641 1602 3685 rursum
1621 3622 1657 3684 in
1675 3622 1945 3687 nocentissimum
1957 3643 2123 3688 venenum
2139 3621 2291 3686 omnibus
2303 3643 2378 3686 ver-

373 3705 479 3770 stinus
513 3706 609 3769 toties
652 3716 894 3772 sacramentnm
927 3707 989 3773 hoc
1024 3709 1169 3793 appellat
1200 3711 1345 3776 ιιιιιιιιι
1399 3704 1481 3770 titur
1503 3727 1641 3788 quorum
1663 3705 1763 3771 fidem
1782 3728 1849 3771 non
1871 3708 1931 3772 aza
1947 3714 1976 3773 ct
1992 3709 2162 3790 confirmat,
2181 3716 2215 3771 ιι
2233 3728 2313 3789 quos
2335 3705 2378 3771 ad
2490 3722 2492 3733 ·

370 3790 549 3855 vinculum.
603 3788 686 3870 Quis
720 3793 808 3857 enim
844 3795 949 3859 acrior
983 3794 1151 3861 admoveri
1194 3795 1345 3862 stimulus
1398 3792 1633 3857 confessionem
1655 3791 1761 3857 laudis
1782 3793 2017 3876 caritatemque
2040 3815 2108 3858 nou
2126 3794 2257 3857 excitat.
2301 3790 2378 3859 Non

370 3882 498 3956 poterat
519 3876 561 3940 ad
583 3878 791 3943 excitandam
813 3887 964 3944 mutuam
981 3881 1068 3946 inter
1085 3904 1145 3946 nos
1163 3883 1344 3961 caritatem,
1398 3879 1488 3942 enim
1508 3877 1604 3942 ahter
1626 3899 1663 3943 ac
1685 3878 1777 3941 cibus
1799 3879 1990 3960 corporalis,
2018 3880 2074 3945 ubi
2101 3884 2253 3943 ventrem
2274 3877 2377 3942 offen·

371 3981 469 4042 qnam
497 3961 576 4027 dum
604 3961 759 4029 Christus
788 3986 824 4030 se
851 3967 960 4048 ipsum
987 3969 1081 4032 nohis
1109 3967 1248 4046 donans,
1278 3990 1345 4032 non
1398 3963 1455 4027 da·
1468 3963 1593 4029 vitiosis
1615 3962 1809 4029 humoribus
1827 3972 2029 4047 occupatum,
2049 3966 2120 4047 ipso
2137 3984 2263 4046 quoque
2282 3964 2377 4029 vitia-

354 4047 467 4111 'modo
489 4067 548 4112 suo
576 4069 636 4113 nos
663 4050 827 4134 exemplo,
851 4059 889 4116 ιιι
910 4051 994 4116 alter
1021 4054 1115 4117 alteri
1143 4075 1204 4119 nos
1230 4061 1344 4118 mutuo
1397 4057 1452 4114 tus
1479 4056 1513 4115 et
1540 4056 1715 4130 corruptus
1748 4058 1844 4114 nocet
1876 4052 1982 4136 magis
2008 4070 2108 4132 qnam
2135 4051 2256 4128 nutrit;
2284 4049 2377 4115 cibus

283 4194 286 4200 .
371 4129 649 4199 devoveamusac
672 4133 849 4215 tradamus,
877 4138 1010 4218 invitat3
1037 4138 1094 4204 sed
1121 4147 1282 4221 quatenus
1310 4160 1345 4203 ιι
1398 4137 1497 4199 etiam
1516 4135 1570 4199 hic
1591 4135 1781 4217 spiritualis,
1804 4137 1834 4200 si
1854 4135 2053 4201 inanimam
2074 4134 2228 4201 inciderit
2248 4133 2375 4198 malitia

369 4218 448 4283 tacit
468 4220 617 4283 omnium
638 4215 854 4302 communem,
877 4243 937 4288 nos
958 4245 1085 4308 quoque
1107 4246 1221 4293 omncs
1241 4246 1346 4289 unum
1397 4222 1607 4303 nequitiaque
1623 4221 1791 4304 pollutam,
1809 4222 1932 4287 maiore
1947 4222 2040 4286 illam
2056 4223 2154 4286 ruina
2171 4218 2372 4301 praecipitat

370 4305 405 4367 in
428 4325 463 4368 se
484 4306 555 4388 ipso
577 4327 648 4371 esse
669 4307 755 4371 facit.
1398 4308 1475 4371 Non
1496 4328 1556 4372 sno
1574 4306 1608 4370 id
1629 4304 1761 4389 quidem
1782 4307 1880 4387 vitio,
1903 4308 1961 4374 sed
1987 4308 2064 4391 quia
2092 4305 2226 4389 pollutis
2244 4311 2277 4367 ιι
2296 4303 2372 4367 infi-

457 4394 506 4454 39.
539 4392 628 4456 Hinc
651 4401 762 4456 autem
784 4395 906 4476 optime
924 4397 1141 4469 confirmatur
1158 4395 1245 4478 quod
1268 4397 1345 4462 alibi
1397 4392 1524 4458 delibus
1541 4392 1626 4456 nihil
1643 4400 1693 4458 ιιι
1709 4391 1872 4458 mundum
1883 4392 1963 4477 (Tit.
1979 4399 2005 4471 l,
2021 4392 2083 4474 15),
2095 4388 2275 4472 quamlibet
2292 4387 2373 4454 alio-

371 4474 448 4551 dixi,
466 4483 591 4541 rectam
609 4482 805 4544 sacramenti
823 4479 1138 4547 administrationem
1151 4502 1213 4547 aon
1231 4483 1346 4564 absque
1398 4479 1455 4561 qui
1483 4478 1723 4544 sanctificatum
1744 4479 1881 4544 Domini
1915 4478 2148 4544 benedictione.
2200 4475 2301 4552 Nam,
2335 4482 2374 4539 nt

369 4560 470 4627 verbo
496 4568 642 4628 castore.
693 4561 916 4647 Quaecunque
941 4568 1030 4631 enim
1059 4590 1101 4633 ιιι
1122 4588 1222 4633 coena
1252 4570 1345 4635 nobis
1397 4567 1445 4631 ait
1464 4564 1591 4630 Paulus
1613 4564 1645 4649 (1
1667 4563 1741 4630 Cor.
1763 4569 1817 4644 ll,
1836 4565 1908 4650 29),
1930 4565 1987 4647 qui
2007 4562 2143 4645 indigne
2173 4560 2374 4626 manducant

369 4647 522 4730 provenit
543 4649 678 4729 utilitas,
701 4652 838 4716 verbum
860 4653 1013 4735 requirit;
1035 4654 1105 4719 sive
1126 4656 1162 4718 in
1183 4653 1247 4719 fide
1268 4677 1345 4720 con·
1398 4659 1432 4718 et
1452 4651 1584 4730 bibunt,
1613 4651 1661 4715 rei
1691 4659 1771 4716 sunt
1797 4650 1940 4732 corporis
1967 4656 2001 4711 ιι
2028 4647 2198 4729 sanguinis
2225 4646 2371 4725 Domini,

370 4731 523 4796 firmandi
546 4754 673 4813 sumus,
696 4738 821 4803 sivein
843 4740 1042 4804 confessione
1069 4740 1252 4819 exercendi,
1276 4742 1345 4806 sive
1396 4738 1618 4820 indiciumque
1640 4736 1701 4802 sibi
1733 4736 1933 4800 manducant
1954 4741 1988 4798 et
2008 4733 2141 4811 bibunt,
2164 4752 2230 4795 non
2253 4731 2373 4796 diiudi-

371 4816 537 4893 excitandi
559 4815 601 4882 ad
622 4821 774 4902 officium,
796 4824 1036 4906 praedicatione
1058 4848 1139 4908 opus
1161 4839 1219 4891 ιιι
1252 4827 1346 4891 Nihil
1398 4832 1509 4890 cantes
1530 4845 1648 4908 corpus
1669 4821 1814 4886 Domini.
1859 4819 1938 4884 Tale
1959 4818 2048 4884 enim
2065 4818 2238 4882 hominum
2256 4838 2383 4901 genua·

373 4924 450 4989 ergo
468 4904 573 4988 magis
590 4915 836 4987 praeposterum
852 4911 925 4980 fieri
942 4911 979 4974 in
996 4932 1097 4978 coena
1113 4919 1228 4997 potest,
1246 4935 1346 4996 quam
1397 4910 1578 4994 quodsine
1599 4910 1667 4975 ulla
1688 4906 1764 4971 fidei
1787 4904 1938 4983 scintilla,
1960 4906 2031 4970 sine
2049 4904 2116 4968 ullo
2134 4904 2280 4970 caritatis
2301 4911 2372 4970 stu·

372 4991 402 5054 si
422 4997 572 5055 vertatur
593 4991 627 5053 in
650 4999 776 5056 mutam
798 4998 967 5075 actionem,
986 4999 1074 5080 quod
1092 5001 1152 5065 snb
1170 5020 1274 5083 papae
1292 5007 1345 5084 ty-
1398 4997 1462 5076 dio,
1484 4997 1525 5062 ad
1547 4992 1770 5076 usurpandam
1798 5010 1934 5055 coenam
1962 4991 2098 5055 Domini
2125 4991 2230 5056 instar
2257 5012 2372 5073 porco-

372 5075 510 5140 rannide
531 5076 654 5141 factum
676 5085 733 5140 ιιι.
779 5080 896 5142 Totam
913 5082 1074 5161 siquidem
1092 5087 1160 5149 vim
1177 5106 1345 5152 consecra-
1398 5107 1474 5149 rum
1496 5105 1531 5148 se
1552 5079 1702 5165 proripit,
1731 5077 1867 5141 minime
1896 5076 2054 5142 discernit
2081 5098 2198 5160 corpus
2225 5077 2370 5142 Domini

374 5162 472 5226 tionis
505 5184 524 5227 a
557 5161 734 5227 sacerdotis
767 5163 948 5227 intentione
987 5166 1128 5246 pendere
1161 5172 1344 5250 voluerunt,
1397 5171 1485 5234 Nam
1511 5173 1673 5250 qnatenus
1695 5183 1812 5245 corpus
1838 5162 1922 5228 illud
1950 5184 2045 5228 suam
2073 5184 2144 5228 esse
2172 5164 2273 5228 vitam
2303 5184 2371 5226 non

373 5249 464 5330 qnasi
486 5249 548 5313 hoc
568 5248 651 5311 nihil
673 5248 715 5313 ad
737 5249 895 5332 populum
920 5251 1115 5330 pertineret,
1144 5257 1195 5318 cui
1222 5265 1345 5338 myste-
1398 5255 1544 5330 credunt,
1578 5270 1642 5332 qua
1674 5255 1812 5331 possunt
1841 5249 2040 5314 contumelia
2071 5249 2181 5331 ipsum
2212 5247 2369 5327 afficiunt,

372 5335 460 5400 rium
481 5335 624 5399 maxime
646 5336 801 5418 explicari
818 5340 1015 5416 oportuerat
1059 5337 1141 5402 Inde
1159 5347 1270 5403 antem
1286 5363 1346 5405 na·
1397 5339 1488 5406 omni
1509 5356 1569 5402 sua
1596 5334 1757 5420 dignitate
1779 5334 1970 5418 spoliantes;
1993 5357 2031 5401 ac
2060 5334 2191 5398 demum
2219 5334 2265 5396 sio
2286 5333 2370 5398 acci-

373 5427 428 5484 tus
441 5428 491 5484 est
508 5420 562 5484 hic
580 5441 680 5499 error,
699 5421 785 5504 quod
802 5443 870 5486 non
882 5420 1099 5486 observabant
1115 5425 1346 5505 promissiones
1397 5422 1516 5511 piendo
1543 5422 1720 5506 profanant
1747 5429 1780 5486 et
1807 5421 2040 5487 contaminant
2094 5417 2264 5499 Quatenus
2292 5439 2370 5484 vero

374 5505 446 5570 illas
468 5505 585 5588 quibus
607 5508 779 5572 conficitur
800 5505 1008 5581 consecratio,
1032 5530 1099 5572 non
1122 5510 1163 5574 ad
1185 5511 1347 5577 elementa
1398 5509 1531 5575 alienati
1554 5531 1574 5573 a
1595 5508 1751 5573 fratribus
1773 5530 1810 5572 ac
1837 5508 2040 5585 dissidentes,
2069 5526 2199 5569 sacrum
2225 5506 2370 5587 corporis

373 5592 453 5674 ipsa,
476 5591 533 5658 sed
551 5591 592 5656 ad
610 5613 665 5657 eos
684 5595 739 5676 qui
756 5594 927 5676 recipiunt,
946 5592 1114 5662 destinari.
1157 5598 1258 5680 Atqui
1279 5619 1347 5662 non
1398 5595 1523 5660 Christi
1558 5595 1742 5681 symbolum
1775 5616 1850 5661 cum
1878 5596 1945 5659 suis
1979 5591 2121 5657 dissidiis
2158 5591 2370 5656 commiscere

373 5697 494 5759 panem
515 5678 693 5761 alloquitur
711 5679 874 5759 Christus,
896 5686 935 5745 ut
953 5701 1070 5766 corpus
1087 5703 1185 5749 suum
1200 5685 1272 5763 fiat;
1289 5684 1347 5750 sed
1398 5680 1531 5761 audent,
1552 5702 1620 5745 non
1641 5689 1709 5747 stat
1727 5690 1794 5764 'per
1815 5701 1870 5748 eos
1896 5680 2070 5765 quominus
2099 5676 2226 5743 Christi
2251 5696 2371 5761 corpus

444 5775 558 5836 cassa
574 5797 670 5852 opera
707 5783 766 5839 Vol.
780 5782 826 5839 11ι
1512 5780 1514 5785 ’
2132 5778 2166 5833 66
