<?xml version="1.0" encoding="UTF-8"?>
<!DOCTYPE html PUBLIC "-//W3C//DTD XHTML 1.0 Transitional//EN"
    "http://www.w3.org/TR/xhtml1/DTD/xhtml1-transitional.dtd">
<html xmlns="http://www.w3.org/1999/xhtml" xml:lang="en" lang="en">
 <head>
  <title>
</title>
<meta http-equiv="Content-Type" content="text/html;charset=utf-8" />
  <meta name='ocr-system' content='tesseract 3.04.00' />
  <meta name='ocr-capabilities' content='ocr_page ocr_carea ocr_par ocr_line ocrx_word'/>
</head>
<body>
  <div class='ocr_page' id='page_1' title='image "./ioanniscalvinio10calvgoog/ioanniscalvinio10calvgoog_0275.png"; bbox 0 0 5600 6809; ppageno 0'>
   <div class='ocr_carea' id='block_1_1' title="bbox 376 754 2378 827">
    <p class='ocr_par' dir='ltr' id='par_1_1' title="bbox 376 754 2378 827">
     <span class='ocr_line' id='line_1_1' title="bbox 376 754 2378 827; baseline -0.001 -1"><span class='ocrx_word' id='word_1_1' title='bbox 376 765 435 826; x_wconf 81' lang='lat'>581</span> <span class='ocrx_word' id='word_1_2' title='bbox 561 759 651 824; x_wconf 78' lang='lat' dir='ltr'>Lm.</span> <span class='ocrx_word' id='word_1_3' title='bbox 674 758 737 823; x_wconf 91' lang='lat' dir='ltr'><strong>III.</strong></span> <span class='ocrx_word' id='word_1_4' title='bbox 781 757 845 822; x_wconf 82' lang='lat' dir='ltr'>DE</span> <span class='ocrx_word' id='word_1_5' title='bbox 867 754 1002 822; x_wconf 85' lang='lat' dir='ltr'>MODO</span> <span class='ocrx_word' id='word_1_6' title='bbox 1024 755 1376 823; x_wconf 77' lang='lat' dir='ltr'><strong>PEROIPOENDAE</strong></span> <span class='ocrx_word' id='word_1_7' title='bbox 1398 755 1591 823; x_wconf 74' lang='lat' dir='ltr'>enalsrl</span> <span class='ocrx_word' id='word_1_8' title='bbox 1612 756 1832 826; x_wconf 72' lang='lat' dir='ltr'>Galama.</span> <span class='ocrx_word' id='word_1_9' title='bbox 1875 758 1975 825; x_wconf 77' lang='lat' dir='ltr'><strong>OAP.</strong></span> <span class='ocrx_word' id='word_1_10' title='bbox 1998 761 2094 826; x_wconf 84' lang='lat' dir='ltr'><strong>XIV.</strong></span> <span class='ocrx_word' id='word_1_11' title='bbox 2116 762 2195 827; x_wconf 89' lang='lat' dir='ltr'>XV.</span> <span class='ocrx_word' id='word_1_12' title='bbox 2316 763 2378 827; x_wconf 73' lang='lat'>582</span> 
     </span>
    </p>
   </div>
   <div class='ocr_carea' id='block_1_2' title="bbox 374 944 2433 4116">
    <p class='ocr_par' dir='ltr' id='par_1_2' title="bbox 374 944 2433 4116">
     <span class='ocr_line' id='line_1_2' title="bbox 374 944 2380 1036; baseline 0 -20"><span class='ocrx_word' id='word_1_13' title='bbox 374 970 508 1034; x_wconf 90' lang='lat' dir='ltr'>mosque</span> <span class='ocrx_word' id='word_1_14' title='bbox 529 947 603 1011; x_wconf 90' lang='lat' dir='ltr'>colli</span> <span class='ocrx_word' id='word_1_15' title='bbox 646 967 695 1023; x_wconf 90' lang='lat' dir='ltr'>re,</span> <span class='ocrx_word' id='word_1_16' title='bbox 723 966 765 1009; x_wconf 90' lang='lat' dir='ltr'>ne</span> <span class='ocrx_word' id='word_1_17' title='bbox 794 944 876 1009; x_wconf 91' lang='lat' dir='ltr'>bene</span> <span class='ocrx_word' id='word_1_18' title='bbox 903 944 1028 1027; x_wconf 90' lang='lat' dir='ltr'>agendo</span> <span class='ocrx_word' id='word_1_19' title='bbox 1056 944 1288 1029; x_wconf 76' lang='lat' dir='ltr'><strong>defatigemur,</strong></span> <span class='ocrx_word' id='word_1_20' title='bbox 1317 952 1364 1036; x_wconf 44' lang='lat' dir='ltr'>et,</span> <span class='ocrx_word' id='word_1_21' title='bbox 1403 946 1494 1010; x_wconf 91' lang='lat' dir='ltr'>siene</span> <span class='ocrx_word' id='word_1_22' title='bbox 1516 945 1694 1028; x_wconf 81' lang='lat' dir='ltr'>depravata</span> <span class='ocrx_word' id='word_1_23' title='bbox 1715 945 1773 1025; x_wconf 87' lang='lat' dir='ltr'>sit,</span> <span class='ocrx_word' id='word_1_24' title='bbox 1796 967 1935 1012; x_wconf 81' lang='lat' dir='ltr'>eumer</span> <span class='ocrx_word' id='word_1_25' title='bbox 1956 948 2025 1013; x_wconf 92' lang='lat' dir='ltr'>solo</span> <span class='ocrx_word' id='word_1_26' title='bbox 2047 950 2222 1015; x_wconf 87' lang='lat' dir='ltr'>verborum</span> <span class='ocrx_word' id='word_1_27' title='bbox 2241 950 2380 1017; x_wconf 89' lang='lat' dir='ltr'>istorum</span> 
     </span>
     <span class='ocr_line' id='line_1_3' title="bbox 374 968 2379 1115; baseline -0 -14"><span class='ocrx_word' id='word_1_28' title='bbox 374 1042 503 1101; x_wconf 89' lang='lat' dir='ltr'>tautam</span> <span class='ocrx_word' id='word_1_29' title='bbox 523 1035 588 1098; x_wconf 91' lang='lat' dir='ltr'>Dei</span> <span class='ocrx_word' id='word_1_30' title='bbox 604 968 844 1115; x_wconf 52' lang='lat' dir='ltr'>ffiniguitatem</span> <span class='ocrx_word' id='word_1_31' title='bbox 867 1050 945 1095; x_wconf 80' lang='lat' dir='ltr'>vera</span> <span class='ocrx_word' id='word_1_32' title='bbox 967 1029 1167 1114; x_wconf 74' lang='lat' dir='ltr'>gratitudine</span> <span class='ocrx_word' id='word_1_33' title='bbox 1211 1032 1348 1114; x_wconf 81' lang='lat' dir='ltr'>rosequi</span> <span class='ocrx_word' id='word_1_34' title='bbox 1402 1031 1583 1114; x_wconf 85' lang='lat' dir='ltr'>complexu,</span> <span class='ocrx_word' id='word_1_35' title='bbox 1607 1037 1679 1095; x_wconf 92' lang='lat' dir='ltr'>tum</span> <span class='ocrx_word' id='word_1_36' title='bbox 1696 1052 1737 1096; x_wconf 83' lang='lat' dir='ltr'>ex</span> <span class='ocrx_word' id='word_1_37' title='bbox 1757 1031 1905 1115; x_wconf 83' lang='lat' dir='ltr'>longiore</span> <span class='ocrx_word' id='word_1_38' title='bbox 1925 1035 2101 1114; x_wconf 88' lang='lat' dir='ltr'>superioris</span> <span class='ocrx_word' id='word_1_39' title='bbox 2123 1036 2280 1102; x_wconf 90' lang='lat' dir='ltr'>orationis</span> <span class='ocrx_word' id='word_1_40' title='bbox 2301 1057 2379 1101; x_wconf 93' lang='lat' dir='ltr'>een-</span> 
     </span>
     <span class='ocr_line' id='line_1_4' title="bbox 375 1052 2380 1200; baseline 0.001 -13"><span class='ocrx_word' id='word_1_41' title='bbox 375 1123 528 1187; x_wconf 85' lang='lat' dir='ltr'>Gratiam</span> <span class='ocrx_word' id='word_1_42' title='bbox 544 1119 608 1184; x_wconf 92' lang='lat' dir='ltr'>Dei</span> <span class='ocrx_word' id='word_1_43' title='bbox 628 1138 699 1183; x_wconf 85' lang='lat' dir='ltr'>esse</span> <span class='ocrx_word' id='word_1_44' title='bbox 721 1138 787 1181; x_wconf 93' lang='lat' dir='ltr'>non</span> <span class='ocrx_word' id='word_1_45' title='bbox 807 1115 943 1180; x_wconf 91' lang='lat' dir='ltr'>dubium</span> <span class='ocrx_word' id='word_1_46' title='bbox 965 1123 1017 1181; x_wconf 88' lang='lat' dir='ltr'>est</span> <span class='ocrx_word' id='word_1_47' title='bbox 1037 1052 1210 1198; x_wconf 60' lang='lat' dir='ltr'>quidquid)</span> <span class='ocrx_word' id='word_1_48' title='bbox 1217 1118 1253 1180; x_wconf 91' lang='lat' dir='ltr'>in</span> <span class='ocrx_word' id='word_1_49' title='bbox 1274 1138 1350 1200; x_wconf 89' lang='lat' dir='ltr'>ope·</span> <span class='ocrx_word' id='word_1_50' title='bbox 1401 1123 1496 1182; x_wconf 80' lang='lat' dir='ltr'>textu</span> <span class='ocrx_word' id='word_1_51' title='bbox 1517 1117 1627 1198; x_wconf 91' lang='lat' dir='ltr'>liquet.</span> <span class='ocrx_word' id='word_1_52' title='bbox 1672 1117 1714 1181; x_wconf 95' lang='lat' dir='ltr'>In</span> <span class='ocrx_word' id='word_1_53' title='bbox 1735 1118 1872 1200; x_wconf 90' lang='lat' dir='ltr'>epistola</span> <span class='ocrx_word' id='word_1_54' title='bbox 1893 1117 1936 1182; x_wconf 88' lang='lat' dir='ltr'>ad</span> <span class='ocrx_word' id='word_1_55' title='bbox 1956 1118 2125 1185; x_wconf 87' lang='lat' dir='ltr'>Hebraeos</span> <span class='ocrx_word' id='word_1_56' title='bbox 2150 1143 2216 1186; x_wconf 92' lang='lat' dir='ltr'>non</span> <span class='ocrx_word' id='word_1_57' title='bbox 2244 1132 2294 1187; x_wconf 93' lang='lat' dir='ltr'>est</span> <span class='ocrx_word' id='word_1_58' title='bbox 2320 1145 2380 1189; x_wconf 91' lang='lat' dir='ltr'>eur</span> 
     </span>
     <span class='ocr_line' id='line_1_5' title="bbox 374 1202 2380 1289; baseline 0 -18"><span class='ocrx_word' id='word_1_59' title='bbox 374 1208 465 1273; x_wconf 89' lang='lat' dir='ltr'>ribus</span> <span class='ocrx_word' id='word_1_60' title='bbox 485 1204 636 1287; x_wconf 90' lang='lat' dir='ltr'>estquod</span> <span class='ocrx_word' id='word_1_61' title='bbox 652 1202 784 1268; x_wconf 91' lang='lat' dir='ltr'>laudem</span> <span class='ocrx_word' id='word_1_62' title='bbox 800 1209 959 1280; x_wconf 90' lang='lat' dir='ltr'>meretur;</span> <span class='ocrx_word' id='word_1_63' title='bbox 981 1202 1109 1266; x_wconf 88' lang='lat' dir='ltr'>nullam</span> <span class='ocrx_word' id='word_1_64' title='bbox 1130 1224 1201 1268; x_wconf 89' lang='lat' dir='ltr'>esse</span> <span class='ocrx_word' id='word_1_65' title='bbox 1268 1211 1351 1268; x_wconf 89' lang='lat' dir='ltr'>ttam</span> <span class='ocrx_word' id='word_1_66' title='bbox 1404 1202 1571 1286; x_wconf 77' lang='lat' dir='ltr'>decipulas</span> <span class='ocrx_word' id='word_1_67' title='bbox 1592 1203 1629 1266; x_wconf 93' lang='lat' dir='ltr'>in</span> <span class='ocrx_word' id='word_1_68' title='bbox 1649 1202 1786 1267; x_wconf 85' lang='lat' dir='ltr'>verbulo</span> <span class='ocrx_word' id='word_1_69' title='bbox 1810 1225 1876 1267; x_wconf 92' lang='lat' dir='ltr'>uno</span> <span class='ocrx_word' id='word_1_70' title='bbox 1896 1204 1992 1268; x_wconf 88' lang='lat' dir='ltr'>nobis</span> <span class='ocrx_word' id='word_1_71' title='bbox 2014 1204 2165 1283; x_wconf 90' lang='lat' dir='ltr'>tendant,</span> <span class='ocrx_word' id='word_1_72' title='bbox 2193 1206 2322 1289; x_wconf 91' lang='lat' dir='ltr'>quando</span> <span class='ocrx_word' id='word_1_73' title='bbox 2343 1208 2380 1272; x_wconf 92' lang='lat' dir='ltr'>in</span> 
     </span>
     <span class='ocr_line' id='line_1_6' title="bbox 374 1286 2380 1376; baseline 0 -18"><span class='ocrx_word' id='word_1_74' title='bbox 374 1314 474 1376; x_wconf 89' lang='lat' dir='ltr'>quam</span> <span class='ocrx_word' id='word_1_75' title='bbox 500 1291 630 1375; x_wconf 90' lang='lat' dir='ltr'>proprie</span> <span class='ocrx_word' id='word_1_76' title='bbox 651 1290 744 1354; x_wconf 87' lang='lat' dir='ltr'>nobie</span> <span class='ocrx_word' id='word_1_77' title='bbox 766 1288 949 1354; x_wconf 74' lang='lat' dir='ltr'>adscribere</span> <span class='ocrx_word' id='word_1_78' title='bbox 971 1286 1157 1353; x_wconf 87' lang='lat' dir='ltr'>debeamus.</span> <span class='ocrx_word' id='word_1_79' title='bbox 1202 1288 1220 1351; x_wconf 96' lang='grc' dir='ltr'>Ι</span> <span class='ocrx_word' id='word_1_80' title='bbox 1265 1288 1351 1353; x_wconf 88' lang='lat' dir='ltr'>sire</span> <span class='ocrx_word' id='word_1_81' title='bbox 1403 1289 1530 1372; x_wconf 88' lang='lat' dir='ltr'>graecis</span> <span class='ocrx_word' id='word_1_82' title='bbox 1559 1288 1696 1370; x_wconf 90' lang='lat' dir='ltr'>apostoli</span> <span class='ocrx_word' id='word_1_83' title='bbox 1728 1288 1837 1353; x_wconf 88' lang='lat' dir='ltr'>verbis</span> <span class='ocrx_word' id='word_1_84' title='bbox 1869 1289 1954 1353; x_wconf 90' lang='lat' dir='ltr'>nihil</span> <span class='ocrx_word' id='word_1_85' title='bbox 1986 1287 2076 1354; x_wconf 90' lang='lat' dir='ltr'>aliud</span> <span class='ocrx_word' id='word_1_86' title='bbox 2108 1290 2248 1357; x_wconf 87' lang='lat' dir='ltr'>hahetur</span> <span class='ocrx_word' id='word_1_87' title='bbox 2280 1315 2380 1375; x_wconf 88' lang='lat' dir='ltr'>quam</span> 
     </span>
     <span class='ocr_line' id='line_1_7' title="bbox 374 1373 2380 1459; baseline 0.001 -16"><span class='ocrx_word' id='word_1_88' title='bbox 374 1398 454 1444; x_wconf 84' lang='lat' dir='ltr'>vera</span> <span class='ocrx_word' id='word_1_89' title='bbox 469 1378 618 1459; x_wconf 90' lang='lat' dir='ltr'>serioque</span> <span class='ocrx_word' id='word_1_90' title='bbox 635 1376 851 1458; x_wconf 77' lang='lat' dir='ltr'>agnoscimus,</span> <span class='ocrx_word' id='word_1_91' title='bbox 874 1374 1040 1439; x_wconf 82' lang='lat' dir='ltr'>evanescit</span> <span class='ocrx_word' id='word_1_92' title='bbox 1060 1373 1223 1455; x_wconf 77' lang='lat' dir='ltr'>quaelibet</span> <span class='ocrx_word' id='word_1_93' title='bbox 1242 1375 1352 1439; x_wconf 89' lang='lat' dir='ltr'>meriti</span> <span class='ocrx_word' id='word_1_94' title='bbox 1403 1374 1486 1439; x_wconf 91' lang='lat' dir='ltr'>tales</span> <span class='ocrx_word' id='word_1_95' title='bbox 1526 1374 1648 1438; x_wconf 90' lang='lat' dir='ltr'>hostias</span> <span class='ocrx_word' id='word_1_96' title='bbox 1686 1373 1815 1456; x_wconf 88' lang='lat' dir='ltr'>plaeere</span> <span class='ocrx_word' id='word_1_97' title='bbox 1855 1380 2066 1458; x_wconf 90' lang='lat' dir='ltr'>acceptasque</span> <span class='ocrx_word' id='word_1_98' title='bbox 2105 1396 2176 1441; x_wconf 89' lang='lat' dir='ltr'>esse</span> <span class='ocrx_word' id='word_1_99' title='bbox 2212 1378 2293 1442; x_wconf 88' lang='lat' dir='ltr'>Dee.</span> <span class='ocrx_word' id='word_1_100' title='bbox 2338 1378 2380 1447; x_wconf 89' lang='lat' dir='ltr'>Id</span> 
     </span>
     <span class='ocr_line' id='line_1_8' title="bbox 374 1458 2433 1547; baseline 0.001 -19"><span class='ocrx_word' id='word_1_101' title='bbox 374 1485 440 1529; x_wconf 92' lang='lat' dir='ltr'>non</span> <span class='ocrx_word' id='word_1_102' title='bbox 461 1462 582 1527; x_wconf 90' lang='lat' dir='ltr'>fiducia</span> <span class='ocrx_word' id='word_1_103' title='bbox 603 1468 744 1540; x_wconf 87' lang='lat' dir='ltr'>tantum,</span> <span class='ocrx_word' id='word_1_104' title='bbox 767 1459 825 1547; x_wconf 81' lang='lat' dir='ltr'>sed</span> <span class='ocrx_word' id='word_1_105' title='bbox 842 1459 959 1542; x_wconf 89' lang='lat' dir='ltr'>opinio.</span> <span class='ocrx_word' id='word_1_106' title='bbox 1004 1459 1184 1537; x_wconf 87' lang='lat' dir='ltr'>Bonorum,</span> <span class='ocrx_word' id='word_1_107' title='bbox 1206 1459 1350 1542; x_wconf 89' lang='lat' dir='ltr'>inquam,</span> <span class='ocrx_word' id='word_1_108' title='bbox 1403 1480 1508 1524; x_wconf 92' lang='lat' dir='ltr'>unum</span> <span class='ocrx_word' id='word_1_109' title='bbox 1541 1458 1670 1524; x_wconf 91' lang='lat' dir='ltr'>abunde</span> <span class='ocrx_word' id='word_1_110' title='bbox 1702 1461 1852 1524; x_wconf 87' lang='lat' dir='ltr'>sufficere</span> <span class='ocrx_word' id='word_1_111' title='bbox 1888 1459 2005 1525; x_wconf 92' lang='lat' dir='ltr'>debeat</span> <span class='ocrx_word' id='word_1_112' title='bbox 2038 1460 2081 1526; x_wconf 91' lang='lat' dir='ltr'>ad</span> <span class='ocrx_word' id='word_1_113' title='bbox 2113 1463 2382 1546; x_wconf 86' lang='lat' dir='ltr'>compescendam</span> <span class='ocrx_word' id='word_1_114' title='bbox 2431 1511 2433 1514; x_wconf 92' lang='lat'>-</span> 
     </span>
     <span class='ocr_line' id='line_1_9' title="bbox 374 1543 2380 1632; baseline 0 -17"><span class='ocrx_word' id='word_1_115' title='bbox 374 1570 510 1632; x_wconf 87' lang='lat' dir='ltr'>operum</span> <span class='ocrx_word' id='word_1_116' title='bbox 540 1547 673 1612; x_wconf 88' lang='lat' dir='ltr'>laudem</span> <span class='ocrx_word' id='word_1_117' title='bbox 705 1566 773 1609; x_wconf 90' lang='lat' dir='ltr'>non</span> <span class='ocrx_word' id='word_1_118' title='bbox 805 1543 859 1629; x_wconf 87' lang='lat' dir='ltr'>(ut</span> <span class='ocrx_word' id='word_1_119' title='bbox 890 1544 1057 1627; x_wconf 86' lang='lat' dir='ltr'>sophistae</span> <span class='ocrx_word' id='word_1_120' title='bbox 1092 1545 1233 1629; x_wconf 85' lang='lat' dir='ltr'>faciunt)</span> <span class='ocrx_word' id='word_1_121' title='bbox 1265 1546 1352 1610; x_wconf 91' lang='lat' dir='ltr'>inter</span> <span class='ocrx_word' id='word_1_122' title='bbox 1403 1544 1706 1628; x_wconf 87' lang='lat' dir='ltr'>retundendamque</span> <span class='ocrx_word' id='word_1_123' title='bbox 1727 1552 1860 1610; x_wconf 90' lang='lat' dir='ltr'>nostrae</span> <span class='ocrx_word' id='word_1_124' title='bbox 1887 1548 2058 1629; x_wconf 85' lang='lat' dir='ltr'>superbiae</span> <span class='ocrx_word' id='word_1_125' title='bbox 2086 1548 2310 1627; x_wconf 87' lang='lat' dir='ltr'>insolentiam,</span> <span class='ocrx_word' id='word_1_126' title='bbox 2338 1571 2380 1616; x_wconf 88' lang='lat' dir='ltr'>ne</span> 
     </span>
     <span class='ocr_line' id='line_1_10' title="bbox 374 1630 2382 1715; baseline 0.001 -15"><span class='ocrx_word' id='word_1_127' title='bbox 374 1636 485 1700; x_wconf 88' lang='lat' dir='ltr'>Deum</span> <span class='ocrx_word' id='word_1_128' title='bbox 507 1640 540 1697; x_wconf 89' lang='lat' dir='ltr'>et</span> <span class='ocrx_word' id='word_1_129' title='bbox 561 1633 728 1696; x_wconf 90' lang='lat' dir='ltr'>hominem</span> <span class='ocrx_word' id='word_1_130' title='bbox 753 1632 916 1714; x_wconf 90' lang='lat' dir='ltr'>partimur</span> <span class='ocrx_word' id='word_1_131' title='bbox 924 1653 936 1710; x_wconf 65' lang='grc'>;4</span> <span class='ocrx_word' id='word_1_132' title='bbox 961 1630 1018 1695; x_wconf 90' lang='lat' dir='ltr'>sed</span> <span class='ocrx_word' id='word_1_133' title='bbox 1040 1637 1158 1709; x_wconf 86' lang='lat' dir='ltr'>tetam,</span> <span class='ocrx_word' id='word_1_134' title='bbox 1186 1631 1350 1715; x_wconf 87' lang='lat' dir='ltr'>integram</span> <span class='ocrx_word' id='word_1_135' title='bbox 1403 1652 1503 1713; x_wconf 89' lang='lat' dir='ltr'>quam</span> <span class='ocrx_word' id='word_1_136' title='bbox 1521 1630 1673 1714; x_wconf 89' lang='lat' dir='ltr'>operibus</span> <span class='ocrx_word' id='word_1_137' title='bbox 1690 1630 1883 1714; x_wconf 81' lang='lat' dir='ltr'>dignitatem</span> <span class='ocrx_word' id='word_1_138' title='bbox 1900 1632 1989 1697; x_wconf 90' lang='lat' dir='ltr'>ultra</span> <span class='ocrx_word' id='word_1_139' title='bbox 2005 1634 2185 1715; x_wconf 85' lang='lat' dir='ltr'>scripturae</span> <span class='ocrx_word' id='word_1_140' title='bbox 2206 1635 2382 1702; x_wconf 85' lang='lat' dir='ltr'>formulam</span> 
     </span>
     <span class='ocr_line' id='line_1_11' title="bbox 376 1715 2382 1802; baseline 0.001 -17"><span class='ocrx_word' id='word_1_141' title='bbox 376 1741 414 1785; x_wconf 89' lang='lat' dir='ltr'>ac</span> <span class='ocrx_word' id='word_1_142' title='bbox 430 1719 591 1785; x_wconf 87' lang='lat' dir='ltr'>illibatam</span> <span class='ocrx_word' id='word_1_143' title='bbox 607 1717 750 1783; x_wconf 91' lang='lat' dir='ltr'>Domino</span> <span class='ocrx_word' id='word_1_144' title='bbox 769 1737 948 1784; x_wconf 81' lang='lat' dir='ltr'>servamus.</span> <span class='ocrx_word' id='word_1_145' title='bbox 985 1717 1129 1780; x_wconf 76' lang='lat' dir='ltr'>Tantum</span> <span class='ocrx_word' id='word_1_146' title='bbox 1146 1716 1208 1781; x_wconf 91' lang='lat' dir='ltr'>hoc</span> <span class='ocrx_word' id='word_1_147' title='bbox 1225 1717 1352 1781; x_wconf 91' lang='lat' dir='ltr'>homini</span> <span class='ocrx_word' id='word_1_148' title='bbox 1403 1717 1609 1799; x_wconf 87' lang='lat' dir='ltr'>affingamus.</span> <span class='ocrx_word' id='word_1_149' title='bbox 1653 1715 1758 1781; x_wconf 91' lang='lat' dir='ltr'>Porro</span> <span class='ocrx_word' id='word_1_150' title='bbox 1781 1718 1961 1799; x_wconf 86' lang='lat' dir='ltr'>scripturae</span> <span class='ocrx_word' id='word_1_151' title='bbox 1983 1719 2131 1784; x_wconf 90' lang='lat' dir='ltr'>doctrina</span> <span class='ocrx_word' id='word_1_152' title='bbox 2151 1727 2215 1798; x_wconf 89' lang='lat' dir='ltr'>est,</span> <span class='ocrx_word' id='word_1_153' title='bbox 2249 1742 2382 1802; x_wconf 86' lang='lat' dir='ltr'>aspersa</span> 
     </span>
     <span class='ocr_line' id='line_1_12' title="bbox 376 1799 2380 1889; baseline 0 -18"><span class='ocrx_word' id='word_1_154' title='bbox 376 1807 590 1889; x_wconf 85' lang='lat' dir='ltr'>assignamus,</span> <span class='ocrx_word' id='word_1_155' title='bbox 612 1802 698 1886; x_wconf 89' lang='lat' dir='ltr'>quod</span> <span class='ocrx_word' id='word_1_156' title='bbox 720 1824 760 1868; x_wconf 90' lang='lat' dir='ltr'>ea</span> <span class='ocrx_word' id='word_1_157' title='bbox 779 1803 860 1886; x_wconf 91' lang='lat' dir='ltr'>ipsa,</span> <span class='ocrx_word' id='word_1_158' title='bbox 883 1822 966 1885; x_wconf 90' lang='lat' dir='ltr'>quae</span> <span class='ocrx_word' id='word_1_159' title='bbox 984 1802 1071 1867; x_wconf 91' lang='lat' dir='ltr'>bona</span> <span class='ocrx_word' id='word_1_160' title='bbox 1092 1811 1196 1880; x_wconf 87' lang='lat' dir='ltr'>erant,</span> <span class='ocrx_word' id='word_1_161' title='bbox 1219 1803 1352 1867; x_wconf 90' lang='lat' dir='ltr'>suaim·</span> <span class='ocrx_word' id='word_1_162' title='bbox 1403 1824 1474 1868; x_wconf 91' lang='lat' dir='ltr'>esse</span> <span class='ocrx_word' id='word_1_163' title='bbox 1502 1810 1660 1885; x_wconf 91' lang='lat' dir='ltr'>perpetuo</span> <span class='ocrx_word' id='word_1_164' title='bbox 1687 1799 1837 1867; x_wconf 89' lang='lat' dir='ltr'>sordibus</span> <span class='ocrx_word' id='word_1_165' title='bbox 1866 1803 1978 1868; x_wconf 92' lang='lat' dir='ltr'>multis</span> <span class='ocrx_word' id='word_1_166' title='bbox 2011 1804 2097 1869; x_wconf 91' lang='lat' dir='ltr'>bona</span> <span class='ocrx_word' id='word_1_167' title='bbox 2127 1813 2241 1871; x_wconf 89' lang='lat' dir='ltr'>nostra</span> <span class='ocrx_word' id='word_1_168' title='bbox 2272 1827 2380 1888; x_wconf 88' lang='lat' dir='ltr'>opera,</span> 
     </span>
     <span class='ocr_line' id='line_1_13' title="bbox 375 1887 2395 1974; baseline 0 -18"><span class='ocrx_word' id='word_1_169' title='bbox 375 1892 517 1974; x_wconf 87' lang='lat' dir='ltr'>puritate</span> <span class='ocrx_word' id='word_1_170' title='bbox 534 1889 651 1972; x_wconf 91' lang='lat' dir='ltr'>polluit</span> <span class='ocrx_word' id='word_1_171' title='bbox 666 1897 702 1953; x_wconf 92' lang='lat' dir='ltr'>et</span> <span class='ocrx_word' id='word_1_172' title='bbox 718 1889 926 1955; x_wconf 84' lang='lat' dir='ltr'>contaminat</span> <span class='ocrx_word' id='word_1_173' title='bbox 955 1887 1048 1953; x_wconf 90' lang='lat' dir='ltr'>Nihil</span> <span class='ocrx_word' id='word_1_174' title='bbox 1060 1887 1200 1952; x_wconf 81' lang='lat' dir='ltr'>animab</span> <span class='ocrx_word' id='word_1_175' title='bbox 1218 1888 1352 1954; x_wconf 93' lang='lat' dir='ltr'>homine</span> <span class='ocrx_word' id='word_1_176' title='bbox 1403 1887 1522 1971; x_wconf 90' lang='lat' dir='ltr'>quibus</span> <span class='ocrx_word' id='word_1_177' title='bbox 1542 1888 1661 1953; x_wconf 83' lang='lat' dir='ltr'>merite</span> <span class='ocrx_word' id='word_1_178' title='bbox 1679 1888 1773 1953; x_wconf 92' lang='lat' dir='ltr'>Deus</span> <span class='ocrx_word' id='word_1_179' title='bbox 1795 1888 1989 1968; x_wconf 84' lang='lat' dir='ltr'>offendatur,</span> <span class='ocrx_word' id='word_1_180' title='bbox 2012 1911 2049 1954; x_wconf 89' lang='lat' dir='ltr'>ac</span> <span class='ocrx_word' id='word_1_181' title='bbox 2066 1890 2159 1955; x_wconf 91' lang='lat' dir='ltr'>nohis</span> <span class='ocrx_word' id='word_1_182' title='bbox 2177 1893 2395 1972; x_wconf 63' lang='lat' dir='ltr'>succenseat,</span> 
     </span>
     <span class='ocr_line' id='line_1_14' title="bbox 376 1973 2380 2060; baseline 0 -18"><span class='ocrx_word' id='word_1_183' title='bbox 376 1979 453 2054; x_wconf 81' lang='lat' dir='ltr'>exit,</span> <span class='ocrx_word' id='word_1_184' title='bbox 477 1975 690 2058; x_wconf 84' lang='lat' dir='ltr'>quantumvis</span> <span class='ocrx_word' id='word_1_185' title='bbox 709 1975 867 2057; x_wconf 85' lang='lat' dir='ltr'>perfecto,</span> <span class='ocrx_word' id='word_1_186' title='bbox 891 1973 977 2057; x_wconf 92' lang='lat' dir='ltr'>qued</span> <span class='ocrx_word' id='word_1_187' title='bbox 998 1995 1065 2039; x_wconf 92' lang='lat' dir='ltr'>non</span> <span class='ocrx_word' id='word_1_188' title='bbox 1086 1975 1130 2038; x_wconf 92' lang='lat' dir='ltr'>sit</span> <span class='ocrx_word' id='word_1_189' title='bbox 1151 1974 1262 2056; x_wconf 89' lang='lat' dir='ltr'>aliqua</span> <span class='ocrx_word' id='word_1_190' title='bbox 1282 1994 1352 2038; x_wconf 88' lang='lat' dir='ltr'>ma·</span> <span class='ocrx_word' id='word_1_191' title='bbox 1404 1982 1534 2040; x_wconf 88' lang='lat' dir='ltr'>tantum</span> <span class='ocrx_word' id='word_1_192' title='bbox 1555 1975 1662 2053; x_wconf 90' lang='lat' dir='ltr'>abest,</span> <span class='ocrx_word' id='word_1_193' title='bbox 1690 1986 1728 2039; x_wconf 89' lang='lat' dir='ltr'>ut</span> <span class='ocrx_word' id='word_1_194' title='bbox 1749 1973 1802 2039; x_wconf 88' lang='lat' dir='ltr'>vel</span> <span class='ocrx_word' id='word_1_195' title='bbox 1825 1974 1998 2040; x_wconf 89' lang='lat' dir='ltr'>conciliare</span> <span class='ocrx_word' id='word_1_196' title='bbox 2017 1975 2111 2039; x_wconf 90' lang='lat' dir='ltr'>illum</span> <span class='ocrx_word' id='word_1_197' title='bbox 2133 1976 2227 2042; x_wconf 92' lang='lat' dir='ltr'>nobis</span> <span class='ocrx_word' id='word_1_198' title='bbox 2249 1984 2380 2060; x_wconf 86' lang='lat' dir='ltr'>queant,</span> 
     </span>
     <span class='ocr_line' id='line_1_15' title="bbox 375 2058 2382 2146; baseline 0 -17"><span class='ocrx_word' id='word_1_199' title='bbox 375 2064 450 2130; x_wconf 89' lang='lat' dir='ltr'>cula</span> <span class='ocrx_word' id='word_1_200' title='bbox 480 2062 699 2146; x_wconf 89' lang='lat' dir='ltr'>inquinatum.</span> <span class='ocrx_word' id='word_1_201' title='bbox 743 2060 847 2125; x_wconf 87' lang='lat' dir='ltr'>Vocet</span> <span class='ocrx_word' id='word_1_202' title='bbox 877 2060 979 2143; x_wconf 87' lang='lat' dir='ltr'>igitur</span> <span class='ocrx_word' id='word_1_203' title='bbox 1004 2061 1168 2125; x_wconf 83' lang='lat' dir='ltr'>Dominus</span> <span class='ocrx_word' id='word_1_204' title='bbox 1200 2061 1236 2124; x_wconf 93' lang='lat' dir='ltr'>in</span> <span class='ocrx_word' id='word_1_205' title='bbox 1267 2058 1352 2126; x_wconf 91' lang='lat' dir='ltr'>iudi·</span> <span class='ocrx_word' id='word_1_206' title='bbox 1405 2061 1458 2125; x_wconf 89' lang='lat' dir='ltr'>vel</span> <span class='ocrx_word' id='word_1_207' title='bbox 1486 2061 1557 2125; x_wconf 92' lang='lat' dir='ltr'>eius</span> <span class='ocrx_word' id='word_1_208' title='bbox 1584 2081 1663 2144; x_wconf 90' lang='lat' dir='ltr'>erga</span> <span class='ocrx_word' id='word_1_209' title='bbox 1693 2080 1753 2124; x_wconf 92' lang='lat' dir='ltr'>nos</span> <span class='ocrx_word' id='word_1_210' title='bbox 1783 2060 2030 2125; x_wconf 89' lang='lat' dir='ltr'>beneficentiam</span> <span class='ocrx_word' id='word_1_211' title='bbox 2063 2082 2247 2143; x_wconf 88' lang='lat' dir='ltr'>provocare.</span> <span class='ocrx_word' id='word_1_212' title='bbox 2293 2061 2382 2143; x_wconf 79' lang='lat' dir='ltr'>Quia</span> 
     </span>
     <span class='ocr_line' id='line_1_16' title="bbox 374 2146 2381 2317; baseline -0.001 -17"><span class='ocrx_word' id='word_1_213' title='bbox 374 2147 1354 2317; x_wconf 56' lang='lat' dir='ltr'>iubllblbhffillldpilll‘alpildllnitiuid</span> <span class='ocrx_word' id='word_1_214' title='bbox 1404 2146 2037 2314; x_wconf 47' lang='lat' dir='ltr'>&amp;galaaditidis</span> <span class='ocrx_word' id='word_1_215' title='bbox 2050 2148 2381 2315; x_wconf 57' lang='lat' dir='ltr'>”tutelstete</span> 
     </span>
     <span class='ocr_line' id='line_1_17' title="bbox 1011 2283 2129 2312; baseline 0 -22"><span class='ocrx_word' id='word_1_216' title='bbox 1011 2283 1020 2312; x_wconf 87' lang='lat'>‚</span> <span class='ocrx_word' id='word_1_217' title='bbox 2127 2285 2129 2290; x_wconf 89' lang='lat'><em>.</em></span> 
     </span>
     <span class='ocr_line' id='line_1_18' title="bbox 374 2317 2381 2402; baseline -0 -16"><span class='ocrx_word' id='word_1_218' title='bbox 374 2321 467 2386; x_wconf 63' lang='lat' dir='ltr'>aare</span> <span class='ocrx_word' id='word_1_219' title='bbox 488 2325 516 2385; x_wconf 83' lang='lat' dir='ltr'>et</span> <span class='ocrx_word' id='word_1_220' title='bbox 536 2319 696 2402; x_wconf 68' lang='grc' dir='ltr'>ρνοῦιιιηι.</span> <span class='ocrx_word' id='word_1_221' title='bbox 740 2318 880 2384; x_wconf 86' lang='lat' dir='ltr'>Placent</span> <span class='ocrx_word' id='word_1_222' title='bbox 904 2318 1013 2401; x_wconf 89' lang='lat' dir='ltr'>itaque</span> <span class='ocrx_word' id='word_1_223' title='bbox 1034 2318 1106 2384; x_wconf 93' lang='lat' dir='ltr'>Deo</span> <span class='ocrx_word' id='word_1_224' title='bbox 1133 2318 1219 2384; x_wconf 91' lang='lat' dir='ltr'>bona</span> <span class='ocrx_word' id='word_1_225' title='bbox 1245 2339 1352 2401; x_wconf 90' lang='lat' dir='ltr'>opera,</span> <span class='ocrx_word' id='word_1_226' title='bbox 1404 2317 1540 2400; x_wconf 91' lang='lat' dir='ltr'>ideoque</span> <span class='ocrx_word' id='word_1_227' title='bbox 1572 2317 1649 2382; x_wconf 91' lang='lat' dir='ltr'>licet</span> <span class='ocrx_word' id='word_1_228' title='bbox 1677 2317 1843 2382; x_wconf 88' lang='lat' dir='ltr'>immerita</span> <span class='ocrx_word' id='word_1_229' title='bbox 1868 2318 2007 2383; x_wconf 88' lang='lat' dir='ltr'>infinitis</span> <span class='ocrx_word' id='word_1_230' title='bbox 2034 2319 2200 2385; x_wconf 88' lang='lat' dir='ltr'>beneficiis</span> <span class='ocrx_word' id='word_1_231' title='bbox 2228 2340 2381 2385; x_wconf 89' lang='lat' dir='ltr'>remune-</span> 
     </span>
     <span class='ocr_line' id='line_1_19' title="bbox 374 2403 2382 2487; baseline -0 -17"><span class='ocrx_word' id='word_1_232' title='bbox 374 2427 435 2471; x_wconf 90' lang='lat' dir='ltr'>nec</span> <span class='ocrx_word' id='word_1_233' title='bbox 467 2405 536 2470; x_wconf 91' lang='lat' dir='ltr'>suis</span> <span class='ocrx_word' id='word_1_234' title='bbox 567 2406 734 2471; x_wconf 86' lang='lat' dir='ltr'>autoribus</span> <span class='ocrx_word' id='word_1_235' title='bbox 766 2410 845 2469; x_wconf 89' lang='lat' dir='ltr'>sunt</span> <span class='ocrx_word' id='word_1_236' title='bbox 875 2404 1092 2483; x_wconf 85' lang='lat' dir='ltr'>infructuosa;</span> <span class='ocrx_word' id='word_1_237' title='bbox 1131 2405 1213 2487; x_wconf 91' lang='lat' dir='ltr'>quin</span> <span class='ocrx_word' id='word_1_238' title='bbox 1246 2405 1352 2487; x_wconf 84' lang='lat' dir='ltr'>magis</span> <span class='ocrx_word' id='word_1_239' title='bbox 1404 2404 1481 2482; x_wconf 89' lang='lat' dir='ltr'>rari,</span> <span class='ocrx_word' id='word_1_240' title='bbox 1505 2414 1576 2467; x_wconf 92' lang='lat' dir='ltr'>tum</span> <span class='ocrx_word' id='word_1_241' title='bbox 1596 2403 1778 2484; x_wconf 88' lang='lat' dir='ltr'>praesentis</span> <span class='ocrx_word' id='word_1_242' title='bbox 1795 2405 1899 2481; x_wconf 81' lang='lat' dir='ltr'>vitae,</span> <span class='ocrx_word' id='word_1_243' title='bbox 1915 2413 1987 2468; x_wconf 91' lang='lat' dir='ltr'>tum</span> <span class='ocrx_word' id='word_1_244' title='bbox 2005 2405 2105 2469; x_wconf 90' lang='lat' dir='ltr'>etiam</span> <span class='ocrx_word' id='word_1_245' title='bbox 2123 2405 2262 2470; x_wconf 88' lang='lat' dir='ltr'>futurae.</span> <span class='ocrx_word' id='word_1_246' title='bbox 2304 2404 2382 2470; x_wconf 90' lang='lat' dir='ltr'>Non</span> 
     </span>
     <span class='ocr_line' id='line_1_20' title="bbox 376 2487 2381 2573; baseline 0.001 -18"><span class='ocrx_word' id='word_1_247' title='bbox 376 2490 578 2573; x_wconf 88' lang='lat' dir='ltr'>amplissima</span> <span class='ocrx_word' id='word_1_248' title='bbox 597 2490 662 2554; x_wconf 91' lang='lat' dir='ltr'>Dei</span> <span class='ocrx_word' id='word_1_249' title='bbox 689 2490 847 2555; x_wconf 89' lang='lat' dir='ltr'>beneficia</span> <span class='ocrx_word' id='word_1_250' title='bbox 871 2490 1143 2555; x_wconf 75' lang='lat' dir='ltr'>remunerationis</span> <span class='ocrx_word' id='word_1_251' title='bbox 1170 2489 1242 2554; x_wconf 92' lang='lat' dir='ltr'>loco</span> <span class='ocrx_word' id='word_1_252' title='bbox 1268 2491 1352 2555; x_wconf 86' lang='lat' dir='ltr'>refe-</span> <span class='ocrx_word' id='word_1_253' title='bbox 1404 2490 1494 2553; x_wconf 89' lang='lat' dir='ltr'>enim</span> <span class='ocrx_word' id='word_1_254' title='bbox 1516 2511 1537 2552; x_wconf 90' lang='lat' dir='ltr'>a</span> <span class='ocrx_word' id='word_1_255' title='bbox 1559 2487 1662 2553; x_wconf 91' lang='lat' dir='ltr'>doctis</span> <span class='ocrx_word' id='word_1_256' title='bbox 1689 2488 1809 2570; x_wconf 88' lang='lat' dir='ltr'>alioqui</span> <span class='ocrx_word' id='word_1_257' title='bbox 1835 2510 1873 2554; x_wconf 88' lang='lat' dir='ltr'>ae</span> <span class='ocrx_word' id='word_1_258' title='bbox 1900 2491 1963 2573; x_wconf 92' lang='lat' dir='ltr'>piis</span> <span class='ocrx_word' id='word_1_259' title='bbox 1985 2491 2064 2556; x_wconf 89' lang='lat' dir='ltr'>viris</span> <span class='ocrx_word' id='word_1_260' title='bbox 2085 2492 2226 2573; x_wconf 91' lang='lat' dir='ltr'>positam</span> <span class='ocrx_word' id='word_1_261' title='bbox 2247 2490 2381 2557; x_wconf 91' lang='lat' dir='ltr'>distinc-</span> 
     </span>
     <span class='ocr_line' id='line_1_21' title="bbox 375 2575 2383 2659; baseline 0.001 -20"><span class='ocrx_word' id='word_1_262' title='bbox 375 2583 469 2640; x_wconf 90' lang='lat' dir='ltr'>runt:</span> <span class='ocrx_word' id='word_1_263' title='bbox 491 2594 560 2638; x_wconf 89' lang='lat' dir='ltr'>nen</span> <span class='ocrx_word' id='word_1_264' title='bbox 580 2575 659 2656; x_wconf 90' lang='lat' dir='ltr'>quia</span> <span class='ocrx_word' id='word_1_265' title='bbox 678 2575 727 2638; x_wconf 90' lang='lat' dir='ltr'>ita</span> <span class='ocrx_word' id='word_1_266' title='bbox 743 2580 920 2653; x_wconf 90' lang='lat' dir='ltr'>merentur,</span> <span class='ocrx_word' id='word_1_267' title='bbox 939 2575 997 2640; x_wconf 89' lang='lat' dir='ltr'>sed</span> <span class='ocrx_word' id='word_1_268' title='bbox 1014 2575 1091 2657; x_wconf 89' lang='lat' dir='ltr'>quia</span> <span class='ocrx_word' id='word_1_269' title='bbox 1111 2575 1222 2641; x_wconf 84' lang='lat' dir='ltr'>divina</span> <span class='ocrx_word' id='word_1_270' title='bbox 1238 2576 1352 2659; x_wconf 89' lang='lat' dir='ltr'>benig·</span> <span class='ocrx_word' id='word_1_271' title='bbox 1404 2575 1527 2639; x_wconf 90' lang='lat' dir='ltr'>tionem</span> <span class='ocrx_word' id='word_1_272' title='bbox 1560 2575 1694 2655; x_wconf 87' lang='lat' dir='ltr'>recipio,</span> <span class='ocrx_word' id='word_1_273' title='bbox 1725 2575 1893 2639; x_wconf 88' lang='lat' dir='ltr'>meritoria</span> <span class='ocrx_word' id='word_1_274' title='bbox 1927 2598 1998 2641; x_wconf 91' lang='lat' dir='ltr'>esse</span> <span class='ocrx_word' id='word_1_275' title='bbox 2030 2577 2117 2642; x_wconf 90' lang='lat' dir='ltr'>bena</span> <span class='ocrx_word' id='word_1_276' title='bbox 2143 2597 2241 2659; x_wconf 91' lang='lat' dir='ltr'>opera</span> <span class='ocrx_word' id='word_1_277' title='bbox 2269 2597 2383 2641; x_wconf 87' lang='lat' dir='ltr'>earum</span> 
     </span>
     <span class='ocr_line' id='line_1_22' title="bbox 376 2658 2382 2745; baseline 0.001 -20"><span class='ocrx_word' id='word_1_278' title='bbox 376 2661 463 2725; x_wconf 90' lang='lat' dir='ltr'>nitas</span> <span class='ocrx_word' id='word_1_279' title='bbox 490 2661 552 2726; x_wconf 90' lang='lat' dir='ltr'>hoc</span> <span class='ocrx_word' id='word_1_280' title='bbox 585 2659 651 2726; x_wconf 88' lang='lat' dir='ltr'>illis</span> <span class='ocrx_word' id='word_1_281' title='bbox 685 2679 728 2723; x_wconf 83' lang='lat' dir='ltr'>er</span> <span class='ocrx_word' id='word_1_282' title='bbox 755 2680 790 2725; x_wconf 88' lang='lat' dir='ltr'>se</span> <span class='ocrx_word' id='word_1_283' title='bbox 818 2660 891 2742; x_wconf 90' lang='lat' dir='ltr'>ipsa</span> <span class='ocrx_word' id='word_1_284' title='bbox 918 2661 1063 2743; x_wconf 89' lang='lat' dir='ltr'>pretium</span> <span class='ocrx_word' id='word_1_285' title='bbox 1089 2661 1212 2726; x_wconf 86' lang='lat' dir='ltr'>statuit</span> <span class='ocrx_word' id='word_1_286' title='bbox 1258 2658 1352 2741; x_wconf 74' lang='lat' dir='ltr'>Quem</span> <span class='ocrx_word' id='word_1_287' title='bbox 1405 2679 1488 2743; x_wconf 87' lang='lat' dir='ltr'>quae</span> <span class='ocrx_word' id='word_1_288' title='bbox 1509 2660 1604 2724; x_wconf 88' lang='lat' dir='ltr'>nobis</span> <span class='ocrx_word' id='word_1_289' title='bbox 1625 2659 1660 2723; x_wconf 93' lang='lat' dir='ltr'>in</span> <span class='ocrx_word' id='word_1_290' title='bbox 1682 2658 1745 2724; x_wconf 90' lang='lat' dir='ltr'>hac</span> <span class='ocrx_word' id='word_1_291' title='bbox 1771 2661 1841 2725; x_wconf 87' lang='lat' dir='ltr'>vita</span> <span class='ocrx_word' id='word_1_292' title='bbox 1865 2663 2077 2727; x_wconf 81' lang='lat' dir='ltr'>conferuntur</span> <span class='ocrx_word' id='word_1_293' title='bbox 2104 2663 2302 2745; x_wconf 67' lang='lat' dir='ltr'>gratiarum</span> <span class='ocrx_word' id='word_1_294' title='bbox 2331 2683 2382 2727; x_wconf 91' lang='lat' dir='ltr'>so-</span> 
     </span>
     <span class='ocr_line' id='line_1_23' title="bbox 376 2743 2381 2827; baseline 0 -16"><span class='ocrx_word' id='word_1_295' title='bbox 376 2754 487 2811; x_wconf 87' lang='lat' dir='ltr'>autem</span> <span class='ocrx_word' id='word_1_296' title='bbox 513 2745 579 2811; x_wconf 90' lang='lat' dir='ltr'>ista</span> <span class='ocrx_word' id='word_1_297' title='bbox 605 2751 655 2811; x_wconf 88' lang='lat' dir='ltr'>est</span> <span class='ocrx_word' id='word_1_298' title='bbox 680 2767 715 2809; x_wconf 92' lang='lat' dir='ltr'>m</span> <span class='ocrx_word' id='word_1_299' title='bbox 751 2745 884 2824; x_wconf 55' lang='lat' dir='ltr'>suites,</span> <span class='ocrx_word' id='word_1_300' title='bbox 912 2767 981 2810; x_wconf 91' lang='lat' dir='ltr'>non</span> <span class='ocrx_word' id='word_1_301' title='bbox 1006 2752 1176 2812; x_wconf 85' lang='lat' dir='ltr'>contentos</span> <span class='ocrx_word' id='word_1_302' title='bbox 1203 2747 1260 2811; x_wconf 90' lang='lat' dir='ltr'>illa</span> <span class='ocrx_word' id='word_1_303' title='bbox 1286 2746 1353 2812; x_wconf 91' lang='lat' dir='ltr'>Dei</span> <span class='ocrx_word' id='word_1_304' title='bbox 1403 2745 1470 2810; x_wconf 87' lang='lat' dir='ltr'>lius</span> <span class='ocrx_word' id='word_1_305' title='bbox 1490 2743 1567 2810; x_wconf 92' lang='lat' dir='ltr'>fidei</span> <span class='ocrx_word' id='word_1_306' title='bbox 1593 2745 1777 2827; x_wconf 90' lang='lat' dir='ltr'>praemium</span> <span class='ocrx_word' id='word_1_307' title='bbox 1805 2766 1875 2811; x_wconf 91' lang='lat' dir='ltr'>esse</span> <span class='ocrx_word' id='word_1_308' title='bbox 1903 2756 2070 2812; x_wconf 86' lang='lat' dir='ltr'>aeternam</span> <span class='ocrx_word' id='word_1_309' title='bbox 2096 2749 2246 2813; x_wconf 91' lang='lat' dir='ltr'>salutem.</span> <span class='ocrx_word' id='word_1_310' title='bbox 2291 2748 2381 2813; x_wconf 86' lang='lat' dir='ltr'>Mer-</span> 
     </span>
     <span class='ocr_line' id='line_1_24' title="bbox 375 2828 2382 2916; baseline 0.002 -20"><span class='ocrx_word' id='word_1_311' title='bbox 375 2834 543 2916; x_wconf 87' lang='lat' dir='ltr'>largitate,</span> <span class='ocrx_word' id='word_1_312' title='bbox 574 2853 658 2914; x_wconf 89' lang='lat' dir='ltr'>quae</span> <span class='ocrx_word' id='word_1_313' title='bbox 683 2832 719 2896; x_wconf 92' lang='lat' dir='ltr'>ni</span> <span class='ocrx_word' id='word_1_314' title='bbox 746 2832 753 2846; x_wconf 81' lang='lat'><strong><em>‘</em></strong></span> <span class='ocrx_word' id='word_1_315' title='bbox 797 2830 862 2897; x_wconf 90' lang='lat' dir='ltr'>tale</span> <span class='ocrx_word' id='word_1_316' title='bbox 886 2832 1048 2896; x_wconf 89' lang='lat' dir='ltr'>merentia</span> <span class='ocrx_word' id='word_1_317' title='bbox 1073 2853 1172 2915; x_wconf 88' lang='lat' dir='ltr'>opera</span> <span class='ocrx_word' id='word_1_318' title='bbox 1197 2831 1353 2898; x_wconf 76' lang='lat' dir='ltr'>indebitis</span> <span class='ocrx_word' id='word_1_319' title='bbox 1404 2829 1518 2897; x_wconf 89' lang='lat' dir='ltr'>cedem</span> <span class='ocrx_word' id='word_1_320' title='bbox 1553 2830 1643 2895; x_wconf 91' lang='lat' dir='ltr'>enim</span> <span class='ocrx_word' id='word_1_321' title='bbox 1676 2828 1827 2895; x_wconf 89' lang='lat' dir='ltr'>laborum</span> <span class='ocrx_word' id='word_1_322' title='bbox 1861 2840 1895 2896; x_wconf 91' lang='lat' dir='ltr'>et</span> <span class='ocrx_word' id='word_1_323' title='bbox 1928 2834 2115 2898; x_wconf 87' lang='lat' dir='ltr'>certaminis</span> <span class='ocrx_word' id='word_1_324' title='bbox 2154 2855 2307 2899; x_wconf 89' lang='lat' dir='ltr'>coronam</span> <span class='ocrx_word' id='word_1_325' title='bbox 2345 2833 2382 2900; x_wconf 87' lang='lat' dir='ltr'>iu</span> 
     </span>
     <span class='ocr_line' id='line_1_25' title="bbox 375 2916 2403 3001; baseline 0 -18"><span class='ocrx_word' id='word_1_326' title='bbox 375 2919 530 3001; x_wconf 88' lang='lat' dir='ltr'>praemiis</span> <span class='ocrx_word' id='word_1_327' title='bbox 550 2923 759 2996; x_wconf 87' lang='lat' dir='ltr'>muneratur,</span> <span class='ocrx_word' id='word_1_328' title='bbox 789 2917 948 3001; x_wconf 88' lang='lat' dir='ltr'>sacrilega</span> <span class='ocrx_word' id='word_1_329' title='bbox 969 2916 1146 2983; x_wconf 88' lang='lat' dir='ltr'>ambitione</span> <span class='ocrx_word' id='word_1_330' title='bbox 1167 2918 1255 2983; x_wconf 87' lang='lat' dir='ltr'>ultra</span> <span class='ocrx_word' id='word_1_331' title='bbox 1276 2939 1353 2984; x_wconf 87' lang='lat' dir='ltr'>oen·</span> <span class='ocrx_word' id='word_1_332' title='bbox 1404 2917 1493 2983; x_wconf 89' lang='lat' dir='ltr'>coelo</span> <span class='ocrx_word' id='word_1_333' title='bbox 1515 2916 1677 2982; x_wconf 89' lang='lat' dir='ltr'>Dominus</span> <span class='ocrx_word' id='word_1_334' title='bbox 1699 2936 1829 2999; x_wconf 90' lang='lat' dir='ltr'>semper</span> <span class='ocrx_word' id='word_1_335' title='bbox 1856 2917 1924 2981; x_wconf 81' lang='lat' dir='ltr'>fere</span> <span class='ocrx_word' id='word_1_336' title='bbox 1946 2918 2091 2983; x_wconf 89' lang='lat' dir='ltr'>collocat.</span> <span class='ocrx_word' id='word_1_337' title='bbox 2135 2920 2283 2983; x_wconf 90' lang='lat' dir='ltr'>Rursum</span> <span class='ocrx_word' id='word_1_338' title='bbox 2304 2918 2403 3001; x_wconf 64' lang='lat' dir='ltr'>ope-⁴</span> 
     </span>
     <span class='ocr_line' id='line_1_26' title="bbox 375 3000 2382 3088; baseline 0.001 -20"><span class='ocrx_word' id='word_1_339' title='bbox 375 3004 527 3082; x_wconf 85' lang='lat' dir='ltr'>tendere,</span> <span class='ocrx_word' id='word_1_340' title='bbox 555 3010 593 3066; x_wconf 89' lang='lat' dir='ltr'>ut</span> <span class='ocrx_word' id='word_1_341' title='bbox 619 3024 756 3085; x_wconf 89' lang='lat' dir='ltr'>operum</span> <span class='ocrx_word' id='word_1_342' title='bbox 782 3003 909 3068; x_wconf 89' lang='lat' dir='ltr'>meritis</span> <span class='ocrx_word' id='word_1_343' title='bbox 936 3002 1088 3068; x_wconf 82' lang='lat' dir='ltr'>videatur</span> <span class='ocrx_word' id='word_1_344' title='bbox 1109 3003 1244 3086; x_wconf 89' lang='lat' dir='ltr'>rependi</span> <span class='ocrx_word' id='word_1_345' title='bbox 1266 3001 1353 3086; x_wconf 91' lang='lat' dir='ltr'>quod</span> <span class='ocrx_word' id='word_1_346' title='bbox 1404 3023 1480 3068; x_wconf 89' lang='lat' dir='ltr'>rum</span> <span class='ocrx_word' id='word_1_347' title='bbox 1500 3003 1618 3068; x_wconf 90' lang='lat' dir='ltr'>merite</span> <span class='ocrx_word' id='word_1_348' title='bbox 1637 3004 1683 3068; x_wconf 89' lang='lat' dir='ltr'>sic</span> <span class='ocrx_word' id='word_1_349' title='bbox 1705 3000 1863 3080; x_wconf 89' lang='lat' dir='ltr'>tribuere,</span> <span class='ocrx_word' id='word_1_350' title='bbox 1890 3010 1929 3066; x_wconf 94' lang='lat' dir='ltr'>ut</span> <span class='ocrx_word' id='word_1_351' title='bbox 1955 3006 2081 3087; x_wconf 91' lang='lat' dir='ltr'>gratiae</span> <span class='ocrx_word' id='word_1_352' title='bbox 2109 3003 2273 3069; x_wconf 90' lang='lat' dir='ltr'>adimatur</span> <span class='ocrx_word' id='word_1_353' title='bbox 2292 3004 2382 3088; x_wconf 89' lang='lat' dir='ltr'>quod</span> 
     </span>
     <span class='ocr_line' id='line_1_27' title="bbox 375 3087 2382 3172; baseline 0 -18"><span class='ocrx_word' id='word_1_354' title='bbox 375 3089 507 3155; x_wconf 84' lang='lat' dir='ltr'>divinae</span> <span class='ocrx_word' id='word_1_355' title='bbox 522 3094 628 3153; x_wconf 91' lang='lat' dir='ltr'>totum</span> <span class='ocrx_word' id='word_1_356' title='bbox 645 3096 696 3153; x_wconf 91' lang='lat' dir='ltr'>est</span> <span class='ocrx_word' id='word_1_357' title='bbox 711 3087 979 3154; x_wconf 82' lang='lat' dir='ltr'>munificentiae?</span> <span class='ocrx_word' id='word_1_358' title='bbox 1022 3089 1089 3155; x_wconf 87' lang='lat' dir='ltr'>Hio</span> <span class='ocrx_word' id='word_1_359' title='bbox 1110 3110 1244 3154; x_wconf 87' lang='lat' dir='ltr'>sensum</span> <span class='ocrx_word' id='word_1_360' title='bbox 1265 3110 1352 3155; x_wconf 92' lang='lat' dir='ltr'>oom-</span> <span class='ocrx_word' id='word_1_361' title='bbox 1405 3089 1478 3154; x_wconf 90' lang='lat' dir='ltr'>aliis</span> <span class='ocrx_word' id='word_1_362' title='bbox 1500 3109 1599 3171; x_wconf 89' lang='lat' dir='ltr'>super</span> <span class='ocrx_word' id='word_1_363' title='bbox 1625 3088 1707 3153; x_wconf 84' lang='lat' dir='ltr'>alias</span> <span class='ocrx_word' id='word_1_364' title='bbox 1732 3087 1848 3172; x_wconf 88' lang='lat' dir='ltr'>gratiis</span> <span class='ocrx_word' id='word_1_365' title='bbox 1870 3110 1891 3153; x_wconf 90' lang='lat' dir='ltr'>a</span> <span class='ocrx_word' id='word_1_366' title='bbox 1911 3088 2055 3153; x_wconf 91' lang='lat' dir='ltr'>Domino</span> <span class='ocrx_word' id='word_1_367' title='bbox 2082 3089 2304 3167; x_wconf 83' lang='lat' dir='ltr'>cumulemur,</span> <span class='ocrx_word' id='word_1_368' title='bbox 2332 3097 2382 3156; x_wconf 92' lang='lat' dir='ltr'>est</span> 
     </span>
     <span class='ocr_line' id='line_1_28' title="bbox 375 3172 2383 3257; baseline -0.001 -16"><span class='ocrx_word' id='word_1_369' title='bbox 375 3196 510 3242; x_wconf 87' lang='lat' dir='ltr'>munem</span> <span class='ocrx_word' id='word_1_370' title='bbox 542 3175 797 3257; x_wconf 89' lang='lat' dir='ltr'>uniuscuiusque</span> <span class='ocrx_word' id='word_1_371' title='bbox 828 3175 963 3257; x_wconf 91' lang='lat' dir='ltr'>appello.</span> <span class='ocrx_word' id='word_1_372' title='bbox 1009 3173 1047 3240; x_wconf 86' lang='lat' dir='ltr'>Si</span> <span class='ocrx_word' id='word_1_373' title='bbox 1078 3175 1117 3253; x_wconf 91' lang='lat' dir='ltr'>is,</span> <span class='ocrx_word' id='word_1_374' title='bbox 1150 3175 1206 3257; x_wconf 91' lang='lat' dir='ltr'>qui</span> <span class='ocrx_word' id='word_1_375' title='bbox 1239 3196 1352 3240; x_wconf 92' lang='lat' dir='ltr'>usum·</span> <span class='ocrx_word' id='word_1_376' title='bbox 1405 3181 1521 3239; x_wconf 90' lang='lat' dir='ltr'>contra</span> <span class='ocrx_word' id='word_1_377' title='bbox 1552 3176 1733 3257; x_wconf 87' lang='lat' dir='ltr'>scripturae</span> <span class='ocrx_word' id='word_1_378' title='bbox 1766 3172 1957 3239; x_wconf 89' lang='lat' dir='ltr'>doctrinam.</span> <span class='ocrx_word' id='word_1_379' title='bbox 2008 3175 2153 3239; x_wconf 73' lang='lat' dir='ltr'>Tametsi</span> <span class='ocrx_word' id='word_1_380' title='bbox 2183 3175 2271 3238; x_wconf 89' lang='lat' dir='ltr'>enim</span> <span class='ocrx_word' id='word_1_381' title='bbox 2303 3174 2383 3240; x_wconf 90' lang='lat' dir='ltr'>dicit</span> 
     </span>
     <span class='ocr_line' id='line_1_29' title="bbox 375 3258 2380 3345; baseline -0.001 -20"><span class='ocrx_word' id='word_1_382' title='bbox 375 3263 521 3326; x_wconf 88' lang='lat' dir='ltr'>fructum</span> <span class='ocrx_word' id='word_1_383' title='bbox 541 3261 578 3324; x_wconf 92' lang='lat' dir='ltr'>in</span> <span class='ocrx_word' id='word_1_384' title='bbox 604 3281 684 3345; x_wconf 88' lang='lat' dir='ltr'>agro</span> <span class='ocrx_word' id='word_1_385' title='bbox 709 3258 821 3325; x_wconf 87' lang='lat' dir='ltr'>aliena</span> <span class='ocrx_word' id='word_1_386' title='bbox 843 3259 1040 3326; x_wconf 82' lang='lat' dir='ltr'>liberalitate</span> <span class='ocrx_word' id='word_1_387' title='bbox 1066 3260 1179 3338; x_wconf 85' lang='lat' dir='ltr'>habet,</span> <span class='ocrx_word' id='word_1_388' title='bbox 1206 3261 1353 3343; x_wconf 89' lang='lat' dir='ltr'>proprie-</span> <span class='ocrx_word' id='word_1_389' title='bbox 1405 3259 1559 3326; x_wconf 80' lang='lat' dir='ltr'>Christus</span> <span class='ocrx_word' id='word_1_390' title='bbox 1586 3260 1721 3345; x_wconf 82' lang='lat' dir='ltr'>(Matth</span> <span class='ocrx_word' id='word_1_391' title='bbox 1742 3263 1793 3338; x_wconf 83' lang='lat'>25,</span> <span class='ocrx_word' id='word_1_392' title='bbox 1816 3263 1854 3323; x_wconf 85' lang='lat'>21</span> <span class='ocrx_word' id='word_1_393' title='bbox 1874 3268 1908 3324; x_wconf 91' lang='lat' dir='ltr'>et</span> <span class='ocrx_word' id='word_1_394' title='bbox 1925 3260 1996 3344; x_wconf 85' lang='lat'>29),</span> <span class='ocrx_word' id='word_1_395' title='bbox 2025 3260 2161 3325; x_wconf 92' lang='lat' dir='ltr'>habenti</span> <span class='ocrx_word' id='word_1_396' title='bbox 2188 3259 2303 3324; x_wconf 91' lang='lat' dir='ltr'>datum</span> <span class='ocrx_word' id='word_1_397' title='bbox 2328 3260 2380 3340; x_wconf 89' lang='lat' dir='ltr'>iri,</span> 
     </span>
     <span class='ocr_line' id='line_1_30' title="bbox 376 3345 2382 3429; baseline 0 -19"><span class='ocrx_word' id='word_1_398' title='bbox 376 3347 454 3411; x_wconf 88' lang='lat' dir='ltr'>tatis</span> <span class='ocrx_word' id='word_1_399' title='bbox 487 3366 614 3429; x_wconf 91' lang='lat' dir='ltr'>queque</span> <span class='ocrx_word' id='word_1_400' title='bbox 645 3346 781 3410; x_wconf 90' lang='lat' dir='ltr'>titulum</span> <span class='ocrx_word' id='word_1_401' title='bbox 804 3345 875 3411; x_wconf 86' lang='lat' dir='ltr'>&#39;sibi</span> <span class='ocrx_word' id='word_1_402' title='bbox 900 3345 1066 3426; x_wconf 85' lang='lat' dir='ltr'>vendicet,</span> <span class='ocrx_word' id='word_1_403' title='bbox 1099 3366 1209 3411; x_wconf 89' lang='lat' dir='ltr'>annon</span> <span class='ocrx_word' id='word_1_404' title='bbox 1243 3347 1354 3412; x_wconf 88' lang='lat' dir='ltr'>huius-</span> <span class='ocrx_word' id='word_1_405' title='bbox 1405 3353 1439 3410; x_wconf 92' lang='lat' dir='ltr'>et</span> <span class='ocrx_word' id='word_1_406' title='bbox 1459 3367 1559 3429; x_wconf 89' lang='lat' dir='ltr'>super</span> <span class='ocrx_word' id='word_1_407' title='bbox 1579 3345 1686 3410; x_wconf 91' lang='lat' dir='ltr'>multa</span> <span class='ocrx_word' id='word_1_408' title='bbox 1712 3346 1928 3411; x_wconf 90' lang='lat' dir='ltr'>constitutum</span> <span class='ocrx_word' id='word_1_409' title='bbox 1954 3348 1996 3410; x_wconf 91' lang='lat' dir='ltr'>iri</span> <span class='ocrx_word' id='word_1_410' title='bbox 2021 3345 2151 3410; x_wconf 88' lang='lat' dir='ltr'>fidelem</span> <span class='ocrx_word' id='word_1_411' title='bbox 2179 3365 2217 3410; x_wconf 89' lang='lat' dir='ltr'>ae</span> <span class='ocrx_word' id='word_1_412' title='bbox 2242 3345 2382 3427; x_wconf 91' lang='lat' dir='ltr'>probum</span> 
     </span>
     <span class='ocr_line' id='line_1_31' title="bbox 377 3429 2394 3516; baseline 0 -20"><span class='ocrx_word' id='word_1_413' title='bbox 377 3431 466 3496; x_wconf 91' lang='lat' dir='ltr'>modi</span> <span class='ocrx_word' id='word_1_414' title='bbox 493 3429 730 3514; x_wconf 82' lang='lat' dir='ltr'>ingratitudine</span> <span class='ocrx_word' id='word_1_415' title='bbox 762 3452 835 3496; x_wconf 91' lang='lat' dir='ltr'>eam</span> <span class='ocrx_word' id='word_1_416' title='bbox 859 3433 966 3514; x_wconf 90' lang='lat' dir='ltr'>ipsam</span> <span class='ocrx_word' id='word_1_417' title='bbox 993 3453 1093 3514; x_wconf 91' lang='lat' dir='ltr'>quam</span> <span class='ocrx_word' id='word_1_418' title='bbox 1119 3433 1250 3498; x_wconf 87' lang='lat' dir='ltr'>tenebat</span> <span class='ocrx_word' id='word_1_419' title='bbox 1277 3453 1352 3514; x_wconf 90' lang='lat' dir='ltr'>pos-</span> <span class='ocrx_word' id='word_1_420' title='bbox 1405 3453 1551 3511; x_wconf 85' lang='lat' dir='ltr'>servum,</span> <span class='ocrx_word' id='word_1_421' title='bbox 1585 3433 1642 3514; x_wconf 90' lang='lat' dir='ltr'>qui</span> <span class='ocrx_word' id='word_1_422' title='bbox 1671 3433 1708 3495; x_wconf 91' lang='lat' dir='ltr'>in</span> <span class='ocrx_word' id='word_1_423' title='bbox 1739 3432 1851 3515; x_wconf 83' lang='lat' dir='ltr'>parvis</span> <span class='ocrx_word' id='word_1_424' title='bbox 1878 3453 1914 3498; x_wconf 89' lang='lat' dir='ltr'>se</span> <span class='ocrx_word' id='word_1_425' title='bbox 1941 3432 2072 3496; x_wconf 92' lang='lat' dir='ltr'>fidelem</span> <span class='ocrx_word' id='word_1_426' title='bbox 2097 3430 2249 3516; x_wconf 82' lang='lat' dir='ltr'>gesserit,</span> <span class='ocrx_word' id='word_1_427' title='bbox 2284 3431 2394 3496; x_wconf 87' lang='lat' dir='ltr'>simul</span> 
     </span>
     <span class='ocr_line' id='line_1_32' title="bbox 377 3513 2381 3600; baseline 0 -17"><span class='ocrx_word' id='word_1_428' title='bbox 377 3520 555 3583; x_wconf 87' lang='lat' dir='ltr'>sessionem</span> <span class='ocrx_word' id='word_1_429' title='bbox 587 3517 737 3582; x_wconf 91' lang='lat' dir='ltr'>amittere</span> <span class='ocrx_word' id='word_1_430' title='bbox 769 3517 935 3582; x_wconf 84' lang='lat' dir='ltr'>meretur?</span> <span class='ocrx_word' id='word_1_431' title='bbox 981 3515 1143 3582; x_wconf 79' lang='lat' dir='ltr'>Similiter</span> <span class='ocrx_word' id='word_1_432' title='bbox 1175 3519 1204 3583; x_wconf 89' lang='lat' dir='ltr'>si</span> <span class='ocrx_word' id='word_1_433' title='bbox 1236 3539 1352 3583; x_wconf 91' lang='lat' dir='ltr'>manu·</span> <span class='ocrx_word' id='word_1_434' title='bbox 1404 3524 1518 3583; x_wconf 73' lang='lat' dir='ltr'>taum</span> <span class='ocrx_word' id='word_1_435' title='bbox 1540 3518 1618 3583; x_wconf 89' lang='lat' dir='ltr'>alibi</span> <span class='ocrx_word' id='word_1_436' title='bbox 1638 3517 1782 3584; x_wconf 86' lang='lat' dir='ltr'>ostendit</span> <span class='ocrx_word' id='word_1_437' title='bbox 1802 3519 2006 3583; x_wconf 88' lang='lat' dir='ltr'>incrementa</span> <span class='ocrx_word' id='word_1_438' title='bbox 2033 3513 2181 3581; x_wconf 87' lang='lat' dir='ltr'>fidelium</span> <span class='ocrx_word' id='word_1_439' title='bbox 2208 3538 2279 3583; x_wconf 88' lang='lat' dir='ltr'>esse</span> <span class='ocrx_word' id='word_1_440' title='bbox 2305 3539 2381 3600; x_wconf 62' lang='lat' dir='ltr'>gra</span> 
     </span>
     <span class='ocr_line' id='line_1_33' title="bbox 376 3600 2381 3688; baseline 0 -20"><span class='ocrx_word' id='word_1_441' title='bbox 376 3605 496 3669; x_wconf 88' lang='lat' dir='ltr'>missus</span> <span class='ocrx_word' id='word_1_442' title='bbox 519 3624 539 3667; x_wconf 92' lang='lat' dir='ltr'>a</span> <span class='ocrx_word' id='word_1_443' title='bbox 560 3600 691 3668; x_wconf 90' lang='lat' dir='ltr'>domine</span> <span class='ocrx_word' id='word_1_444' title='bbox 713 3624 836 3681; x_wconf 84' lang='lat' dir='ltr'>servus,</span> <span class='ocrx_word' id='word_1_445' title='bbox 859 3603 1063 3669; x_wconf 90' lang='lat' dir='ltr'>dissimulata</span> <span class='ocrx_word' id='word_1_446' title='bbox 1083 3604 1255 3669; x_wconf 83' lang='lat' dir='ltr'>libertinae</span> <span class='ocrx_word' id='word_1_447' title='bbox 1277 3624 1353 3668; x_wconf 91' lang='lat' dir='ltr'>con-</span> <span class='ocrx_word' id='word_1_448' title='bbox 1405 3605 1508 3669; x_wconf 90' lang='lat' dir='ltr'>tuitae</span> <span class='ocrx_word' id='word_1_449' title='bbox 1540 3624 1619 3669; x_wconf 87' lang='lat' dir='ltr'>suae</span> <span class='ocrx_word' id='word_1_450' title='bbox 1649 3604 1862 3688; x_wconf 87' lang='lat' dir='ltr'>benignitatis</span> <span class='ocrx_word' id='word_1_451' title='bbox 1893 3624 2039 3668; x_wconf 86' lang='lat' dir='ltr'>munera</span> <span class='ocrx_word' id='word_1_452' title='bbox 2091 3601 2231 3681; x_wconf 91' lang='lat' dir='ltr'>Omnes,</span> <span class='ocrx_word' id='word_1_453' title='bbox 2265 3603 2381 3686; x_wconf 89' lang='lat' dir='ltr'>inquit,</span> 
     </span>
     <span class='ocr_line' id='line_1_34' title="bbox 376 3688 2384 3774; baseline 0 -21"><span class='ocrx_word' id='word_1_454' title='bbox 376 3689 509 3754; x_wconf 87' lang='lat' dir='ltr'>ditionis</span> <span class='ocrx_word' id='word_1_455' title='bbox 531 3689 731 3767; x_wconf 88' lang='lat' dir='ltr'>humilitate,</span> <span class='ocrx_word' id='word_1_456' title='bbox 754 3710 813 3772; x_wconf 91' lang='lat' dir='ltr'>pro</span> <span class='ocrx_word' id='word_1_457' title='bbox 833 3690 980 3773; x_wconf 90' lang='lat' dir='ltr'>ingenuo</span> <span class='ocrx_word' id='word_1_458' title='bbox 1002 3711 1037 3754; x_wconf 89' lang='lat' dir='ltr'>se</span> <span class='ocrx_word' id='word_1_459' title='bbox 1058 3688 1220 3767; x_wconf 84' lang='lat' dir='ltr'>venditet,</span> <span class='ocrx_word' id='word_1_460' title='bbox 1243 3710 1354 3754; x_wconf 88' lang='lat' dir='ltr'>aunon</span> <span class='ocrx_word' id='word_1_461' title='bbox 1406 3689 1555 3755; x_wconf 87' lang='lat' dir='ltr'>sitientes</span> <span class='ocrx_word' id='word_1_462' title='bbox 1581 3691 1692 3754; x_wconf 83' lang='lat' dir='ltr'>venite</span> <span class='ocrx_word' id='word_1_463' title='bbox 1719 3689 1761 3755; x_wconf 90' lang='lat' dir='ltr'>ad</span> <span class='ocrx_word' id='word_1_464' title='bbox 1788 3709 1888 3771; x_wconf 86' lang='lat' dir='ltr'>aquas</span> <span class='ocrx_word' id='word_1_465' title='bbox 1910 3690 1987 3774; x_wconf 88' lang='lat' dir='ltr'>(les.</span> <span class='ocrx_word' id='word_1_466' title='bbox 2014 3694 2064 3767; x_wconf 79' lang='lat'>55,</span> <span class='ocrx_word' id='word_1_467' title='bbox 2092 3690 2141 3771; x_wconf 90' lang='lat'>1),</span> <span class='ocrx_word' id='word_1_468' title='bbox 2170 3695 2204 3752; x_wconf 87' lang='lat' dir='ltr'>et</span> <span class='ocrx_word' id='word_1_469' title='bbox 2230 3689 2288 3771; x_wconf 92' lang='lat' dir='ltr'>qui</span> <span class='ocrx_word' id='word_1_470' title='bbox 2314 3709 2384 3754; x_wconf 88' lang='lat' dir='ltr'>neu</span> 
     </span>
     <span class='ocr_line' id='line_1_35' title="bbox 378 3773 2384 3859; baseline -0 -20"><span class='ocrx_word' id='word_1_471' title='bbox 378 3775 498 3858; x_wconf 88' lang='lat' dir='ltr'>dignus</span> <span class='ocrx_word' id='word_1_472' title='bbox 520 3781 571 3839; x_wconf 91' lang='lat' dir='ltr'>est</span> <span class='ocrx_word' id='word_1_473' title='bbox 597 3775 654 3857; x_wconf 93' lang='lat' dir='ltr'>qui</span> <span class='ocrx_word' id='word_1_474' title='bbox 680 3775 717 3837; x_wconf 92' lang='lat' dir='ltr'>in</span> <span class='ocrx_word' id='word_1_475' title='bbox 743 3775 916 3857; x_wconf 89' lang='lat' dir='ltr'>pristinam</span> <span class='ocrx_word' id='word_1_476' title='bbox 942 3773 1111 3858; x_wconf 82' lang='lat' dir='ltr'>redigatur</span> <span class='ocrx_word' id='word_1_477' title='bbox 1136 3774 1351 3841; x_wconf 77' lang='lat' dir='ltr'>servitutem?</span> <span class='ocrx_word' id='word_1_478' title='bbox 1406 3775 1535 3840; x_wconf 87' lang='lat' dir='ltr'>habetis</span> <span class='ocrx_word' id='word_1_479' title='bbox 1556 3783 1743 3859; x_wconf 90' lang='lat' dir='ltr'>argentum,</span> <span class='ocrx_word' id='word_1_480' title='bbox 1773 3775 1899 3853; x_wconf 85' lang='lat' dir='ltr'>venite,</span> <span class='ocrx_word' id='word_1_481' title='bbox 1929 3776 2026 3839; x_wconf 90' lang='lat' dir='ltr'>emite</span> <span class='ocrx_word' id='word_1_482' title='bbox 2049 3774 2170 3857; x_wconf 91' lang='lat' dir='ltr'>absque</span> <span class='ocrx_word' id='word_1_483' title='bbox 2193 3781 2328 3857; x_wconf 89' lang='lat' dir='ltr'>argento</span> <span class='ocrx_word' id='word_1_484' title='bbox 2350 3782 2384 3839; x_wconf 91' lang='lat' dir='ltr'>ct</span> 
     </span>
     <span class='ocr_line' id='line_1_36' title="bbox 377 3857 2384 3944; baseline 0 -21"><span class='ocrx_word' id='word_1_485' title='bbox 377 3860 442 3924; x_wconf 91' lang='lat' dir='ltr'>Hic</span> <span class='ocrx_word' id='word_1_486' title='bbox 476 3859 565 3924; x_wconf 92' lang='lat' dir='ltr'>enim</span> <span class='ocrx_word' id='word_1_487' title='bbox 596 3859 763 3942; x_wconf 86' lang='lat' dir='ltr'>legitimus</span> <span class='ocrx_word' id='word_1_488' title='bbox 798 3860 931 3925; x_wconf 89' lang='lat' dir='ltr'>demum</span> <span class='ocrx_word' id='word_1_489' title='bbox 963 3868 1013 3926; x_wconf 89' lang='lat' dir='ltr'>est</span> <span class='ocrx_word' id='word_1_490' title='bbox 1043 3860 1173 3926; x_wconf 87' lang='lat' dir='ltr'>fruendi</span> <span class='ocrx_word' id='word_1_491' title='bbox 1204 3861 1354 3927; x_wconf 74' lang='lat' dir='ltr'>benefitii</span> <span class='ocrx_word' id='word_1_492' title='bbox 1406 3861 1528 3944; x_wconf 88' lang='lat' dir='ltr'>absque</span> <span class='ocrx_word' id='word_1_493' title='bbox 1549 3861 1618 3924; x_wconf 88' lang='lat' dir='ltr'>ulla</span> <span class='ocrx_word' id='word_1_494' title='bbox 1638 3861 1892 3927; x_wconf 89' lang='lat' dir='ltr'>commutatione</span> <span class='ocrx_word' id='word_1_495' title='bbox 1913 3861 2029 3926; x_wconf 82' lang='lat' dir='ltr'>vinum</span> <span class='ocrx_word' id='word_1_496' title='bbox 2050 3867 2084 3925; x_wconf 91' lang='lat' dir='ltr'>et</span> <span class='ocrx_word' id='word_1_497' title='bbox 2104 3860 2164 3924; x_wconf 89' lang='lat' dir='ltr'>lac.</span> <span class='ocrx_word' id='word_1_498' title='bbox 2216 3857 2384 3942; x_wconf 78' lang='lat' dir='ltr'>Quidquid</span> 
     </span>
     <span class='ocr_line' id='line_1_37' title="bbox 377 3945 2383 4030; baseline 0.001 -22"><span class='ocrx_word' id='word_1_499' title='bbox 377 3966 466 4023; x_wconf 90' lang='lat' dir='ltr'>usus,</span> <span class='ocrx_word' id='word_1_500' title='bbox 490 3946 519 4009; x_wconf 88' lang='lat' dir='ltr'>si</span> <span class='ocrx_word' id='word_1_501' title='bbox 539 3966 599 4010; x_wconf 90' lang='lat' dir='ltr'>nee</span> <span class='ocrx_word' id='word_1_502' title='bbox 620 3945 696 4028; x_wconf 91' lang='lat' dir='ltr'>plus</span> <span class='ocrx_word' id='word_1_503' title='bbox 717 3966 792 4010; x_wconf 89' lang='lat' dir='ltr'>arro</span> <span class='ocrx_word' id='word_1_504' title='bbox 835 3966 910 4011; x_wconf 86' lang='lat' dir='ltr'>mus</span> <span class='ocrx_word' id='word_1_505' title='bbox 930 3945 1025 4011; x_wconf 83' lang='lat' dir='ltr'>nebia</span> <span class='ocrx_word' id='word_1_506' title='bbox 1046 3968 1145 4029; x_wconf 89' lang='lat' dir='ltr'>quam</span> <span class='ocrx_word' id='word_1_507' title='bbox 1162 3946 1277 4011; x_wconf 87' lang='lat' dir='ltr'>datum</span> <span class='ocrx_word' id='word_1_508' title='bbox 1293 3953 1352 4026; x_wconf 89' lang='lat' dir='ltr'>est,</span> <span class='ocrx_word' id='word_1_509' title='bbox 1406 3968 1485 4030; x_wconf 89' lang='lat' dir='ltr'>ergo</span> <span class='ocrx_word' id='word_1_510' title='bbox 1513 3967 1602 4012; x_wconf 92' lang='lat' dir='ltr'>nuno</span> <span class='ocrx_word' id='word_1_511' title='bbox 1630 3947 1667 4010; x_wconf 90' lang='lat' dir='ltr'>in</span> <span class='ocrx_word' id='word_1_512' title='bbox 1699 3945 1815 4011; x_wconf 84' lang='lat' dir='ltr'>salutis</span> <span class='ocrx_word' id='word_1_513' title='bbox 1846 3945 2081 4012; x_wconf 89' lang='lat' dir='ltr'>adminiculum</span> <span class='ocrx_word' id='word_1_514' title='bbox 2113 3945 2177 4028; x_wconf 91' lang='lat' dir='ltr'>piis</span> <span class='ocrx_word' id='word_1_515' title='bbox 2208 3946 2383 4025; x_wconf 88' lang='lat' dir='ltr'>confertur,</span> 
     </span>
     <span class='ocr_line' id='line_1_38' title="bbox 376 4029 2383 4116; baseline 0.001 -22"><span class='ocrx_word' id='word_1_516' title='bbox 376 4050 437 4096; x_wconf 90' lang='lat' dir='ltr'>nee</span> <span class='ocrx_word' id='word_1_517' title='bbox 460 4029 536 4095; x_wconf 91' lang='lat' dir='ltr'>boni</span> <span class='ocrx_word' id='word_1_518' title='bbox 554 4039 701 4096; x_wconf 79' lang='lat' dir='ltr'>autorem</span> <span class='ocrx_word' id='word_1_519' title='bbox 719 4053 779 4096; x_wconf 90' lang='lat' dir='ltr'>sua</span> <span class='ocrx_word' id='word_1_520' title='bbox 832 4031 896 4096; x_wconf 90' lang='lat' dir='ltr'>ude</span> <span class='ocrx_word' id='word_1_521' title='bbox 917 4031 1122 4111; x_wconf 84' lang='lat' dir='ltr'>fraudamus;</span> <span class='ocrx_word' id='word_1_522' title='bbox 1144 4033 1224 4115; x_wconf 92' lang='lat' dir='ltr'>quin</span> <span class='ocrx_word' id='word_1_523' title='bbox 1245 4033 1354 4116; x_wconf 91' lang='lat' dir='ltr'>potius</span> <span class='ocrx_word' id='word_1_524' title='bbox 1407 4042 1480 4096; x_wconf 92' lang='lat' dir='ltr'>tum</span> <span class='ocrx_word' id='word_1_525' title='bbox 1514 4034 1586 4115; x_wconf 90' lang='lat' dir='ltr'>ipsa</span> <span class='ocrx_word' id='word_1_526' title='bbox 1620 4030 1801 4110; x_wconf 90' lang='lat' dir='ltr'>beatitudo,</span> <span class='ocrx_word' id='word_1_527' title='bbox 1841 4052 1932 4097; x_wconf 88' lang='lat' dir='ltr'>mera</span> <span class='ocrx_word' id='word_1_528' title='bbox 1972 4038 2022 4097; x_wconf 91' lang='lat' dir='ltr'>est</span> <span class='ocrx_word' id='word_1_529' title='bbox 2055 4032 2121 4096; x_wconf 92' lang='lat' dir='ltr'>Dei</span> <span class='ocrx_word' id='word_1_530' title='bbox 2159 4031 2383 4097; x_wconf 82' lang='lat' dir='ltr'>beneficentia</span> 
     </span>
    </p>
   </div>
   <div class='ocr_carea' id='block_1_3' title="bbox 376 4115 2519 4200">
    <p class='ocr_par' dir='ltr' id='par_1_3' title="bbox 376 4115 2519 4200">
     <span class='ocr_line' id='line_1_39' title="bbox 376 4115 2519 4200; baseline -0 -19"><span class='ocrx_word' id='word_1_531' title='bbox 376 4118 424 4182; x_wconf 89' lang='lat' dir='ltr'>sic</span> <span class='ocrx_word' id='word_1_532' title='bbox 445 4137 505 4182; x_wconf 91' lang='lat' dir='ltr'>nos</span> <span class='ocrx_word' id='word_1_533' title='bbox 525 4119 670 4200; x_wconf 69' lang='lat' dir='ltr'>gerim</span> <span class='ocrx_word' id='word_1_534' title='bbox 686 4123 727 4181; x_wconf 89' lang='lat' dir='ltr'>ut</span> <span class='ocrx_word' id='word_1_535' title='bbox 744 4116 888 4182; x_wconf 83' lang='lat' dir='ltr'>residere</span> <span class='ocrx_word' id='word_1_536' title='bbox 909 4115 1146 4198; x_wconf 86' lang='lat' dir='ltr'>quodammodo</span> <span class='ocrx_word' id='word_1_537' title='bbox 1169 4117 1258 4200; x_wconf 88' lang='lat' dir='ltr'>apud</span> <span class='ocrx_word' id='word_1_538' title='bbox 1277 4139 1354 4183; x_wconf 90' lang='lat' dir='ltr'>eum</span> <span class='ocrx_word' id='word_1_539' title='bbox 1407 4119 1534 4182; x_wconf 72' lang='lat' dir='ltr'>Tamen</span> <span class='ocrx_word' id='word_1_540' title='bbox 1556 4124 1589 4181; x_wconf 91' lang='lat' dir='ltr'>et</span> <span class='ocrx_word' id='word_1_541' title='bbox 1609 4116 1645 4180; x_wconf 93' lang='lat' dir='ltr'>in</span> <span class='ocrx_word' id='word_1_542' title='bbox 1665 4117 1784 4182; x_wconf 71' lang='lat' dir='ltr'>hao‘et</span> <span class='ocrx_word' id='word_1_543' title='bbox 1803 4116 1869 4182; x_wconf 78' lang='lat' dir='ltr'>illis</span> <span class='ocrx_word' id='word_1_544' title='bbox 1890 4124 2029 4183; x_wconf 91' lang='lat' dir='ltr'>testatur</span> <span class='ocrx_word' id='word_1_545' title='bbox 2051 4138 2087 4183; x_wconf 89' lang='lat' dir='ltr'>se</span> <span class='ocrx_word' id='word_1_546' title='bbox 2107 4137 2243 4199; x_wconf 86' lang='lat' dir='ltr'>eperum</span> <span class='ocrx_word' id='word_1_547' title='bbox 2263 4117 2384 4182; x_wconf 84' lang='lat' dir='ltr'>habere</span> <span class='ocrx_word' id='word_1_548' title='bbox 2510 4129 2519 4139; x_wconf 87' lang='grc'><em>·</em></span> 
     </span>
    </p>
   </div>
   <div class='ocr_carea' id='block_1_4' title="bbox 377 4201 2384 4372">
    <p class='ocr_par' dir='ltr' id='par_1_4' title="bbox 377 4201 2384 4372">
     <span class='ocr_line' id='line_1_40' title="bbox 377 4201 2384 4287; baseline -0 -20"><span class='ocrx_word' id='word_1_549' title='bbox 377 4202 528 4268; x_wconf 88' lang='lat' dir='ltr'>videatur</span> <span class='ocrx_word' id='word_1_550' title='bbox 560 4202 646 4284; x_wconf 91' lang='lat' dir='ltr'>quod</span> <span class='ocrx_word' id='word_1_551' title='bbox 677 4203 713 4267; x_wconf 94' lang='lat' dir='ltr'>in</span> <span class='ocrx_word' id='word_1_552' title='bbox 745 4223 805 4267; x_wconf 89' lang='lat' dir='ltr'>nos</span> <span class='ocrx_word' id='word_1_553' title='bbox 832 4202 1011 4267; x_wconf 83' lang='lat' dir='ltr'>transtulit</span> <span class='ocrx_word' id='word_1_554' title='bbox 1054 4202 1148 4269; x_wconf 88' lang='lat' dir='ltr'>Haec</span> <span class='ocrx_word' id='word_1_555' title='bbox 1176 4202 1354 4268; x_wconf 87' lang='lat' dir='ltr'>moderatio</span> <span class='ocrx_word' id='word_1_556' title='bbox 1406 4203 1584 4280; x_wconf 87' lang='lat' dir='ltr'>rationem,</span> <span class='ocrx_word' id='word_1_557' title='bbox 1616 4204 1693 4285; x_wconf 87' lang='lat' dir='ltr'>quia</span> <span class='ocrx_word' id='word_1_558' title='bbox 1724 4201 1767 4268; x_wconf 86' lang='lat' dir='ltr'>ad</span> <span class='ocrx_word' id='word_1_559' title='bbox 1796 4202 1981 4268; x_wconf 85' lang='lat' dir='ltr'>testandam</span> <span class='ocrx_word' id='word_1_560' title='bbox 2008 4224 2088 4287; x_wconf 89' lang='lat' dir='ltr'>erga</span> <span class='ocrx_word' id='word_1_561' title='bbox 2114 4223 2174 4267; x_wconf 90' lang='lat' dir='ltr'>nos</span> <span class='ocrx_word' id='word_1_562' title='bbox 2203 4201 2384 4267; x_wconf 87' lang='lat' dir='ltr'>dilectionis</span> 
     </span>
     <span class='ocr_line' id='line_1_41' title="bbox 377 4286 2384 4372; baseline -0.001 -20"><span class='ocrx_word' id='word_1_563' title='bbox 377 4289 405 4352; x_wconf 91' lang='lat' dir='ltr'>si</span> <span class='ocrx_word' id='word_1_564' title='bbox 428 4309 506 4372; x_wconf 89' lang='lat' dir='ltr'>erga</span> <span class='ocrx_word' id='word_1_565' title='bbox 527 4289 677 4353; x_wconf 90' lang='lat' dir='ltr'>homines</span> <span class='ocrx_word' id='word_1_566' title='bbox 698 4286 896 4370; x_wconf 85' lang='lat' dir='ltr'>praestanda</span> <span class='ocrx_word' id='word_1_567' title='bbox 917 4294 981 4365; x_wconf 86' lang='lat' dir='ltr'>est,</span> <span class='ocrx_word' id='word_1_568' title='bbox 1010 4287 1144 4353; x_wconf 84' lang='lat' dir='ltr'>videant</span> <span class='ocrx_word' id='word_1_569' title='bbox 1172 4288 1294 4372; x_wconf 85' lang='lat' dir='ltr'>singuli</span> <span class='ocrx_word' id='word_1_570' title='bbox 1321 4295 1355 4353; x_wconf 92' lang='lat' dir='ltr'>et</span> <span class='ocrx_word' id='word_1_571' title='bbox 1407 4309 1486 4354; x_wconf 90' lang='lat' dir='ltr'>suae</span> <span class='ocrx_word' id='word_1_572' title='bbox 1507 4288 1786 4371; x_wconf 86' lang='lat' dir='ltr'>magnitudinem,</span> <span class='ocrx_word' id='word_1_573' title='bbox 1808 4309 1875 4353; x_wconf 89' lang='lat' dir='ltr'>non</span> <span class='ocrx_word' id='word_1_574' title='bbox 1897 4287 1992 4354; x_wconf 89' lang='lat' dir='ltr'>modo</span> <span class='ocrx_word' id='word_1_575' title='bbox 2013 4310 2082 4368; x_wconf 92' lang='lat' dir='ltr'>nos,</span> <span class='ocrx_word' id='word_1_576' title='bbox 2106 4287 2163 4352; x_wconf 87' lang='lat' dir='ltr'>sed</span> <span class='ocrx_word' id='word_1_577' title='bbox 2185 4307 2268 4369; x_wconf 87' lang='lat' dir='ltr'>quae</span> <span class='ocrx_word' id='word_1_578' title='bbox 2289 4286 2384 4351; x_wconf 90' lang='lat' dir='ltr'>nobis</span> 
     </span>
    </p>
   </div>
   <div class='ocr_carea' id='block_1_5' title="bbox 252 4373 2135 4459">
    <p class='ocr_par' dir='ltr' id='par_1_5' title="bbox 252 4373 2135 4459">
     <span class='ocr_line' id='line_1_42' title="bbox 252 4373 2135 4459; baseline -0.001 -21"><span class='ocrx_word' id='word_1_579' title='bbox 252 4407 263 4419; x_wconf 42' lang='grc' dir='ltr'><em>α</em></span> <span class='ocrx_word' id='word_1_580' title='bbox 376 4382 531 4457; x_wconf 88' lang='lat' dir='ltr'>reputent</span> <span class='ocrx_word' id='word_1_581' title='bbox 555 4373 661 4457; x_wconf 89' lang='lat' dir='ltr'>qualis</span> <span class='ocrx_word' id='word_1_582' title='bbox 682 4375 755 4439; x_wconf 93' lang='lat' dir='ltr'>Deo</span> <span class='ocrx_word' id='word_1_583' title='bbox 777 4373 941 4438; x_wconf 86' lang='lat' dir='ltr'>debeatur.</span> <span class='ocrx_word' id='word_1_584' title='bbox 1406 4374 1547 4458; x_wconf 90' lang='lat' dir='ltr'>largitus</span> <span class='ocrx_word' id='word_1_585' title='bbox 1568 4380 1619 4439; x_wconf 90' lang='lat' dir='ltr'>est</span> <span class='ocrx_word' id='word_1_586' title='bbox 1638 4373 1725 4439; x_wconf 91' lang='lat' dir='ltr'>dona</span> <span class='ocrx_word' id='word_1_587' title='bbox 1744 4373 1806 4438; x_wconf 85' lang='lat' dir='ltr'>tali</span> <span class='ocrx_word' id='word_1_588' title='bbox 1827 4374 1951 4439; x_wconf 90' lang='lat' dir='ltr'>honore</span> <span class='ocrx_word' id='word_1_589' title='bbox 1973 4374 2135 4459; x_wconf 74' lang='lat' dir='ltr'>dignatur.</span> 
     </span>
    </p>
   </div>
   <div class='ocr_carea' id='block_1_6' title="bbox 377 4452 2428 5746">
    <p class='ocr_par' dir='ltr' id='par_1_6' title="bbox 377 4452 2428 5743">
     <span class='ocr_line' id='line_1_43' title="bbox 464 4452 2383 4544; baseline -0.003 -21"><span class='ocrx_word' id='word_1_590' title='bbox 464 4466 492 4524; x_wconf 82' lang='lat'>4.</span> <span class='ocrx_word' id='word_1_591' title='bbox 538 4458 615 4525; x_wconf 81' lang='lat' dir='ltr'>Seio</span> <span class='ocrx_word' id='word_1_592' title='bbox 637 4460 800 4544; x_wconf 87' lang='lat' dir='ltr'>sophistas</span> <span class='ocrx_word' id='word_1_593' title='bbox 822 4458 913 4524; x_wconf 92' lang='lat' dir='ltr'>abuti</span> <span class='ocrx_word' id='word_1_594' title='bbox 932 4458 1011 4524; x_wconf 88' lang='lat' dir='ltr'>locis</span> <span class='ocrx_word' id='word_1_595' title='bbox 1033 4458 1242 4542; x_wconf 90' lang='lat' dir='ltr'>quibusdam,</span> <span class='ocrx_word' id='word_1_596' title='bbox 1265 4459 1354 4525; x_wconf 90' lang='lat' dir='ltr'>unde</span> <span class='ocrx_word' id='word_1_597' title='bbox 1494 4465 1523 4525; x_wconf 84' lang='lat'>5.</span> <span class='ocrx_word' id='word_1_598' title='bbox 1556 4460 1650 4526; x_wconf 86' lang='lat' dir='ltr'>Haeo</span> <span class='ocrx_word' id='word_1_599' title='bbox 1671 4460 1709 4540; x_wconf 91' lang='lat' dir='ltr'>si,</span> <span class='ocrx_word' id='word_1_600' title='bbox 1731 4480 1795 4543; x_wconf 92' lang='lat' dir='ltr'>quo</span> <span class='ocrx_word' id='word_1_601' title='bbox 1816 4468 2005 4542; x_wconf 89' lang='lat' dir='ltr'>oportuerat</span> <span class='ocrx_word' id='word_1_602' title='bbox 2026 4459 2148 4534; x_wconf 92' lang='lat' dir='ltr'>ordine,</span> <span class='ocrx_word' id='word_1_603' title='bbox 2171 4461 2312 4519; x_wconf 88' lang='lat' dir='ltr'>tractata</span> <span class='ocrx_word' id='word_1_604' title='bbox 2334 4452 2383 4519; x_wconf 90' lang='lat' dir='ltr'>di-</span> 
     </span>
     <span class='ocr_line' id='line_1_44' title="bbox 378 4544 2383 4630; baseline -0.001 -23"><span class='ocrx_word' id='word_1_605' title='bbox 378 4546 516 4625; x_wconf 90' lang='lat' dir='ltr'>probent</span> <span class='ocrx_word' id='word_1_606' title='bbox 536 4546 646 4611; x_wconf 90' lang='lat' dir='ltr'>meriti</span> <span class='ocrx_word' id='word_1_607' title='bbox 667 4566 789 4610; x_wconf 92' lang='lat' dir='ltr'>nomen</span> <span class='ocrx_word' id='word_1_608' title='bbox 810 4566 889 4630; x_wconf 90' lang='lat' dir='ltr'>erga</span> <span class='ocrx_word' id='word_1_609' title='bbox 909 4544 1020 4610; x_wconf 90' lang='lat' dir='ltr'>Deum</span> <span class='ocrx_word' id='word_1_610' title='bbox 1040 4547 1077 4608; x_wconf 92' lang='lat' dir='ltr'>in</span> <span class='ocrx_word' id='word_1_611' title='bbox 1104 4545 1276 4626; x_wconf 89' lang='lat' dir='ltr'>scripturis</span> <span class='ocrx_word' id='word_1_612' title='bbox 1302 4567 1354 4610; x_wconf 91' lang='lat' dir='ltr'>re-</span> <span class='ocrx_word' id='word_1_613' title='bbox 1406 4552 1562 4630; x_wconf 81' lang='lat' dir='ltr'>gestaque</span> <span class='ocrx_word' id='word_1_614' title='bbox 1583 4553 1693 4612; x_wconf 90' lang='lat' dir='ltr'>cssent</span> <span class='ocrx_word' id='word_1_615' title='bbox 1714 4546 1871 4611; x_wconf 84' lang='lat' dir='ltr'>anteactis</span> <span class='ocrx_word' id='word_1_616' title='bbox 1893 4545 2039 4622; x_wconf 86' lang='lat' dir='ltr'>saeculis,</span> <span class='ocrx_word' id='word_1_617' title='bbox 2064 4562 2232 4625; x_wconf 91' lang='lat' dir='ltr'>nunquam</span> <span class='ocrx_word' id='word_1_618' title='bbox 2254 4546 2383 4605; x_wconf 87' lang='lat' dir='ltr'>tantum</span> 
     </span>
     <span class='ocr_line' id='line_1_45' title="bbox 377 4624 2378 4714; baseline -0.001 -22"><span class='ocrx_word' id='word_1_619' title='bbox 377 4630 487 4712; x_wconf 88' lang='lat' dir='ltr'>periri.</span> <span class='ocrx_word' id='word_1_620' title='bbox 532 4631 646 4696; x_wconf 79' lang='lat' dir='ltr'>(litant</span> <span class='ocrx_word' id='word_1_621' title='bbox 667 4653 709 4697; x_wconf 81' lang='lat' dir='ltr'>er</span> <span class='ocrx_word' id='word_1_622' title='bbox 725 4631 956 4697; x_wconf 83' lang='lat' dir='ltr'>Ecclesiastico</span> <span class='ocrx_word' id='word_1_623' title='bbox 974 4630 1041 4714; x_wconf 85' lang='grc'><strong>(16,</strong></span> <span class='ocrx_word' id='word_1_624' title='bbox 1063 4629 1117 4714; x_wconf 86' lang='grc'>14)</span> <span class='ocrx_word' id='word_1_625' title='bbox 1140 4631 1353 4696; x_wconf 91' lang='lat' dir='ltr'>sententiam:</span> <span class='ocrx_word' id='word_1_626' title='bbox 1405 4631 1577 4698; x_wconf 88' lang='lat' dir='ltr'>turbarum</span> <span class='ocrx_word' id='word_1_627' title='bbox 1606 4652 1644 4696; x_wconf 89' lang='lat' dir='ltr'>ao</span> <span class='ocrx_word' id='word_1_628' title='bbox 1669 4631 1910 4697; x_wconf 89' lang='lat' dir='ltr'>dissensionum</span> <span class='ocrx_word' id='word_1_629' title='bbox 1931 4638 2039 4695; x_wconf 89' lang='lat' dir='ltr'>ortum</span> <span class='ocrx_word' id='word_1_630' title='bbox 2061 4634 2155 4692; x_wconf 88' lang='lat' dir='ltr'>esset</span> <span class='ocrx_word' id='word_1_631' title='bbox 2199 4625 2324 4690; x_wconf 91' lang='lat' dir='ltr'>Paulus</span> <span class='ocrx_word' id='word_1_632' title='bbox 2346 4624 2378 4706; x_wconf 91' lang='lat'>(1</span> 
     </span>
     <span class='ocr_line' id='line_1_46' title="bbox 378 4711 2383 4801; baseline -0 -23"><span class='ocrx_word' id='word_1_633' title='bbox 378 4713 599 4781; x_wconf 86' lang='lat' dir='ltr'>misericordia</span> <span class='ocrx_word' id='word_1_634' title='bbox 619 4717 718 4782; x_wconf 86' lang='lat' dir='ltr'>faciet</span> <span class='ocrx_word' id='word_1_635' title='bbox 733 4717 842 4783; x_wconf 90' lang='lat' dir='ltr'>locum</span> <span class='ocrx_word' id='word_1_636' title='bbox 861 4717 1036 4799; x_wconf 89' lang='lat' dir='ltr'>unicuique</span> <span class='ocrx_word' id='word_1_637' title='bbox 1056 4714 1236 4782; x_wconf 92' lang='lat' dir='ltr'>secundum</span> <span class='ocrx_word' id='word_1_638' title='bbox 1254 4718 1354 4782; x_wconf 88' lang='lat' dir='ltr'>meri·</span> <span class='ocrx_word' id='word_1_639' title='bbox 1407 4717 1482 4784; x_wconf 79' lang='lat' dir='ltr'>(lor.</span> <span class='ocrx_word' id='word_1_640' title='bbox 1503 4721 1531 4797; x_wconf 87' lang='lat'>3,</span> <span class='ocrx_word' id='word_1_641' title='bbox 1558 4715 1612 4801; x_wconf 90' lang='lat'>11)</span> <span class='ocrx_word' id='word_1_642' title='bbox 1634 4719 1681 4783; x_wconf 88' lang='lat' dir='ltr'>ait</span> <span class='ocrx_word' id='word_1_643' title='bbox 1701 4719 1737 4783; x_wconf 91' lang='lat' dir='ltr'>in</span> <span class='ocrx_word' id='word_1_644' title='bbox 1757 4718 1975 4798; x_wconf 82' lang='lat' dir='ltr'>architectura</span> <span class='ocrx_word' id='word_1_645' title='bbox 1996 4714 2194 4780; x_wconf 87' lang='lat' dir='ltr'>christianae</span> <span class='ocrx_word' id='word_1_646' title='bbox 2216 4711 2383 4777; x_wconf 88' lang='lat' dir='ltr'>doctrinae</span> 
     </span>
     <span class='ocr_line' id='line_1_47' title="bbox 378 4797 2383 4887; baseline 0 -26"><span class='ocrx_word' id='word_1_647' title='bbox 378 4807 449 4863; x_wconf 91' lang='lat' dir='ltr'>tum</span> <span class='ocrx_word' id='word_1_648' title='bbox 479 4819 614 4881; x_wconf 91' lang='lat' dir='ltr'>operum</span> <span class='ocrx_word' id='word_1_649' title='bbox 641 4823 785 4868; x_wconf 86' lang='lat' dir='ltr'>suorum.</span> <span class='ocrx_word' id='word_1_650' title='bbox 829 4804 884 4867; x_wconf 81' lang='lat' dir='ltr'>Ex</span> <span class='ocrx_word' id='word_1_651' title='bbox 910 4803 1049 4886; x_wconf 88' lang='lat' dir='ltr'>epistola</span> <span class='ocrx_word' id='word_1_652' title='bbox 1074 4809 1186 4867; x_wconf 87' lang='lat' dir='ltr'>autem</span> <span class='ocrx_word' id='word_1_653' title='bbox 1214 4802 1256 4867; x_wconf 90' lang='lat' dir='ltr'>ad</span> <span class='ocrx_word' id='word_1_654' title='bbox 1282 4802 1353 4868; x_wconf 87' lang='lat' dir='ltr'>He·</span> <span class='ocrx_word' id='word_1_655' title='bbox 1405 4803 1615 4869; x_wconf 88' lang='lat' dir='ltr'>retinendum</span> <span class='ocrx_word' id='word_1_656' title='bbox 1642 4826 1713 4870; x_wconf 88' lang='lat' dir='ltr'>esse</span> <span class='ocrx_word' id='word_1_657' title='bbox 1739 4804 1826 4887; x_wconf 92' lang='lat' dir='ltr'>quod</span> <span class='ocrx_word' id='word_1_658' title='bbox 1854 4807 2007 4886; x_wconf 87' lang='lat' dir='ltr'>posuerat</span> <span class='ocrx_word' id='word_1_659' title='bbox 2033 4800 2103 4881; x_wconf 87' lang='lat' dir='ltr'>ipse</span> <span class='ocrx_word' id='word_1_660' title='bbox 2131 4797 2383 4862; x_wconf 77' lang='lat' dir='ltr'>fundamentum</span> 
     </span>
     <span class='ocr_line' id='line_1_48' title="bbox 378 4883 2383 4973; baseline 0 -24"><span class='ocrx_word' id='word_1_661' title='bbox 378 4885 493 4949; x_wconf 86' lang='lat' dir='ltr'>braecs</span> <span class='ocrx_word' id='word_1_662' title='bbox 511 4885 576 4967; x_wconf 88' lang='lat'>(13,</span> <span class='ocrx_word' id='word_1_663' title='bbox 597 4891 624 4949; x_wconf 89' lang='lat'>2.</span> <span class='ocrx_word' id='word_1_664' title='bbox 647 4889 715 4971; x_wconf 84' lang='lat'>16):</span> <span class='ocrx_word' id='word_1_665' title='bbox 741 4889 975 4955; x_wconf 89' lang='lat' dir='ltr'>beneficentiae</span> <span class='ocrx_word' id='word_1_666' title='bbox 997 4898 1031 4955; x_wconf 89' lang='lat' dir='ltr'>et</span> <span class='ocrx_word' id='word_1_667' title='bbox 1052 4889 1353 4955; x_wconf 87' lang='lat' dir='ltr'>communicationis</span> <span class='ocrx_word' id='word_1_668' title='bbox 1406 4889 1493 4973; x_wconf 91' lang='lat' dir='ltr'>apud</span> <span class='ocrx_word' id='word_1_669' title='bbox 1522 4889 1723 4969; x_wconf 84' lang='lat' dir='ltr'>Corinthios,</span> <span class='ocrx_word' id='word_1_670' title='bbox 1755 4896 1886 4973; x_wconf 89' lang='lat' dir='ltr'>praeter</span> <span class='ocrx_word' id='word_1_671' title='bbox 1917 4885 2004 4969; x_wconf 89' lang='lat' dir='ltr'>quod</span> <span class='ocrx_word' id='word_1_672' title='bbox 2031 4883 2161 4949; x_wconf 91' lang='lat' dir='ltr'>nullum</span> <span class='ocrx_word' id='word_1_673' title='bbox 2188 4883 2278 4948; x_wconf 87' lang='lat' dir='ltr'>aliud</span> <span class='ocrx_word' id='word_1_674' title='bbox 2304 4883 2383 4967; x_wconf 91' lang='lat' dir='ltr'>peni</span> 
     </span>
     <span class='ocr_line' id='line_1_49' title="bbox 378 4968 2382 5059; baseline 0 -25"><span class='ocrx_word' id='word_1_675' title='bbox 378 4969 478 5034; x_wconf 90' lang='lat' dir='ltr'>nolite</span> <span class='ocrx_word' id='word_1_676' title='bbox 511 4970 658 5036; x_wconf 86' lang='lat' dir='ltr'>oblivisci</span> <span class='ocrx_word' id='word_1_677' title='bbox 665 4995 673 5051; x_wconf 90' lang='lat'>;</span> <span class='ocrx_word' id='word_1_678' title='bbox 713 4973 834 5038; x_wconf 89' lang='lat' dir='ltr'>tahbus</span> <span class='ocrx_word' id='word_1_679' title='bbox 869 4975 958 5039; x_wconf 91' lang='lat' dir='ltr'>enim</span> <span class='ocrx_word' id='word_1_680' title='bbox 995 4975 1111 5040; x_wconf 90' lang='lat' dir='ltr'>hostiis</span> <span class='ocrx_word' id='word_1_681' title='bbox 1148 4983 1354 5057; x_wconf 89' lang='lat' dir='ltr'>promeretur</span> <span class='ocrx_word' id='word_1_682' title='bbox 1406 4983 1517 5059; x_wconf 87' lang='lat' dir='ltr'>queat:</span> <span class='ocrx_word' id='word_1_683' title='bbox 1546 4976 1581 5041; x_wconf 94' lang='lat' dir='ltr'>id</span> <span class='ocrx_word' id='word_1_684' title='bbox 1609 4985 1719 5042; x_wconf 84' lang='lat' dir='ltr'>autem</span> <span class='ocrx_word' id='word_1_685' title='bbox 1746 4995 1817 5039; x_wconf 91' lang='lat' dir='ltr'>csse</span> <span class='ocrx_word' id='word_1_686' title='bbox 1838 4973 1950 5038; x_wconf 91' lang='lat' dir='ltr'>Iesum</span> <span class='ocrx_word' id='word_1_687' title='bbox 1971 4971 2150 5036; x_wconf 79' lang='lat' dir='ltr'>Christum.</span> <span class='ocrx_word' id='word_1_688' title='bbox 2195 4968 2301 5050; x_wconf 80' lang='lat' dir='ltr'>Quale</span> <span class='ocrx_word' id='word_1_689' title='bbox 2322 4989 2382 5035; x_wconf 91' lang='lat' dir='ltr'>no-</span> 
     </span>
     <span class='ocr_line' id='line_1_50' title="bbox 377 5055 2383 5140; baseline 0 -20"><span class='ocrx_word' id='word_1_690' title='bbox 377 5056 477 5120; x_wconf 88' lang='lat' dir='ltr'>Deus.</span> <span class='ocrx_word' id='word_1_691' title='bbox 535 5055 577 5120; x_wconf 95' lang='lat' dir='ltr'>In</span> <span class='ocrx_word' id='word_1_692' title='bbox 611 5056 815 5139; x_wconf 88' lang='lat' dir='ltr'>repudianda</span> <span class='ocrx_word' id='word_1_693' title='bbox 844 5060 1064 5128; x_wconf 80' lang='lat' dir='ltr'>Ecclesiastici</span> <span class='ocrx_word' id='word_1_694' title='bbox 1095 5063 1270 5128; x_wconf 86' lang='lat' dir='ltr'>autoritate</span> <span class='ocrx_word' id='word_1_695' title='bbox 1300 5063 1353 5128; x_wconf 90' lang='lat' dir='ltr'>ius</span> <span class='ocrx_word' id='word_1_696' title='bbox 1405 5063 1457 5129; x_wconf 89' lang='lat' dir='ltr'>bis</span> <span class='ocrx_word' id='word_1_697' title='bbox 1478 5064 1514 5127; x_wconf 90' lang='lat' dir='ltr'>in</span> <span class='ocrx_word' id='word_1_698' title='bbox 1535 5062 1668 5128; x_wconf 77' lang='lat' dir='ltr'>Christe</span> <span class='ocrx_word' id='word_1_699' title='bbox 1689 5060 1941 5125; x_wconf 82' lang='lat' dir='ltr'>tundamentum</span> <span class='ocrx_word' id='word_1_700' title='bbox 1962 5055 2033 5122; x_wconf 88' lang='lat' dir='ltr'>est?</span> <span class='ocrx_word' id='word_1_701' title='bbox 2063 5078 2107 5121; x_wconf 93' lang='lat' dir='ltr'>an</span> <span class='ocrx_word' id='word_1_702' title='bbox 2135 5055 2222 5140; x_wconf 93' lang='lat' dir='ltr'>quod</span> <span class='ocrx_word' id='word_1_703' title='bbox 2250 5055 2383 5120; x_wconf 89' lang='lat' dir='ltr'>initium</span> 
     </span>
     <span class='ocr_line' id='line_1_51' title="bbox 377 5142 2383 5227; baseline 0 -22"><span class='ocrx_word' id='word_1_704' title='bbox 377 5162 489 5206; x_wconf 91' lang='lat' dir='ltr'>meum</span> <span class='ocrx_word' id='word_1_705' title='bbox 515 5161 605 5207; x_wconf 89' lang='lat' dir='ltr'>nune</span> <span class='ocrx_word' id='word_1_706' title='bbox 630 5143 771 5207; x_wconf 88' lang='lat' dir='ltr'>remitto.</span> <span class='ocrx_word' id='word_1_707' title='bbox 822 5144 915 5227; x_wconf 91' lang='lat' dir='ltr'>Nego</span> <span class='ocrx_word' id='word_1_708' title='bbox 946 5153 1059 5212; x_wconf 90' lang='lat' dir='ltr'>tamen</span> <span class='ocrx_word' id='word_1_709' title='bbox 1085 5147 1226 5214; x_wconf 88' lang='lat' dir='ltr'>fideliter</span> <span class='ocrx_word' id='word_1_710' title='bbox 1253 5150 1353 5215; x_wconf 87' lang='lat' dir='ltr'>citare</span> <span class='ocrx_word' id='word_1_711' title='bbox 1404 5149 1499 5214; x_wconf 91' lang='lat' dir='ltr'>nobis</span> <span class='ocrx_word' id='word_1_712' title='bbox 1521 5149 1637 5214; x_wconf 88' lang='lat' dir='ltr'>salutis</span> <span class='ocrx_word' id='word_1_713' title='bbox 1658 5148 1734 5223; x_wconf 80' lang='lat' dir='ltr'>fuit,</span> <span class='ocrx_word' id='word_1_714' title='bbox 1756 5153 1795 5209; x_wconf 92' lang='lat' dir='ltr'>ut</span> <span class='ocrx_word' id='word_1_715' title='bbox 1815 5143 2090 5227; x_wconf 90' lang='lat' dir='ltr'>complementum</span> <span class='ocrx_word' id='word_1_716' title='bbox 2111 5164 2132 5207; x_wconf 90' lang='lat' dir='ltr'>a</span> <span class='ocrx_word' id='word_1_717' title='bbox 2152 5142 2246 5208; x_wconf 87' lang='lat' dir='ltr'>nobis</span> <span class='ocrx_word' id='word_1_718' title='bbox 2267 5163 2383 5223; x_wconf 90' lang='lat' dir='ltr'>seque·</span> 
     </span>
     <span class='ocr_line' id='line_1_52' title="bbox 378 5227 2382 5314; baseline -0.001 -22"><span class='ocrx_word' id='word_1_719' title='bbox 378 5227 463 5309; x_wconf 91' lang='lat' dir='ltr'>qued</span> <span class='ocrx_word' id='word_1_720' title='bbox 490 5227 623 5311; x_wconf 89' lang='lat' dir='ltr'>scripsit</span> <span class='ocrx_word' id='word_1_721' title='bbox 649 5227 913 5309; x_wconf 84' lang='lat' dir='ltr'>Ecclesiasticus,</span> <span class='ocrx_word' id='word_1_722' title='bbox 946 5232 1133 5314; x_wconf 87' lang='lat' dir='ltr'>quicunque</span> <span class='ocrx_word' id='word_1_723' title='bbox 1167 5235 1269 5299; x_wconf 84' lang='lat' dir='ltr'>fucrit</span> <span class='ocrx_word' id='word_1_724' title='bbox 1297 5234 1353 5299; x_wconf 90' lang='lat' dir='ltr'>ille</span> <span class='ocrx_word' id='word_1_725' title='bbox 1406 5234 1518 5300; x_wconf 81' lang='lat' dir='ltr'>retur?</span> <span class='ocrx_word' id='word_1_726' title='bbox 1548 5242 1582 5300; x_wconf 89' lang='lat' dir='ltr'>et</span> <span class='ocrx_word' id='word_1_727' title='bbox 1601 5235 1690 5300; x_wconf 83' lang='lat' dir='ltr'>viam</span> <span class='ocrx_word' id='word_1_728' title='bbox 1712 5231 1841 5314; x_wconf 89' lang='lat' dir='ltr'>aperuit</span> <span class='ocrx_word' id='word_1_729' title='bbox 1867 5237 2013 5308; x_wconf 91' lang='lat' dir='ltr'>tantum,</span> <span class='ocrx_word' id='word_1_730' title='bbox 2033 5251 2092 5312; x_wconf 91' lang='lat' dir='ltr'>per</span> <span class='ocrx_word' id='word_1_731' title='bbox 2118 5249 2218 5310; x_wconf 89' lang='lat' dir='ltr'>quam</span> <span class='ocrx_word' id='word_1_732' title='bbox 2239 5227 2303 5309; x_wconf 87' lang='lat' dir='ltr'>ipsi</span> <span class='ocrx_word' id='word_1_733' title='bbox 2324 5247 2382 5290; x_wconf 90' lang='lat' dir='ltr'>no·</span> 
     </span>
     <span class='ocr_line' id='line_1_53' title="bbox 378 5311 2428 5401; baseline 0.003 -22"><span class='ocrx_word' id='word_1_734' title='bbox 378 5316 531 5397; x_wconf 88' lang='lat' dir='ltr'>scriptor;</span> <span class='ocrx_word' id='word_1_735' title='bbox 560 5315 606 5379; x_wconf 87' lang='lat' dir='ltr'>sic</span> <span class='ocrx_word' id='word_1_736' title='bbox 632 5314 722 5378; x_wconf 92' lang='lat' dir='ltr'>enim</span> <span class='ocrx_word' id='word_1_737' title='bbox 748 5313 848 5379; x_wconf 88' lang='lat' dir='ltr'>habet</span> <span class='ocrx_word' id='word_1_738' title='bbox 876 5335 1029 5398; x_wconf 89' lang='lat' dir='ltr'>graecum</span> <span class='ocrx_word' id='word_1_739' title='bbox 1057 5319 1241 5401; x_wconf 82' lang='lat' dir='ltr'>exemplar,</span> <span class='ocrx_word' id='word_1_740' title='bbox 1270 5321 1335 5382; x_wconf 81' lang='grc' dir='ltr'>πάσ</span> <span class='ocrx_word' id='word_1_741' title='bbox 1406 5327 1474 5385; x_wconf 91' lang='lat' dir='ltr'>stro</span> <span class='ocrx_word' id='word_1_742' title='bbox 1503 5329 1607 5384; x_wconf 88' lang='lat' dir='ltr'>marte</span> <span class='ocrx_word' id='word_1_743' title='bbox 1640 5314 1871 5401; x_wconf 84' lang='lat' dir='ltr'>pergeremus?</span> <span class='ocrx_word' id='word_1_744' title='bbox 1916 5317 2055 5381; x_wconf 87' lang='lat' dir='ltr'>Minime</span> <span class='ocrx_word' id='word_1_745' title='bbox 2087 5334 2181 5393; x_wconf 85' lang='lat' dir='ltr'>vero,</span> <span class='ocrx_word' id='word_1_746' title='bbox 2215 5311 2272 5377; x_wconf 89' lang='lat' dir='ltr'>sed</span> <span class='ocrx_word' id='word_1_747' title='bbox 2303 5331 2382 5393; x_wconf 80' lang='lat' dir='ltr'>quo·</span> <span class='ocrx_word' id='word_1_748' title='bbox 2425 5372 2428 5385; x_wconf 67' lang='grc'>,,</span> 
     </span>
     <span class='ocr_line' id='line_1_54' title="bbox 378 5397 2383 5489; baseline 0.001 -29"><span class='ocrx_word' id='word_1_749' title='bbox 378 5399 556 5485; x_wconf 67' lang='grc' dir='ltr'><strong><em>ἐλεημοσύνη</em></strong></span> <span class='ocrx_word' id='word_1_750' title='bbox 574 5399 693 5478; x_wconf 71' lang='grc' dir='ltr'>ποιήσει</span> <span class='ocrx_word' id='word_1_751' title='bbox 709 5398 818 5463; x_wconf 78' lang='grc' dir='ltr'><strong><em>τόπον·</em></strong></span> <span class='ocrx_word' id='word_1_752' title='bbox 846 5398 966 5472; x_wconf 72' lang='grc' dir='ltr'>’ἕκαστος</span> <span class='ocrx_word' id='word_1_753' title='bbox 988 5399 1044 5486; x_wconf 74' lang='grc' dir='ltr'>γὰρ</span> <span class='ocrx_word' id='word_1_754' title='bbox 1066 5401 1140 5463; x_wconf 75' lang='grc' dir='ltr'><strong><em>κατά</em></strong></span> <span class='ocrx_word' id='word_1_755' title='bbox 1157 5402 1194 5464; x_wconf 76' lang='lat' dir='ltr'>td</span> <span class='ocrx_word' id='word_1_756' title='bbox 1212 5406 1283 5489; x_wconf 73' lang='grc' dir='ltr'>ἔργα</span> <span class='ocrx_word' id='word_1_757' title='bbox 1302 5429 1353 5466; x_wconf 81' lang='lat' dir='ltr'>uo·</span> <span class='ocrx_word' id='word_1_758' title='bbox 1406 5405 1503 5470; x_wconf 88' lang='lat' dir='ltr'>medo</span> <span class='ocrx_word' id='word_1_759' title='bbox 1553 5406 1629 5469; x_wconf 87' lang='lat' dir='ltr'>aulo</span> <span class='ocrx_word' id='word_1_760' title='bbox 1655 5411 1733 5469; x_wconf 77' lang='lat' dir='ltr'>ante</span> <span class='ocrx_word' id='word_1_761' title='bbox 1759 5408 1928 5486; x_wconf 77' lang='lat' dir='ltr'>posuerat,</span> <span class='ocrx_word' id='word_1_762' title='bbox 1956 5401 2051 5466; x_wconf 86' lang='lat' dir='ltr'>illum</span> <span class='ocrx_word' id='word_1_763' title='bbox 2073 5400 2153 5465; x_wconf 88' lang='lat' dir='ltr'>dum</span> <span class='ocrx_word' id='word_1_764' title='bbox 2174 5397 2383 5480; x_wconf 77' lang='lat' dir='ltr'>agnoscimus</span> 
     </span>
     <span class='ocr_line' id='line_1_55' title="bbox 378 5482 2384 5570; baseline 0.001 -25"><span class='ocrx_word' id='word_1_765' title='bbox 378 5490 429 5547; x_wconf 79' lang='grc' dir='ltr'>τοῦ</span> <span class='ocrx_word' id='word_1_766' title='bbox 450 5484 575 5570; x_wconf 66' lang='grc' dir='ltr'>εὑρήσει.</span> <span class='ocrx_word' id='word_1_767' title='bbox 617 5485 719 5551; x_wconf 91' lang='lat' dir='ltr'>Omni</span> <span class='ocrx_word' id='word_1_768' title='bbox 736 5484 978 5551; x_wconf 89' lang='lat' dir='ltr'>misericordiae</span> <span class='ocrx_word' id='word_1_769' title='bbox 994 5487 1093 5552; x_wconf 85' lang='lat' dir='ltr'>faciet</span> <span class='ocrx_word' id='word_1_770' title='bbox 1108 5487 1230 5567; x_wconf 92' lang='lat' dir='ltr'>loeum;</span> <span class='ocrx_word' id='word_1_771' title='bbox 1253 5511 1353 5553; x_wconf 91' lang='lat' dir='ltr'>unus·</span> <span class='ocrx_word' id='word_1_772' title='bbox 1405 5491 1501 5555; x_wconf 92' lang='lat' dir='ltr'>nobis</span> <span class='ocrx_word' id='word_1_773' title='bbox 1566 5499 1638 5553; x_wconf 92' lang='lat' dir='ltr'>tum</span> <span class='ocrx_word' id='word_1_774' title='bbox 1660 5511 1731 5555; x_wconf 89' lang='lat' dir='ltr'>esse</span> <span class='ocrx_word' id='word_1_775' title='bbox 1752 5490 1788 5553; x_wconf 89' lang='lat' dir='ltr'>in</span> <span class='ocrx_word' id='word_1_776' title='bbox 1808 5488 1979 5554; x_wconf 85' lang='lat' dir='ltr'>iustitiam.</span> <span class='ocrx_word' id='word_1_777' title='bbox 2015 5486 2121 5551; x_wconf 90' lang='lat' dir='ltr'>Nemo</span> <span class='ocrx_word' id='word_1_778' title='bbox 2144 5503 2222 5566; x_wconf 92' lang='lat' dir='ltr'>ergo</span> <span class='ocrx_word' id='word_1_779' title='bbox 2244 5483 2327 5548; x_wconf 91' lang='lat' dir='ltr'>bene</span> <span class='ocrx_word' id='word_1_780' title='bbox 2347 5482 2384 5547; x_wconf 88' lang='lat' dir='ltr'>in</span> 
     </span>
     <span class='ocr_line' id='line_1_56' title="bbox 1405 5656 2384 5742; baseline 0 -20.488"><span class='ocrx_word' id='word_1_781' title='bbox 1405 5656 2384 5742; x_wconf 59' lang='lat' dir='ltr'>um</span> 
     </span>
    </p>

    <p class='ocr_par' dir='ltr' id='par_1_7' title="bbox 1570 5684 1791 5746">
     <span class='ocr_line' id='line_1_57' title="bbox 1570 5684 1791 5746; baseline 0.005 -20"><span class='ocrx_word' id='word_1_782' title='bbox 1570 5684 1577 5726; x_wconf 91' lang='lat'>:</span> <span class='ocrx_word' id='word_1_783' title='bbox 1611 5685 1632 5746; x_wconf 97' lang='lat' dir='ltr'>q</span> <span class='ocrx_word' id='word_1_784' title='bbox 1766 5685 1791 5727; x_wconf 96' lang='lat' dir='ltr'>n</span> 
     </span>
    </p>
   </div>
   <div class='ocr_carea' id='block_1_7' title="bbox 0 0 2809 6804">
    <p class='ocr_par' dir='ltr' id='par_1_8' title="bbox 0 0 2809 6804">
     <span class='ocr_line' id='line_1_58' title="bbox 0 0 2809 6804; baseline 0 0"><span class='ocrx_word' id='word_1_785' title='bbox 0 0 2809 6804; x_wconf 95' lang='lat' dir='ltr'> </span> 
     </span>
    </p>
   </div>
  </div>
 </body>
</html>
