5600 6809
360 798 420 859 625
542 795 633 860 LIB.
655 794 719 861 ΠΙ.
763 793 827 859 DE
850 790 986 858 MODO
1009 791 1359 858 PEROIPIENDAE
1381 789 1574 860 CHRISTI
1594 791 1813 860 eadm.
1858 793 1957 861 OAP.
1976 795 2074 863 m
2095 797 2175 864 XX
2301 801 2363 864 626

1207 1000 1211 1004 ·
1384 989 1422 1046 ut
1446 982 1532 1065 quod
1560 982 1659 1048 verbo
1687 979 1849 1046 duntaxat
1877 985 2035 1049 annuenti
2062 984 2272 1051 crediderumt
2296 1007 2363 1051 non

694 1032 846 1100 CAPUT
868 1032 948 1097 XX·
962 1033 987 1118 1)
1384 1068 1484 1133 fnisse
1496 1089 1628 1145 vanum,
1647 1067 1702 1132 ubi
1721 1069 1897 1133 nenessitas
1908 1069 1955 1132 ita
1967 1071 2120 1151 postulat,
2139 1073 2361 1154 experiantur.

1384 1152 1500 1236 Itaque
1522 1155 1616 1218 nobis
1643 1154 1783 1237 proponi
1804 1153 1888 1217 nihil
1917 1154 2066 1221 videmus
2099 1158 2283 1223 aDomino
2305 1178 2363 1223 ex-

293 1268 297 1275 ,
357 1177 424 1258 ΒΘ
456 1187 655 1282 orduone,
690 1205 798 1285 quae
829 1203 1105 1286 Praesslpuum
1135 1187 1203 1255 osb
1233 1173 1332 1256 fidel
1384 1239 1612 1320 spectandum,
1639 1240 1725 1322 quod
1746 1258 1813 1303 non
1834 1245 1868 1303 et
1888 1240 2038 1322 precibus
2059 1240 2231 1307 iubeamur
2250 1250 2363 1326 postu-

358 1293 1331 1405 exercitium,etquaDe1benoficiaquotidie
1383 1324 1462 1389 lare.
1507 1325 1601 1390 Adeo
1629 1346 1745 1389 verum
1773 1335 1837 1400 est,
1873 1327 2018 1391 oratione
2051 1327 2150 1391 effodi
2180 1329 2362 1407 thesauros,

713 1444 979 1527 pOrOlplmllS.

1384 1431 1464 1491 quos
1483 1411 1652 1494 evangelio
1669 1410 1805 1474 Domini
1825 1410 1985 1476 indicatos
2006 1412 2087 1477 fides
2108 1422 2221 1478 nostra
2241 1415 2363 1479 intuita

1383 1497 1491 1559 fuerit.
1536 1497 1609 1560 Iam
1626 1517 1705 1562 vero
1724 1517 1824 1577 quam
1840 1499 2026 1563 necessaria
2047 1500 2090 1562 sit
2110 1507 2143 1562 et
2160 1507 2239 1581 quot
2255 1499 2362 1565 modis

446 1588 471 1646 1.
517 1583 570 1646 Ex
594 1583 645 1647 his
667 1603 750 1665 quae
773 1582 932 1646 hactenus
954 1579 1121 1662 disputata
1142 1589 1234 1658 sunt,
1264 1601 1332 1648 non
1383 1581 1476 1646 utilis
1509 1582 1552 1646 sit
1582 1580 1737 1664 precandi
1769 1583 1975 1661 exercitatio,
2009 1584 2108 1648 nullis
2141 1586 2249 1650 verbis
2281 1587 2362 1651 satis

358 1670 494 1734 obscure
522 1669 749 1750 perspicimus,
779 1686 878 1749 quam
899 1668 942 1731 sit
963 1666 1059 1730 homo
1081 1667 1248 1731 bonorum*
1262 1687 1332 1730 om·
1383 1675 1491 1748 potest
1509 1667 1674 1748 explicari.
1707 1666 1782 1730 Non
1806 1665 1863 1731 abs
1886 1688 1921 1730 re
1944 1677 1994 1732 est
2016 1671 2160 1750 profecto
2182 1670 2268 1752 quod
2290 1692 2362 1737 coe-

357 1756 450 1819 nium
472 1775 596 1837 egenus
618 1775 656 1820 ac
677 1755 798 1832 inanis;
826 1758 927 1834 utque
949 1752 997 1815 illi
1019 1754 1129 1816 omnia
1151 1750 1259 1815 desint
1279 1772 1332 1816 sa·
1383 1752 1475 1818 lestis
1503 1761 1595 1835 pater
1622 1754 1756 1818 unicum
1782 1753 1818 1816 in
1848 1754 1897 1817 sui
1920 1755 2062 1818 nominis
2083 1757 2287 1823 invocatione
2310 1779 2362 1822 soe

355 1839 434 1904 lutis
456 1839 652 1905 adiumenta.
698 1837 809 1919 Quare
832 1839 858 1901 si
880 1836 1044 1920 praesidia
1065 1838 1193 1919 quaerit
1214 1836 1331 1920 quibus
1383 1837 1462 1902 lutis
1484 1837 1683 1920 praesidium
1702 1859 1773 1902 esse
1794 1846 1951 1917 testatur,
1977 1860 2041 1921 qua
2063 1841 2186 1906 scilicet
2206 1863 2362 1925 praesen-

354 1927 483 2010 inopiae
505 1946 582 1991 suae
610 1933 794 2004 succurrat,
824 1930 918 1988 extra
946 1945 980 1988 se
1007 1929 1104 1988 exeat
1130 1931 1270 2006 oportet,
1299 1931 1332 1987 et
1383 1924 1464 1986 tiam
1486 1930 1519 1988 et
1540 1923 1763 2006 providentiae
1791 1924 1876 2002 eius,
1904 1946 1964 2006 per
1990 1945 2088 2007 quam
2117 1927 2215 1992 rebus
2240 1930 2362 1993 nostris

357 2012 487 2076 aliunde
510 2031 548 2074 ea
570 2010 632 2076 sibi
647 2017 833 2092 comparet
878 2009 952 2074 Hoc
978 2017 1091 2092 postea
1112 2007 1205 2073 nobis
1227 2009 1331 2091 expli·
1383 2008 1538 2073 curandis
1561 2009 1731 2092 advigilat,
1764 2017 1797 2074 et
1817 2010 1960 2086 virtutis,
1988 2032 2047 2092 per
2072 2032 2172 2093 quam
2199 2035 2259 2077 nos
2287 2036 2359 2078 sus·

355 2103 464 2161 catum
493 2104 557 2175 est,
594 2097 775 2170 Dominum
802 2115 873 2160 sese
907 2095 995 2158 ultro
1024 2115 1062 2159 ac
1089 2094 1268 2159 liberaliter
1294 2097 1332 2159 iu
1382 2094 1487 2159 tinent
1513 2095 1691 2160 imbecilles
1719 2101 1753 2157 ot
1778 2116 1879 2176 prope
1902 2093 2105 2176 deficientes,
2134 2105 2167 2162 et
2195 2097 2359 2177 bonitatis,

355 2181 487 2247 Christo
520 2202 579 2246 suo
612 2181 783 2260 exhibere,
817 2182 852 2245 ιιι
884 2202 947 2263 quo
975 2200 1035 2262 pro
1059 2187 1174 2244 nostra
1199 2180 1332 2244 miseria
1383 2201 1442 2262 per
1469 2202 1568 2262 quam
1594 2182 1713 2245 misere
1740 2181 1881 2262 peccatis
1907 2191 2058 2246 oneratos
2081 2184 2117 2245 in
2145 2184 2287 2266 gratiam
2307 2205 2359 2248 re-

355 2288 499 2332 omnem1
513 2268 717 2343 felicitatem,
752 2288 811 2350 pro
843 2276 957 2331 nostra
989 2266 1100 2349 inopia
1132 2265 1332 2348 opulentiam
1383 2266 1491 2347 oipiat,
1514 2264 1723 2332 advocamus:
1752 2286 1816 2347 qua
1838 2266 1976 2348 denique
1997 2274 2104 2331 totum
2124 2269 2242 2350 ipsum,
2264 2275 2303 2333 ut
2324 2290 2359 2334 se

355 2354 464 2431 offert,
491 2355 527 2417 in
555 2375 618 2434 quo
647 2352 801 2417 coelestes
825 2352 1000 2417 thesauros
1022 2352 1116 2416 nobis
1144 2351 1265 2433 aperit,
1294 2361 1332 2414 ut
1381 2352 1476 2416 nobis
1493 2363 1700 2434 praesentem
1717 2351 1871 2417 exhibeat
1887 2355 2091 2418 accersimus.
2126 2354 2216 2419 Hinc
2238 2355 2360 2419 eximia

355 2439 510 2504 dilectum
540 2439 645 2503 filium
677 2461 773 2503 suum
807 2446 876 2501 tota
902 2436 984 2501 fides
1012 2447 1126 2501 nostra
1153 2438 1330 2514 intueatur,
1383 2438 1589 2501 conscientiis
1610 2439 1731 2502 nostris
1753 2439 1880 2520 requies
1902 2459 1940 2503 ac
1962 2439 2184 2520 tranquillitas
2205 2442 2358 2505 nascitur.

356 2523 397 2588 ab
418 2526 488 2606 ipso
505 2532 574 2588 tota
591 2532 704 2590 nostra
721 2524 920 2614 exspectatio
942 2522 1093 2605 pendeat,
1115 2523 1151 2586 in
1172 2523 1242 2604 ipso
1264 2531 1333 2586 tota
1384 2519 1556 2604 Siquidem
1585 2523 1789 2601 necessitate,
1819 2545 1901 2606 quae
1930 2546 1990 2589 nos
2012 2525 2193 2607 promebat,
2215 2524 2359 2589 Domino

356 2632 429 2692 spes
462 2619 574 2675 nostra
605 2610 740 2674 haereat
773 2617 806 2674 et
838 2609 1030 2691 acquiescat.
1075 2608 1168 2672 Haec
1201 2609 1332 2689 quidem
1384 2608 1548 2690 exposita,
1576 2608 1629 2673 vel
1651 2609 1685 2671 ιιι
1708 2630 1745 2672 eo
1767 2607 1897 2674 abunde
1918 2611 2128 2692 quiescimus,
2157 2610 2243 2693 quod
2265 2610 2385 2693 illurn¹

356 2702 482 2760 secreta
502 2703 553 2758 est
575 2694 825 2777 absconditaque
847 2694 1067 2776 philosophia,
1097 2702 1130 2758 et
1156 2715 1240 2776 quae
1265 2693 1332 2779 syl·
1384 2693 1468 2757 nihil
1490 2693 1652 2758 malorum
1673 2701 1861 2758 nostrorum
1882 2695 1971 2774 latet,
1994 2717 2092 2778 quem
2114 2709 2147 2759 et
2164 2696 2284 2779 optimc
2302 2717 2361 2760 no-

354 2781 501 2864 logismis
530 2782 600 2845 erui
627 2802 693 2844 non
721 2789 841 2862 potest;
870 2779 927 2844 sed
956 2780 1079 2845 scilicet
1106 2801 1180 2844 eam
1206 2779 1332 2861 perdis·
1383 2779 1434 2844 bis
1457 2778 1541 2843 velle
1562 2785 1596 2843 et
1617 2780 1738 2860 optime
1760 2780 1929 2844 consulere
1957 2803 2051 2863 posse
2078 2783 2226 2863 persuasi
2248 2782 2360 2847 simus.

355 2875 448 2943 cunt,
472 2866 588 2948 quibus
610 2866 719 2930 oculos
742 2866 869 2949 aperuit
889 2866 990 2944 Deus,
1014 2866 1108 2928 utin
1130 2886 1188 2929 suo
1210 2865 1333 2929 lumine
1471 2868 1499 2928 3.
1545 2863 1738 2942 Sedenim,
1761 2863 1847 2929 dicet
1867 2867 2044 2947 quispiam,
2068 2887 2176 2931 annon
2199 2869 2269 2931 sine
2290 2888 2361 2932 mo-

355 2953 466 3016 lumen
487 2951 629 3016 videant.
675 2952 857 3033 Postquam
883 2972 962 3016 vero
989 2950 1054 3015 fide
1078 2949 1184 3016 edocti
1207 2972 1331 3027 sumus,
1383 2951 1489 3014 nitore
1511 2952 1611 3015 etiam
1638 2949 1730 3014 novit
1751 2958 1785 3013 et
1805 2971 1870 3032 qua
1891 2961 1984 3033 parte
2006 2973 2197 3034 urgeamur,
2229 2952 2362 3035 etquid

355 3057 532 3121 agnoscere
550 3037 708 3120 quidquid
726 3036 818 3101 nobis
835 3057 967 3101 necesse
990 3045 1048 3113 est,
1071 3035 1228 3118 nobisque
1245 3036 1332 3119 apud
1384 3037 1478 3101 nobis
1501 3035 1662 3120 expediat,
1686 3041 1724 3098 ut
1743 3056 1981 3118 supervacuum
1999 3036 2238 3118 quodammodo
2257 3038 2362 3103 videri

355 3139 413 3187 nos
441 3124 547 3201 deest,
578 3122 612 3186 id
640 3124 675 3186 in
697 3123 769 3187 Deo
798 3144 868 3187 esse
896 3141 934 3186 ac
955 3122 1098 3186 Domino
1121 3130 1232 3186 nostro
1255 3122 1332 3186 Iesu
1384 3130 1484 3205 queat
1504 3123 1613 3205 ipsum
1635 3119 1786 3203 precibus
1808 3123 1927 3186 nostris
1950 3122 2131 3202 sollicitari,
2153 3122 2289 3205 perinde
2311 3134 2362 3187 at·

348 3207 497 3286 Christo,
520 3211 554 3271 in
572 3229 635 3289 quo
653 3208 777 3274 scilicet
794 3229 924 3272 omnem
944 3229 1023 3273 suae
1044 3208 1207 3290 largitatis
1228 3208 1332 3290 pleni·
1384 3228 1447 3289 que
1465 3208 1702 3285 conniventem,
1724 3208 1899 3271 autetiam
1917 3207 2144 3286 dormientem,
2164 3207 2266 3273 donec
2283 3230 2362 3274 voce

355 3293 506 3357 tudinem
533 3303 626 3375 pater
657 3294 801 3359 residere
828 3293 946 3372 voluit,
981 3301 1019 3356 ut
1053 3293 1143 3371 inde,
1171 3293 1264 3357 velut
1290 3315 1332 3357 ex
1384 3299 1498 3358 nostra
1525 3294 1774 3377 expergefactus
1801 3292 1923 3358 filerit?
1966 3295 2094 3358 Verum
2116 3295 2170 3375 qui
2194 3295 2239 3358 sic
2261 3295 2362 3358 ratio-

288 3394 299 3409 ·
355 3379 520 3443 uberrimo
541 3380 644 3458 fonte,
668 3380 861 3444 hauriamus
883 3400 1009 3458 omnes;
1041 3387 1204 3462 superest,
1238 3387 1276 3443 ut
1297 3379 1333 3443 in
1384 3379 1553 3458 cinantur,
1589 3400 1687 3460 quem
1717 3381 1756 3443 in
1782 3380 1882 3443 finem
1909 3401 1985 3445 suos
2012 3379 2054 3443 ad
2080 3378 2242 3443 orandum
2268 3381 2362 3444 insti·

355 3465 426 3547 ipso
458 3485 668 3545 quaeramus,
703 3473 735 3529 et
768 3466 808 3529 ab
843 3465 913 3546 ipso
945 3464 1105 3548 precibus⁸
1128 3465 1332 3548 postulemus
1384 3466 1486 3530 tuerit
1506 3466 1680 3545 Dominus,
1708 3487 1775 3529 non
1797 3466 2072 3530 animadvertunt.
2123 3465 2240 3547 Neque
2274 3467 2363 3530 enim

355 3550 440 3632 quod
467 3551 503 3614 in
529 3552 600 3633 ipso
626 3571 697 3615 esse
722 3550 903 3615 didicimus.
955 3550 1086 3633 Alioqui
1113 3551 1196 3615 scire
1222 3552 1332 3615 Deum
1383 3550 1418 3615 id
1440 3558 1509 3615 tam
1532 3573 1591 3616 sua
1622 3551 1741 3634 ipsius,
1770 3573 1870 3634 quam
1890 3559 2002 3616 nostra
2023 3551 2133 3634 potius
2154 3572 2253 3616 eausa
2275 3552 2363 3616 ordi-

355 3637 515 3700 bonorum
536 3637 684 3700 omnium
705 3637 875 3700 dominum
897 3659 935 3702 ac
956 3637 1160 3719 largitorem,
1189 3638 1245 3718 qui
1272 3657 1332 3701 nos
1383 3637 1486 3702 navit
1540 3637 1613 3702 Vult
1633 3639 1772 3719 quiden,
1801 3642 1835 3701 at
1862 3657 1998 3718 aequum
2024 3642 2083 3714 est,
2111 3637 2179 3700 sint
2194 3639 2246 3701 ias
2266 3658 2364 3703 suum

356 3722 398 3785 ad
418 3743 453 3786 se
473 3721 674 3804 poscendum
695 3722 823 3801 invitet,
846 3722 955 3806 ipsum
972 3743 1050 3788 vero
1071 3743 1131 3787 nec
1153 3721 1251 3800 adire,
1272 3743 1333 3788 neo
1384 3724 1489 3802 reddi,
1517 3723 1642 3788 domei
1664 3729 1819 3803 acceptum
1843 3723 1945 3803 fertur
1972 3723 2127 3802 quidquid
2148 3728 2291 3803 eapeturd
2311 3724 2363 3789 do-

354 3828 496 3889 poscero,
516 3808 595 3872 adeo
617 3828 684 3871 non
704 3807 887 3890 prodesset,
910 3817 948 3873 ut
968 3808 1105 3891 perinde
1125 3808 1161 3871 id
1181 3809 1332 3872 futurum
1385 3811 1498 3887 mines,
1527 3815 1555 3873 ei
1579 3811 1715 3874 sentiunt
1744 3808 1786 3872 ad
1812 3828 1906 3871 snam
1934 3808 2101 3872 utilitatem
2125 3808 2242 3891 fficere,
2269 3809 2364 3889 idque

356 3894 407 3970 sit,
431 3915 468 3958 ae
490 3895 518 3956 si
540 3894 611 3974 quis
629 3892 809 3959 indicatum
826 3894 1027 3970 thesaurum,
1051 3894 1146 3958 humi
1167 3894 1333 3976 sepultum
1384 3896 1464 3959 cotis
1496 3900 1640 3960 hactum
1669 3895 1799 3975 fodant.
1845 3892 1908 3957 Sed
1933 3893 2031 3957 baias
2056 3913 2175 3974 quoque
2200 3893 2362 3974 sacrificii,

349 3989 393 4043 'ac
416 3978 580 4043 defossum
601 3979 757 4062 negligat.
802 3980 946 4045 Proinde
968 3980 1142 4062 apostolus,
1165 3987 1203 4043 ut
1224 3988 1332 4044 osten·
1385 4001 1445 4062 qao
1471 3982 1539 4061 ipse
1559 3980 1678 4057 colitur,
1700 3979 1822 4042 additos
1849 3978 1892 4042 ad
1918 3998 1975 4042 cos
1994 3979 2085 4043 redit.
2129 3978 2243 4060 Itaque
2263 3980 2364 4045 soracti

356 4064 448 4129 deret
469 4065 606 4128 otiosam
628 4086 647 4127 a
668 4066 732 4129 Dei
754 4065 959 4130 invocatione
980 4086 1139 4131 essenon
1159 4086 1254 4147 posse
1276 4087 1332 4129 ve·
1378 4071 1498 4147 potres,
1520 4085 1580 4146 quo
1598 4064 1663 4130 Dea¹
1684 4063 1829 4144 beneficio
1846 4064 1933 4144 optcd
1954 4084 1987 4128 se
2008 4069 2036 4128 et
2057 4065 2140 4130 alios
2161 4065 2365 4146 eondderdius

355 4172 427 4215 ram
460 4149 575 4230 fidem,
609 4150 698 4214 hunc
731 4150 880 4214 ordinem
906 4150 1017 4233 posuit
1044 4151 1155 4236 (Rom.
1185 4155 1232 4230 10,
1260 4150 1331 4235 14):
1385 4152 1559 4229 idolorum,
1588 4170 1622 4215 eo
1649 4151 1757 4215 aerius
1782 4151 1826 4216 od
1851 4151 2048 4229 precandam
2077 4151 2207 4231 fueruat
2232 4152 2399 4216 deodati·

355 4237 450 4302 sicuti
473 4258 515 4299 ex
537 4236 706 4319 cvangelio
734 4235 882 4300 nascitur
907 4236 1003 4315 fides,
1032 4236 1078 4300 sic
1104 4256 1165 4319 per
1192 4256 1265 4299 eam
1291 4235 1333 4300 ad
1392 4236 1495 4302 Unum
1516 4235 1614 4300 Elide
1640 4235 1814 4316 amplum
1839 4235 1928 4300 nobis
1953 4237 2033 4300 sotis
2052 4237 2111 4300 ord
2132 4236 2164 4318 (l
2186 4237 2290 4318 Rogg.
2314 4239 2362 4313 18,

355 4321 575 4388 invocandum
596 4323 661 4387 Dei
683 4344 801 4386 nomen
824 4321 922 4387 corda
942 4330 1056 4385 nostra
1076 4321 1218 4386 formari.
1271 4323 1333 4386 Aa
1386 4322 1452 4407 42),
1475 4321 1590 4403 quide
1610 4323 1739 4386 canalio
1761 4319 1825 4386 Dei
1846 4325 1956 4401 certus,
1976 4328 2145 4403 postquam
2167 4323 2233 4403 repi
2252 4320 2363 4385 Achab

355 4430 418 4491 qne
450 4407 512 4473 hoc
545 4409 653 4491 ipsum
685 4416 736 4473 est
770 4407 855 4489 quod
890 4407 1056 4489 aliquanto
1091 4415 1169 4471 ante
1204 4408 1333 4472 dixerat
1380 4409 1527 4490 plantam
1548 4427 1609 4471 noa
1635 4412 1745 4472 temere
1764 4407 1929 4490 pollicitus
1953 4412 2011 4487 est,
2040 4408 2136 4471 macie
2156 4413 2260 4470 tomen
2280 4406 2363 4470 iam

356 4493 465 4576 (Rom.
486 4499 514 4571 8,
534 4494 605 4578 26),
632 4494 785 4576 spiritum
807 4493 1005 4576 adoptionis,
1029 4494 1086 4575 qui
1107 4493 1333 4557 testimonium
1383 4514 1487 4579 penae
1502 4498 1661 4575 prada,
1690 4494 1907 4575 famulumque
1928 4499 2044 4574 septem
2063 4492 2183 4557 vicibus
2204 4491 2299 4554 mide
2319 4493 2363 4556 od

356 4580 517 4662 evangelii
538 4579 690 4645 cordibus
711 4581 834 4644 nostris
856 4579 1021 4662 obsignat,
1049 4579 1175 4662 erigere
1197 4580 1332 4662 spiritus
1384 4580 1626 4660 eapierandum:
1657 4600 1720 4644 aon
1747 4580 1829 4662 qaod
1859 4580 1983 4644 ornem
2014 4577 2108 4658 fidem
2140 4577 2276 4658 obrepet,
2309 4578 2364 4642 sed

356 4671 494 4741 nostros,
523 4673 559 4727 ut
585 4676 662 4730 vota
690 4686 749 4732 sua
776 4686 940 4748 exponere
963 4667 1034 4730 Deo
1057 4664 1215 4745 audeant,
1244 4667 1330 4731 exci—
1384 4666 1466 4748 quod
1487 4664 1585 4746 officii
1606 4667 1659 4731 sni
1684 4685 1750 4730 cose
1772 4666 1871 4743 norit,
1899 4685 1938 4728 ne
1958 4663 2148 4728 sommlento
2168 4661 2215 4725 rel
2237 4663 2364 4744 torpido

356 4757 426 4812 tare
458 4752 598 4832 gemitus
631 4751 881 4830 inenarrabiles,
911 4750 1053 4817 clamare
1087 4772 1162 4815 cum
1195 4753 1329 4816 fiducia:
1384 4753 1426 4818 sit
1445 4751 1537 4832 fides,
1559 4772 1621 4815 sua
1641 4752 1800 4818 decimo
1821 4747 2034 4833 opud-Deam
2055 4748 2213 4828 deponere.
2249 4745 2363 4827 Quare

355 4834 452 4912 abba,
490 4842 591 4916 pater.
644 4837 718 4902 Hoc
753 4859 830 4921 ergo
863 4845 1080 4920 postremum,
1117 4839 1193 4919 quia
1227 4838 1332 4905 obiter
1382 4840 1524 4918 tametsi,
1542 4838 1638 4903 nobis
1655 4837 1697 4902 ad
1717 4837 1866 4901 miserias
1887 4840 2017 4898 nostras
2038 4832 2178 4915 stupidis
2196 4839 2229 4897 et
2246 4833 2363 4899 hebes·

355 4921 517 4984 duntaxat
538 4929 614 4985 ante
636 4921 760 4987 dictum
781 4931 814 4987 ct
836 4923 929 5005 quasi
951 4924 1068 4991 leviter
1089 4931 1250 4989 attactum
1271 4932 1329 5002 est,
1383 4924 1547 5003 centibus,
1576 4924 1647 5007 ipse
1674 4943 1733 5005 pro
1759 4920 1850 4986 nobis
1878 4918 1994 5003 vigilat
2014 4927 2048 4982 et
2070 4916 2221 4999 excubat,
2250 4940 2288 4984 ac
2310 4921 2363 4983 in-

354 5027 443 5070 nuno
464 5004 568 5069 fusius
589 5008 725 5071 tractari
746 5011 907 5075 convenit
1383 5009 1515 5075 tardum
1536 5031 1663 5093 quoque
1681 5007 1842 5075 succurrit
1863 5026 1929 5069 non
1951 5011 2093 5088 rogatus,
2116 5011 2230 5070 nostra
2250 5012 2363 5070 tamen

443 5096 471 5155 2.
516 5091 606 5174 Ergo
633 5090 668 5154 id
694 5093 848 5157 orationis
876 5092 1062 5161 obtinemus
1087 5097 1259 5175 beneficio,
1294 5104 1331 5160 ut
1382 5096 1566 5180 plurimum
1586 5097 1722 5160 interest
1743 5090 1872 5157 assidue
1894 5090 2004 5173 ipsum
2024 5112 2045 5155 a
2067 5089 2160 5155 nobis
2182 5092 2362 5174 implorari,

355 5176 397 5240 ad
418 5198 473 5242 eas
495 5197 576 5259 quae
598 5176 693 5241 nobis
719 5177 807 5258 apud
828 5179 1000 5244 coelestem
1020 5189 1149 5264 patrem
1170 5183 1331 5266 repositae
1382 5191 1422 5248 ut
1443 5183 1528 5247 serio
1549 5180 1741 5262 ardentique
1762 5177 1832 5241 eius
1854 5196 1983 5259 semper
2005 5176 2192 5259 quaerendi,
2218 5176 2361 5256 amandi,

355 5271 433 5328 sunt
460 5283 538 5346 opes
567 5270 785 5345 penetremus.
829 5262 893 5327 Est
919 5265 1008 5328 enim
1037 5267 1197 5348 quaedam
1225 5268 1330 5334 homi·
1383 5266 1511 5335 colendi
1533 5265 1692 5330 desiderio
1710 5284 1764 5327 cor
1782 5268 1933 5327 nostrum
1952 5263 2184 5341 inflammetur,
2208 5261 2287 5327 dum
2309 5282 2361 5326 as-

354 5370 436 5413 num
453 5370 529 5414 cum
545 5348 618 5413 Deo
635 5347 896 5427 communicatio,
918 5369 985 5431 qua
1004 5353 1228 5416 sanctuarium
1249 5355 1331 5419 coeli
1383 5355 1562 5421 suescimus
1584 5351 1626 5415 od
1647 5351 1771 5433 ipsum,
1799 5348 1892 5413 velut
1913 5345 1956 5413 ad
1976 5367 2104 5414 sacram
2126 5347 2304 5413 anchoram
2325 5347 2362 5412 in

355 5434 510 5519 ingressi,
539 5433 580 5499 de
602 5435 671 5501 suis
692 5433 860 5517 promissis
888 5432 984 5499 illum
1011 5453 1121 5500 eoram
1148 5437 1329 5520 appellant:
1382 5441 1474 5505 omni
1500 5436 1693 5503 necessitate
1713 5433 1896 5518 confugere.
1930 5432 2070 5513 Deinde,
2093 5433 2244 5498 utnulla
2270 5434 2362 5516 cupi·

1383 5524 1468 5589 ditas
1497 5522 1692 5607 nullumque
1722 5520 1855 5585 omnino
1888 5526 2002 5586 votum
2037 5519 2185 5585 animum
2211 5527 2362 5583 nostrum

357 5609 559 5617 Q*
1383 5609 1506 5687 subeat,
1529 5607 1623 5673 cuius
1643 5609 1754 5692 ipsum
1760 5613 1889 5672 testem
1907 5606 2015 5673 facere
2029 5605 2165 5688 pudeat:
2188 5603 2269 5669 dum
2285 5613 2363 5671 vota

425 5707 454 5776 1)
474 5706 545 5762 olan
565 5708 630 5780 Cap.
651 5708 724 5780 XV,
741 5707 790 5763 nd
804 5722 878 5762 arae
895 5709 974 5763 aare
989 5713 1122 5762 muana
1138 5715 1165 5765 or
1181 5715 1299 5764 amam.
1382 5701 1495 5759 nostra
1516 5693 1626 5758 omnia
1647 5713 1756 5761 coram
1777 5694 1848 5760 eius
1868 5692 1972 5760 oculis
1993 5692 2119 5770 nistera
2144 5690 2290 5774 adeoque
2310 5698 2362 5756 to-

460 5792 570 5848 Osirim
581 5812 672 5865 opera.
712 5795 771 5850 Vol.
786 5791 832 5849 11.
2121 5791 2158 5847 40
