5600 6809
432 782 494 844 aa
681 762 1495 849 1111111111111-111111111111
1519 780 1711 848 11111111
1733 781 2182 857 111111111111
2370 796 2436 855 454

400 994 406 1005 ’
432 974 495 1041 sibi
519 972 586 1037 Dei
615 970 788 1034 veritatem
820 967 1031 1050 exstinguere
1063 969 1185 1046 nolint,
1219 976 1278 1032 aut
1309 990 1407 1051 quem
1460 968 1597 1046 saeculi,
1627 967 1877 1050 intelligendum
1899 978 1963 1047 est,
1989 973 2044 1053 qui
2065 973 2332 1059 lumenspiritus
2355 978 2435 1042 deli-

432 1058 588 1124 noverint
609 1076 678 1120 esse
701 1054 872 1119 Christum
894 1055 1043 1131 Domini,
1067 1053 1166 1119 verbo
1189 1076 1255 1118 uno
1276 1055 1406 1132 laedere,
1458 1052 1572 1117 bercta
1599 1055 1765 1135 impietate
1793 1055 1997 1130 suffecerint,
2027 1057 2103 1122 doni
2130 1062 2276 1127 eoelestis
2299 1073 2432 1145 gustum

432 1145 482 1210 illi
511 1145 547 1208 in
579 1149 708 1225 patrem
736 1162 773 1203 ac
799 1139 904 1202 filium
931 1151 1075 1223 peccant.
1121 1138 1178 1205 sic
1204 1141 1300 1203 multi
1328 1149 1408 1205 sunt
1459 1140 1656 1221 respuerint,
1691 1161 1711 1202 a
1743 1138 1997 1205 sanctificatione
2027 1145 2160 1225 spiritus
2188 1170 2222 1210 sc
2250 1150 2432 1226 alienarint,

432 1230 539 1306 hodie,
560 1228 616 1310 qui
638 1226 798 1308 evangelii
821 1224 1003 1288 doctrinam
1020 1226 1161 1307 pessime
1179 1234 1406 1305 exsecrantem
1459 1225 1595 1288 verbum
1607 1224 1672 1288 Dei
1693 1233 1726 1287 et
1747 1225 1868 1289 saeculi
1890 1229 2021 1290 venturi
2043 1230 2181 1294 virtutes
2203 1234 2432 1298 conculcarint

433 1337 531 1399 quam
557 1316 584 1378 11
606 1312 768 1395 evangelii
790 1331 859 1375 csse
881 1312 1017 1389 seirent,
1047 1319 1114 1376 toto
1137 1311 1233 1376 corde
1255 1313 1408 1376 venerari
1459 1311 1509 1374 Ae
1536 1331 1599 1391 quo
1627 1311 1733 1392 magis
1760 1312 1959 1391 exprimeret
1984 1313 2075 1377 illam
2106 1317 2281 1398 impietatis
2310 1331 2430 1384 certam

427 1402 542 1483 parati
574 1404 680 1470 essert.
735 1396 886 1477 Quorum
925 1405 1035 1461 autem
1068 1398 1217 1462 convicta
1248 1407 1298 1461 est
1330 1419 1407 1461 eon·
1460 1394 1726 1472 destinationem,
1761 1396 1823 1458 alio
1851 1406 1965 1478 postea
1992 1399 2061 1463 loco
2091 1403 2287 1467 nominatim
2314 1406 2433 1472 adiecit

433 1486 579 1563 seientia,
601 1486 665 1549 Dei
684 1484 819 1547 verbum
837 1503 907 1546 esse
928 1483 1014 1563 quod
1035 1482 1210 1566 repudiant
1226 1491 1323 1565 atque
1345 1483 1408 1544 im-
1460 1480 1646 1559 dictionem,
1680 1481 1873 1546 voluntarie.
1928 1483 2014 1547 Nam
2047 1507 2148 1567 quum
2182 1489 2273 1566 dicit,
2307 1491 2430 1555 nullam

433 1580 599 1656 pugnant,
629 1572 823 1651 impugnare
856 1577 967 1631 tamen
994 1589 1062 1631 nen
1091 1569 1257 1645 desinunt,
1291 1568 1338 1631 illi
1371 1568 1408 1631 in
1459 1567 1531 1628 fieri
1553 1566 1711 1647 reliquam
1734 1567 1873 1630 hostiam
1895 1569 1935 1631 iis
1957 1571 2014 1650 qui
2036 1571 2197 1649 volentes,
2225 1584 2299 1656 post
2320 1595 2432 1657 accep-

435 1658 587 1741 spiritum
614 1655 840 1738 blasphemare
868 1653 1036 1717 dicuntur:
1067 1653 1329 1737 quandoquidem
1351 1653 1408 1717 ad·
1460 1659 1529 1714 tam
1550 1654 1698 1716 veritatis
1720 1654 1886 1729 notitiam,
1915 1657 2094 1736 peccarint,
2122 1681 2188 1722 non
2214 1669 2313 1743 negat
2334 1662 2432 1726 Obri-

434 1765 549 1808 versus
566 1741 840 1806 illuminationem
861 1740 958 1823 (quae
980 1760 1061 1820 opus
1081 1747 1131 1804 est
1141 1742 1276 1823 spiritus
1287 1739 1408 1823 saneti)
1460 1746 1548 1800 stum
1575 1759 1646 1801 esso
1666 1749 1859 1819 perpetuam
1882 1738 2037 1818 hostiam,
2068 1742 2109 1806 ad
2136 1747 2316 1826 expiandas
2338 1768 2433 1810 sane·

433 1829 612 1894 luctantur.
668 1824 763 1889 Tales
795 1835 890 1888 erant
921 1846 962 1888 ex
994 1825 1125 1889 Iudaeis
1156 1826 1318 1903 nonnulli,
1352 1826 1410 1906 qui
1460 1830 1569 1885 terum
1601 1824 1790 1905 iniquitates
1822 1823 1924 1907 (quod
1956 1834 2025 1890 tota
2056 1829 2123 1892 fere
2152 1831 2287 1911 epistola
2315 1833 2434 1896 diserte

435 1936 537 1996 quum
558 1914 709 1977 resistere
727 1911 856 1992 spiritui
877 1932 936 1992 per
948 1908 1156 1993 Stephanum
1175 1911 1321 1993 loquenti
1341 1932 1409 1974 non
1460 1907 1589 1984 clamat,
1612 1910 1699 1971 inter
1716 1907 1946 1990 explicandum
1965 1910 2089 1978 Christi
2112 1917 2352 2000 sacerdotium),
2377 1917 2434 1982 sed

435 2007 582 2083 possent,
610 1998 761 2061 resistere
787 2004 898 2059 tamen
920 1995 1160 2060 contendebant
1180 1996 1266 2080 (Act.
1288 2001 1321 2072 6,
1345 1998 1407 2078 10).
1461 1992 1588 2055 nullam
1609 1994 1715 2057 aliam>
1729 2004 1852 2057 restare
1876 1996 1955 2059 dicit
1976 1997 2031 2061 ubi
2052 2001 2092 2063 ab
2115 2021 2153 2064 ea
2175 2001 2352 2066 discessum
2375 2011 2432 2068 est.

435 2085 510 2149 Non
538 2082 674 2147 dubium
699 2090 749 2147 est
769 2082 849 2163 quin
877 2102 918 2144 ex
940 2082 1004 2146 illis
1026 2081 1136 2157 multi,
1165 2082 1246 2164 legis
1274 2081 1344 2145 zelo
1367 2082 1409 2144 ad
1461 2079 1650 2142 Disceditur
1687 2087 1798 2143 autem
1829 2080 1991 2163 abnegata
2023 2105 2065 2147 ex
2097 2088 2240 2167 professo
2274 2089 2434 2171 evangelii

435 2170 470 2235 id
492 2178 701 2252 raperentur,
723 2168 780 2232 sed
801 2168 900 2231 fuisse
921 2166 1001 2231 alios
1020 2174 1156 2249 apparet
1173 2170 1227 2248 qui
1246 2168 1410 2231 malitiosa
1462 2166 1607 2228 veritate.

436 2257 604 2339 impietate
626 2255 661 2317 in
682 2256 792 2318 Deum
814 2254 922 2334 ipsum
943 2254 1099 2329 furerent,
1122 2253 1184 2317 hoc
1206 2254 1311 2317 estin
1334 2252 1409 2316 doc-
1548 2254 1598 2312 24.
1654 2249 1750 2329 Quod
1782 2258 1892 2315 autem
1925 2253 2023 2317 nimis
2057 2256 2175 2320 durum
2208 2266 2241 2322 11
2272 2258 2337 2322 Dei
2370 2260 2435 2324 ele·

437 2343 558 2405 trinam
585 2362 683 2421 quam
706 2360 775 2402 esse
797 2361 816 2402 a
837 2339 908 2402 Deo
931 2359 996 2401 non
1016 2338 1213 2402 nesciebant.
1259 2339 1355 2401 Tales
1377 2345 1411 2402 et
1461 2335 1586 2406 mentia
1617 2335 1762 2398 alienum
1795 2336 1925 2401 videtur
1957 2341 2165 2420 quibusdam,
2198 2364 2217 2406 a
2245 2346 2435 2409 remissione

436 2427 500 2509 ipsi
520 2426 700 2502 Pharisaei,
724 2426 757 2487 in
780 2445 859 2505 quos
881 2422 1043 2488 Dominus
1064 2424 1242 2500 invehitur,
1265 2425 1320 2506 qui
1343 2424 1409 2505 spi·
1462 2420 1545 2515 ullos
1568 2421 1699 2484 omnino
1728 2419 1861 2504 depelli,
1889 2424 1944 2505 qui
1973 2423 2016 2488 ad
2036 2427 2277 2510 implorandam
2299 2431 2431 2494 Domini

436 2514 521 2576 ritus
549 2512 654 2576 sancti
677 2511 833 2574 virtutem
853 2518 891 2572 ut
913 2509 1112 2587 disiieerent,
1145 2509 1328 2574 Beelzebub
1350 2532 1409 2573 nc-
1461 2505 1717 2570 misericordiam
1750 2508 1954 2590 confugiant,
1988 2510 2021 2573 id
2048 2513 2141 2577 facile
2170 2515 2313 2579 diluitur.
2358 2517 2433 2581 Non

436 2598 525 2661 mine
546 2597 750 2659 infamabant
767 2595 902 2677 (Matth.
924 2601 952 2672 9,
973 2599 1064 2658 3411
1086 2599 1132 2670 12,
1153 2596 1218 2678 24).
1248 2596 1313 2660 Η11
1331 2616 1409 2677 ergo
1462 2591 1549 2653 enim
1572 2590 1726 2674 denegari
1743 2593 1873 2655 veniam
1890 2595 1969 2659 dicit
1990 2598 2018 2660 11
2041 2598 2082 2661 ad
2102 2600 2283 2664 Dominum
2306 2624 2340 2665 11
2358 2623 2432 2666 cen·

436 2692 486 2747 est
519 2683 654 2763 spiritus
688 2680 923 2761 blasphemiae,
957 2680 1013 2745 ubi
1043 2680 1185 2744 hominis
1213 2678 1348 2744 audacia
1373 2682 1409 2744 in
1461 2676 1634 2754 verterint3
1663 2676 1720 2739 sed
1746 2680 1878 2741 omnino
1901 2689 2000 2762 negat
2020 2704 2115 2765 posse
2136 2685 2178 2748 ad
2199 2689 2431 2769 poenitentiam

436 2766 668 2833 contumeliam
702 2765 806 2829 divini
839 2766 982 2829 nominis
1019 2765 1096 2829 data
1135 2787 1234 2847 opera
1272 2767 1408 2847 prosilit.
1462 2782 1608 2844 surgere:
1633 2761 1719 2844 quod
1741 2763 1863 2826 scilicet
1879 2775 2012 2829 aeterna
2033 2772 2187 2833 caecitate
2210 2774 2250 2836 ob
2268 2796 2362 2838 suam
2383 2776 2435 2837 in·

440 2851 538 2932 Quod
557 2852 668 2915 innuit
688 2852 814 2915 Paulus
835 2850 866 2933 (1
889 2851 972 2914 Tim.
995 2855 1025 2926 1,
1050 2852 1117 2933 13),
1140 2872 1242 2932 quum
1263 2851 1355 2915 docet
1376 2874 1411 2917 se
1463 2846 1696 2930 gratitudinem
1722 2848 1806 2911 iusto
1833 2849 1897 2911 Dei
1924 2850 2043 2916 iudicio
2074 2859 2219 2936 percussi
2247 2861 2321 2922 sint.
2367 2860 2433 2923 Nc·

439 2936 694 3002 misericordiam
719 2944 970 3017 consequutum,
1004 2936 1089 3016 quod
1115 2938 1270 3019 ignorans
1294 2959 1332 3001 ea
1353 2960 1412 3020 per
1462 2954 1525 3014 que
1553 2933 1661 2998 obstat
1688 2933 1774 3014 quod
1801 2932 1887 2996 idem
1914 2938 2102 3020 exemplum
2124 2942 2214 3005 Esau
2236 2945 2302 3009 huc
2324 2961 2433 3027 postea

437 3024 700 3088 incredulitatem
718 3022 933 3097 commiserat,
955 3042 1096 3103 quorum
1117 3022 1233 3085 merito
1254 3022 1411 3105 indignus
1462 3017 1685 3082 accommodat
1706 3019 1821 3102 (Hebr.
1844 3022 1891 3096 12,
1915 3023 1983 3104 12),
2007 3024 2061 3104 qni
2083 3025 2205 3089 frustra
2226 3028 2379 3102 lacrimis
2401 3041 2435 3095 et

438 3110 559 3190 alioqui
592 3110 706 3172 ferisset
733 3107 840 3189 gratia
867 3108 1013 3171 Domini.
1059 3105 1098 3171 Si
1123 3109 1308 3189 ignorantia
1336 3131 1411 3173 cum
1462 3105 1586 3167 eiulatu
1620 3105 1797 3168 tentaverit
1828 3107 1983 3170 amissam
2015 3098 2308 3192 primogenituram
2341 3138 2433 3180 reeu-

436 3193 664 3259 ineredulitate
687 3194 799 3257 iuncta
820 3192 897 3256 11111
918 3200 956 3256 11
975 3193 1105 3257 veniam
1127 3193 1302 3271 obtineret,
1333 3194 1411 3258 hinc
1461 3211 1585 3272 perare.
1628 3189 1742 3253 Nihilo
1771 3191 1870 3253 etiam
1892 3194 1997 3275 magis
2020 3194 2077 3256 1111
2099 3197 2277 3278 prophetae
2300 3202 2434 3263 commi-

436 3282 590 3362 sequitur,
614 3300 679 3341 non
702 3300 772 3343 esse
794 3279 909 3342 veniae
930 3278 1040 3342 locum
1061 3277 1116 3341 ubi
1139 3278 1275 3343 seientia
1297 3279 1338 3343 ad
1359 3281 1411 3343 in-
1462 3277 1563 3339 natio:
1577 3297 1678 3357 quum
1695 3276 1916 3356 clamaverint,
1935 3299 2004 3342 non
2017 3281 2189 3344 exaudiam
2203 3283 2315 3364 (Zach.
2329 3289 2346 3345 7
2351 3336 2357 3360 ,
2372 3286 2433 3368 13).

436 3365 662 3431 eredulitatem
685 3364 827 3428 accessit.
1462 3362 1576 3443 Neque
1599 3362 1686 3425 enim
1708 3361 1828 3425 talibus
1849 3362 2003 3444 loquendi
2021 3366 2170 3431 formulis
2188 3379 2341 3432 1111111
2359 3391 2436 3434 con·

522 3455 572 3513 23.
605 3450 790 3529 Apostolum
808 3470 880 3538 pero
902 3470 963 3512 noa
980 3449 1017 3512 de
1028 3448 1222 3528 particulari
1239 3450 1411 3530 11111114
1462 3447 1584 3524 versio,
1613 3458 1670 3510 aut
1691 3445 1755 3510 Dei
1783 3449 1942 3513 invocatio
1970 3452 2175 3534 designatur;
2204 3454 2261 3517 sed
2288 3455 2345 3518 illa
2371 3456 2433 3518 im-

330 3561 340 3568 ·
436 3537 482 3601 vel
509 3536 694 3611 alterascit
722 3535 758 3598 de
789 3535 963 3598 universali
990 3535 1154 3615 defectione
1183 3537 1265 3615 loqui
1294 3556 1356 3616 qao
1377 3556 1410 3601 se
1461 3535 1589 3615 piorum
1618 3534 1781 3611 anxietas,
1811 3555 1876 3615 qua
1902 3536 1938 3597 in
1964 3539 2060 3601 rebus
2088 3541 2243 3604 extremis
2269 3542 2435 3606 constricti

394 3623 556 3703 Oreprobi
577 3642 598 3684 a
619 3622 720 3685 salute
741 3619 893 3696 abdicant,
916 3621 945 3683 si
967 3620 1038 3684 berre
1059 3621 1300 3698 animadvertas,
1320 3623 1410 3687 iaici
1462 3627 1625 3703 eoguntur
1647 3621 1821 3700 respicere,
1848 3620 1934 3701 quod
1961 3631 2058 3686 antea
2080 3645 2192 3689 secure
2215 3626 2433 3708 negligebant,

436 3707 519 3789 lipee.
563 3706 630 3770 Eos
657 3711 759 3769 aretem
785 3705 1011 3787 implacabilem
1032 3704 1135 3769 Deam
1157 3708 1272 3771 sentire
1292 3709 1410 3771 mairam
1461 3707 1523 3770 sibi
1544 3704 1627 3767 nihil
1647 3726 1717 3769 esse
1739 3705 1830 3783 boni,
1860 3707 1923 3770 nisi
1950 3708 1985 3770 in
2007 3709 2142 3772 Domini
2172 3712 2301 3775 auxilio.
2346 3712 2435 3777 Illud

435 3799 558 3869 nonest,
573 3791 795 3873 prrosIoaanes
812 3794 918 3854 iresca
931 3791 1410 3874 eamaieaaffirmatncafaiese
1461 3799 1571 3855 autem
1592 3809 1659 3852 non
1683 3801 1750 3853 tam
1771 3790 1964 3872 implorant,
1993 3814 2091 3874 quam
2113 3794 2174 3859 sibi
2196 3796 2342 3861 ablatum
2365 3819 2436 3862 esse

435 3876 1191 3962 eeclesiisaquibaaeeiemat(1loann.2‚12).
1215 3876 1408 3943 Sermonem
1462 3883 1608 3961 gemunt.
1651 3875 1768 3957 ltaque
1795 3875 1879 3939 nihil
1902 3877 1990 3941 aliud
2013 3881 2175 3963 significat
2196 3884 2355 3965 propheta
2377 3905 2436 3965 per

437 3963 598 4046 siquidem
620 3964 654 4026 in
675 3985 730 4027 eos
752 3961 877 4044 dirigit,
907 3963 963 4043 qui
984 3962 1173 4044 religionem
1196 3963 1410 4028 christianam
1461 3963 1645 4039 clamorem,
1669 3961 1834 4041 apostolus
1854 3963 2098 4049 perlacrymas,
2122 3988 2220 4048 quam
2234 3977 2435 4033 tormentum

435 4071 470 4114 11
499 4057 645 4130 repetere
667 4070 762 4130 posse
784 4048 1063 4130 imaginabantur,
1094 4048 1156 4112 etsi
1178 4049 1279 4112 semel
1307 4052 1347 4114 ab
1370 4072 1409 4115 ea
1461 4048 1544 4113 illud
1565 4046 1719 4110 horribile
1750 4047 1835 4128 quod
1862 4048 1980 4131 impios
2008 4073 2049 4114 ex
2072 4052 2294 4134 desperatione
2316 4056 2383 4118 urit
2403 4062 2437 4119 et

436 4135 634 4211 defecerant3
656 4155 735 4216 quos
758 4133 798 4198 ab
817 4133 878 4198 hae
901 4133 982 4197 falsa
1003 4140 1037 4196 et
1054 4134 1237 4215 perniciosa
1259 4135 1409 4217 opinione
1462 4133 1643 4198 discruciat.
1688 4131 1757 4196 Hoc
1783 4133 2434 4219 11111111111111111111111111111111,

436 4242 591 4297 avocans,
615 4219 802 4300 dicitquod
826 4219 1033 4284 verissimum
1055 4229 1121 4296 est,
1147 4241 1214 4283 non
1236 4229 1347 4302 patere
1369 4222 1410 4285 iis
1462 4221 1538 4301 qaia
1559 4238 1660 4283 secam
1677 4218 1796 4298 alioqui
1812 4227 1971 4302 properaret
1982 4221 2080 4301 Deae,
2103 4227 2158 4304 qui
2174 4247 2236 4306 per
2252 4226 2436 4305 proplietam

435 4307 576 4370 reditum
599 4305 1410 4386 110111111111111111111111,1111111111111111
1462 4307 1589 4382 elamat,
1618 4325 1651 4366 sc
1672 4306 1845 4384 propitium
1870 4307 1936 4387 sore
1962 4309 2058 4372 simul
2086 4330 2122 4372 ae
2149 4332 2313 4374 coacereas
2338 4311 2436 4390 feerit

436 4393 581 4456 volentes
599 4391 802 4474 proiecerint.
837 4390 1148 4468 Proiieiuntautem,
1172 4411 1239 4454 non
1258 4392 1314 4472 qui
1331 4393 1410 4455 sim·
1456 4396 1599 4472 peccator
1626 4390 1697 4473 (Ea.
1721 4395 1775 4468 18,
1802 4397 1852 4455 20.
1879 4393 1944 4476 21).
1994 4394 2029 4457 E
2071 4395 2342 4476 (queamdmodum
2369 4396 2435 4456 iam

435 4477 562 4559 pliciter·
579 4477 736 4541 dissoluta
753 4478 841 4542 vitae
859 4476 990 4539 licent-ia
1001 4476 1139 4540 verbum
1149 4477 1286 4540 Domini
1303 4488 1410 4542 trans·
1461 4479 1546 4560 diei)
1560 4475 1703 4539 amimam
1718 4476 1853 4542 beminis
1871 4480 1904 4540 iri
1921 4479 2035 4542 melitae
2051 4480 2168 4542 raritari
2187 4480 2322 4540 ricuniri
2338 4499 2435 4557 prae·

436 4564 646 4645 gradiuntur,
675 4562 732 4628 sed
760 4563 815 4644 qui
844 4570 949 4626 totam
978 4561 1047 4625 eius
1069 4560 1250 4625 doctrinam
1272 4585 1313 4626 ex
1334 4586 1409 4645 pro·
1462 4564 1597 4626 veniente
1616 4563 1705 4627 illius
1723 4565 1830 4645 pratia
1846 4569 1961 4627 eertum
1978 4570 2028 4628 est.
2062 4564 2111 4627 De
2133 4565 2321 4626 invocatione
2342 4565 2435 4626 etiam

435 4650 519 4712 11111
553 4649 711 4713 1111111111.
768 4651 858 4731 Ergo
891 4647 1130 4730 paralogismus
1162 4655 1213 4711 est
1244 4649 1278 4711 in
1311 4651 1410 4713 verbo
1463 4669 1624 4728 rruaqaom
1648 4649 1736 4728 fallet
1756 4651 1935 4729 promissio.
1982 4649 2042 4711 Sed
2070 4649 2223 4711 conversio
2249 4653 2276 4710 11
2297 4651 2435 4727 precatm

434 4732 626 4815 prolabendi
649 4742 682 4796 et
702 4736 866 4816 peccandi.
901 4732 1066 4813 Quoniam
1087 4733 1212 4814 prolabi
1233 4734 1410 4798 Novatiani
1462 4735 1631 4814 improprie
1651 4740 1776 4798 vocatur
1794 4755 1915 4799 eaerum
1937 4735 2017 4797 illud
2037 4738 2216 4796 tormentum
2238 4754 2297 4813 qao
2320 4734 2436 4798 distre

436 4821 708 4898 interpretantur,
732 4822 759 4884 si
782 4821 871 4901 quis,
894 4819 966 4902 lege
987 4818 1123 4882 Domini
1145 4840 1213 4882 non
1235 4820 1410 4884 furandum
1462 4820 1578 4883 1111111
1607 4821 1744 4900 reprobi,
1782 4841 1877 4900 qaum
1907 4821 2008 4883 Deum
2040 4818 2101 4880 eibi
2130 4819 2338 4897 quaererem
2371 4841 2436 4886 esse

358 4910 363 4915 '
435 4927 495 4969 neo
518 4902 728 4966 scortandum
745 4904 887 4979 edoctus,
910 4906 1030 4968 afurto
1052 4913 1109 4968 aut
1130 4906 1326 4969 scortatione
1343 4927 1411 4971 non
1462 4907 1565 4969 eidem
1590 4911 1628 4969 11
1650 4906 1810 4970 inveniam
1835 4906 1931 4969 realis
1963 4904 2032 4966 suis
2060 4903 2243 4981 remediare,
2278 4909 2306 4968 et
2333 4910 2435 4970 lamen

437 4989 605 5053 abstineat.
650 4989 697 5051 At
718 4998 831 5054 centra
852 4990 985 5055 subesse
1005 4992 1140 5056 tacitam
1161 4993 1341 5056 antithesin
1363 4993 1410 5056 af·
1462 4994 1530 5057 eius
1550 5012 1706 5057 oceasum
1726 4992 1892 5073 resupinat.

436 5077 543 5151 firmo,
578 5075 612 5136 in
643 5093 707 5156 qua
735 5076 838 5155 repeti
866 5074 1005 5139 debeant
1032 5078 1196 5140 contraria
1229 5079 1339 5142 omnia
1370 5079 1410 5142 iis
1550 5083 1598 5142 25.
1648 5079 1815 5159 Quaeritur
1836 5083 1945 5151 raama,
1967 5093 2062 5153 quam
2084 5080 2166 5156 erepet
2187 5077 2342 5155 apostolas
2361 5078 2435 5157 fieta

438 5182 519 5242 quae
553 5159 645 5241 prius
675 5159 760 5223 diota
786 5160 930 5237 fuerant;
964 5168 1001 5222 ut
1028 5161 1081 5223 hic
1113 5183 1179 5225 non
1212 5164 1410 5245 particulare
1456 5166 1646 5262 ppeailealia
1672 5164 1798 5244 placari
1826 5162 1943 5237 Deam,
1977 5160 2124 5240 quamdo
2157 5161 2278 5225 veniam
2305 5163 2435 5241 adeptus

438 5246 566 5328 aliquod
595 5246 726 5322 vitium,
758 5244 814 5307 sed
842 5244 1037 5306 universalis
1065 5247 1192 5325 aversio
1220 5250 1348 5328 aDeo,
1377 5259 1411 5314 et
1462 5256 1503 5314 sil
1526 5251 1647 5323 Achab,
1674 5253 1702 5310 et
1722 5267 1856 5327 poertam
1880 5246 1942 5310 eibi
1961 5246 2110 5309 indictam
2132 5249 2275 5311 averterit
2297 5247 2326 5329 (l
2350 5247 2433 5329 Reg.

437 5333 551 5408 totius,
574 5326 613 5394 ut
632 5332 678 5393 ita
698 5331 827 5412 loquar,
849 5329 992 5392 hominis
1014 5331 1176 5408 apostasia
1196 5334 1408 5414 exprimatur.
1463 5339 1514 5414 21,
1528 5336 1601 5420 27),·
1623 5354 1712 5414 quem
1730 5341 1832 5397 tamea
1849 5353 1910 5395 coa
1926 5332 1992 5395 nisi
2008 5330 2107 5395 sabao
2122 5353 2240 5413 pavore
2254 5332 2435 5411 fuissesort-

438 5415 548 5496 Quum
577 5437 655 5500 ergo
680 5416 773 5494 dicit,
802 5436 857 5480 eos
883 5414 939 5495 qui
965 5412 1109 5495 prolapsi
1130 5415 1211 5492 sint,
1239 5427 1410 5500 postquam
1461 5425 1632 5485 eternorum
1652 5439 1690 5481 ea
1709 5418 1827 5497 reliquo
1845 5422 1947 5482 tenore
1966 5419 2048 5484 oilae
2068 5424 2205 5497 apparet.
2235 5416 2346 5480 Induit
2367 5419 2436 5498 qai

439 5503 537 5566 semel
566 5502 742 5566 illuminati
767 5502 915 5578 fuerunt,
946 5504 1161 5582 gustaverunt
1188 5498 1310 5564 donum
1339 5523 1411 5568 coe-
1462 5500 2437 5582 1111111111,11111111111111111,1111111111111,11(11111·

439 5586 533 5666 leste,
557 5589 732 5672 participes
753 5588 830 5653 facti
852 5592 929 5651 sunt
951 5583 1087 5671 spiritus
1109 5585 1228 5662 saneti,
1257 5595 1412 5669 gustave-
1462 5590 1629 5654 admodum
1661 5590 1867 5651 testimariam
1903 5591 1953 5654 iili
1982 5587 2138 5671 redditur)
2173 5586 2357 5650 humiliatus
2390 5595 2437 5654 ese

438 5675 635 5767 1111111111
654 5675 778 5739 bonnm
797 5667 1414 5752 Ι)1111111111,1111111111111111111
1463 5694 1567 5738 coram
1596 5674 1680 5753 Deo,
1709 5675 1763 5738 sed
1788 5695 1909 5755 param
1938 5675 2003 5758 fait
2032 5679 2127 5740 meas
2156 5673 2306 5751 scindere,
2338 5692 2437 5754 qaam

2174 5772 2230 5826 29⁸
