5600 6809
360 787 419 850 ⁷01
576 783 667 849 LIB.
689 784 753 850 ΙΠ.
798 785 862 850 Da
884 782 1021 850 MODO
1042 780 1391 849 PEROIPIENDAE
1415 779 1607 848 OHRISI'I
1628 779 1846 849 estella.
1891 782 1990 849 OAP.
2013 784 2144 851 XXIII.
2303 792 2364 854 702

358 980 457 1055 rupta
478 991 587 1037 massa
605 973 634 1036 si
655 972 818 1054 desumpti
839 979 915 1037 eunt
937 990 1058 1048 omnes,
1081 993 1149 1035 non
1169 971 1291 1035 mirum
1308 972 1338 1036 si
1388 989 1439 1034 eos
1459 970 1578 1052 spiritu
1598 989 1655 1034 suo
1675 990 1737 1035 non
1758 971 1909 1053 dignetur.
1954 972 2005 1036 Ae
2020 974 2224 1055 ¹prodigiosus
2248 982 2293 1040 est
2313 977 2365 1041 be

359 1057 562 1122 damnationi
584 1056 760 1123 subiacent
794 1057 845 1122 Ne
863 1076 942 1141 ergo
960 1057 1069 1121 Deum
1087 1057 1268 1139 iniquitatis
1285 1057 1336 1120 in-
1387 1057 1510 1119 minnm
1529 1057 1628 1135 farer,
1650 1056 1726 1120 dum
1747 1057 1794 1120 ita
1820 1058 1955 1121 rationis
1975 1078 2052 1122 suae
2072 1059 2196 1125 modulo
2215 1061 2366 1137 amaea,

360 1142 516 1207 simulent
538 1143 566 1207 si
588 1151 721 1207 aeterno
739 1144 810 1207 eius
832 1143 952 1209 iudicio
971 1143 1069 1206 morti
1088 1141 1243 1207 destinati
1260 1143 1336 1220 sint,
1389 1146 1538 1222 oppane
1557 1141 1638 1222 quod
1659 1141 1845 1205 irnnmnsum
1865 1146 1918 1206 est.
1962 1143 2114 1225 Angelos,
2142 1147 2198 1225 qui
2217 1151 2366 1211 stetermd

360 1228 521 1310 adquam
545 1249 647 1293 asua
675 1229 822 1312 ipsorum
849 1237 969 1293 natura
996 1235 1112 1310 sponte
1138 1248 1172 1294 se
1192 1228 1336 1309 pedari,
1388 1226 1425 1289 in
1441 1246 1502 1290 saca
1518 1227 1700 1309 intepritate,
1721 1226 1847 1291 Paulus
1863 1229 1969 1293 clectos
1985 1235 2072 1294 occat
2089 1228 2121 1313 (1
2139 1232 2222 1295 Tim.
2243 1238 2270 1309 5,
2291 1234 2365 1315 21),·

361 1314 456 1378 retiret
476 1313 586 1392 nolint,
612 1315 677 1395 ipsi
697 1316 842 1378 sentiunt.
893 1313 979 1378 Unde
1005 1319 1137 1395 apparet
1154 1333 1248 1394 quam
1262 1334 1338 1393 per·
1388 1313 1419 1375 si
1445 1332 1552 1376 enum
1579 1313 1750 1376 constomia
1779 1313 1814 1375 in
1835 1313 1900 1379 Dei
1926 1313 2111 1394 ιενιιριαιιιο
2136 1317 2274 1398 fundata
2291 1319 2363 1398 fad,

358 1419 449 1463 nasa
469 1400 511 1462 sit
538 1399 731 1479 obstrependi
752 1401 915 1482 affectatio,
943 1399 1024 1479 quod
1048 1399 1125 1463 data
1150 1419 1243 1480 opera
1265 1420 1337 1481 sup
1388 1397 1525 1461 aliomm
1551 1397 1676 1478 defectio
1705 1399 1812 1480 orauit
1841 1399 1942 1479 fuisse
1972 1401 2138 1465 declinas.
2190 1401 2289 1466 Gutus
2317 1405 2366 1468 rei

354 1486 501 1565 primunt
527 1505 623 1567 quam
649 1486 739 1549 inse
766 1505 927 1568 nauseare
953 1489 1102 1566 mfflcntm
1124 1485 1336 1549 damnationis
1389 1501 1486 1546 cama
1512 1503 1573 1546 non
1594 1488 1694 1562 potest
1722 1484 1790 1547 alia
1817 1484 1933 1548 adduci
1959 1506 2054 1565 quam
2075 1487 2263 1567 reprobatio,
2285 1509 2365 1569 quae

359 1589 498 1649 causam,
521 1576 556 1634 ut
572 1569 637 1634 Dei
652 1576 836 1650 nouenos
857 1590 907 1639 cos
929 1571 1041 1635 liberet
1085 1571 1193 1650 Atqui,
1215 1576 1251 1634 ut
1271 1591 1337 1635 cen-
1388 1570 1425 1632 in
1446 1587 1562 1632 arcane
1583 1569 1647 1632 Dei
1668 1570 1799 1633 consilio
1820 1569 2000 1635 abscondita
2021 1577 2073 1635 est.

359 1657 417 1720 ties
443 1655 549 1720 Deum
575 1675 640 1720 esse
667 1660 806 1719 autorem
833 1655 993 1735 mnfitear,
1029 1657 1110 1736 quod
1138 1656 1336 1720 ammanium
1475 1659 1502 1715 5.
1554 1655 1644 1736 Age,
1676 1653 1763 1718 adsit
1793 1678 1880 1721 nnnc
1912 1656 2126 1723 Manichacus
2158 1660 2274 1741 aliquis
2307 1666 2366 1723 aut

360 1747 420 1820 est,
453 1761 515 1805 reon
535 1742 685 1821 protinus
710 1746 812 1805 tamen
844 1743 959 1805 crinren
986 1742 1093 1805 eluunt
1119 1742 1200 1822 quod
1230 1762 1336 1806 eorum
1388 1735 1609 1817 Caelestinus,
1637 1738 1767 1803 divinae
1788 1741 2013 1822 providentiae
2040 1743 2270 1823 calumniator,
2293 1744 2364 1810 dieo

359 1827 555 1890 conscientiis
576 1825 765 1906 insculptum
785 1827 916 1891 subinde
936 1847 1043 1891 eorum
1070 1827 1168 1891 mulis
1193 1828 1334 1892 rmurrit.
1388 1842 1461 1888 aum
1479 1824 1594 1901 Paulo,
1617 1826 1775 1888 rationem
1794 1827 1863 1891 eius
1881 1849 1947 1890 non
1964 1848 2034 1892 esse
2056 1827 2264 1907 reddendam,
2287 1831 2365 1912 quia

445 1916 474 1975 4.
508 1910 649 1976 Rursum
664 1913 836 1994 campiani:
855 1932 965 1976 nonne
983 1912 1025 1975 ad
1042 1933 1123 1990 eam,
1142 1934 1225 1994 quae
1247 1934 1335 1978 nunc
1387 1909 1615 1991 magnitudine
1642 1931 1703 1974 sua
1729 1911 1980 1995 intelligentiam
2008 1922 2156 1977 nostram
2183 1914 2281 1997 longe
2310 1936 2364 1979 su-

359 2017 419 2080 pro
437 1997 658 2062 damnationis
676 2018 776 2062 causa
793 1996 989 2075 obtenditur,
1012 2001 1253 2079 corruptionem
1271 1999 1336 2063 Dei
1386 2002 1487 2076 peret.
1539 1993 1629 2075 Quid
1657 1995 1799 2059 mirum?
1830 2008 1887 2060 aut
1915 1999 1992 2080 quid
2015 1998 2213 2063 absurdum?
2242 2000 2364 2065 velitne

358 2081 562 2147 ordinatione
584 2082 818 2164 praedestinati
840 2092 916 2147 ante
937 2083 1089 2147 fuerant?
1124 2082 1236 2165 Quum
1258 2105 1335 2168 ergo
1387 2078 1453 2143 Dei
1478 2081 1658 2162 potentiam
1685 2082 1733 2146 sic
1760 2080 1931 2147 limitatam
1954 2104 2041 2162 esse,
2064 2094 2103 2148 ιιι
2127 2085 2268 2169 nequid
2290 2086 2365 2169 plus

358 2169 394 2232 in
412 2189 472 2232 sua
491 2169 699 2250 corruptione
715 2174 864 2251 pereunt,
886 2168 970 2232 nihil
992 2169 1086 2233 aliud
1099 2190 1197 2251 quam
1214 2191 1336 2253 poenas
1388 2164 1431 2228 ad
1452 2166 1615 2248 agendum
1644 2166 1754 2230 valeat
1777 2188 1875 2248 quam
1903 2191 1997 2233 mens
2023 2190 2083 2234 sua
2108 2171 2237 2252 capiat?
2280 2172 2364 2236 Dioo

358 2252 457 2318 luunt
484 2255 554 2318 eius
580 2253 777 2318 calamitatis
802 2255 837 2318 in
865 2273 963 2335 quam
990 2254 1093 2336 ipsius
1114 2255 1335 2338 praedestina-
1387 2271 1463 2341 qum
1484 2252 1685 2334 Augustino,
1705 2252 1730 2335 ¹)
1752 2273 1823 2317 esse
1846 2275 1866 2317 a
1887 2253 2030 2318 Domino
2052 2263 2195 2333 creatos,
2226 2278 2306 2339 quos
2328 2258 2364 2320 in

357 2341 447 2403 tione
474 2339 586 2422 lapsus
613 2347 664 2404 est
681 2339 805 2417 Adam,
828 2361 866 2404 ao
885 2347 1030 2420 posteros
1050 2361 1125 2405 suos
1145 2342 1336 2423 praecipites
1388 2336 1526 2400 exitium
1558 2338 1661 2400 ituros
1688 2338 1759 2402 sine
1790 2338 1990 2404 dubitatione
2021 2341 2236 2422 praesciebat,
2267 2342 2365 2424 idque

358 2444 463 2488 secam
483 2426 590 2489 naen.
635 2425 757 2489 Annon
784 2425 894 2507 itaque
911 2425 1067 2504 iniustus,
1095 2428 1150 2509 qui
1178 2428 1336 2492 creaturis
1386 2420 1435 2485 ita
1454 2422 1577 2486 factum
1598 2423 1676 2504 quia
1697 2425 1743 2488 sic
1764 2422 1876 2489 voluit.
1910 2424 2107 2490 (iurantem
2125 2427 2274 2504 voluerit,
2296 2448 2364 2492 non

360 2510 428 2574 suis
456 2517 525 2573 tam
552 2508 729 2574 crudeliter
758 2509 888 2574 illudit?
932 2511 1054 2577 Fateor
1075 2534 1154 2577 sene
1181 2515 1217 2577 in
1240 2513 1334 2591 hanc,
1387 2527 1458 2571 esso
1480 2515 1629 2572 nostrum
1651 2510 1810 2576 rationem
1831 2511 1978 2593 exigere,
2006 2511 2062 2593 qui
2087 2512 2363 2593 comprehendere

358 2616 423 2676 qua
455 2616 542 2659 nunc
573 2594 693 2678 illigati
724 2604 817 2673 sunt,
851 2596 1043 2662 conditionis
1075 2598 1242 2662 miseriam
1268 2596 1334 2662 Dei
1387 2597 2193 2678 11011Ρο8811111118ἱ116111166οὓ1611ἱ1θ,11ῒᾶἱῆΠὸ
2212 2598 2363 2663 1011111ῒῦ

357 2678 526 2744 voluntate
549 2679 704 2745 ddeidisse
732 2682 905 2746 universos
927 2682 1010 2746 filios
1031 2680 1153 2762 Adam;
1182 2691 1279 2766 atque
1300 2683 1334 2747 id
1385 2677 1422 2741 in
1440 2681 1694 2744 controversiam
1714 2680 1801 2763 apud
1817 2704 1877 2747 nos
1895 2682 2079 2761 descendat,
2099 2682 2139 2746 de
2157 2705 2221 2765 qua
2237 2684 2363 2765 quoties
2452 2753 2463 2773 ,

357 2772 408 2830 est
425 2764 511 2846 qnod
528 2765 688 2848 principio
706 2765 862 2845 dicebam,
882 2765 1083 2832 redeundum
1101 2767 1236 2832 tandem
1252 2790 1335 2834 sem·
1386 2762 1527 2828 habetur
1548 2785 1663 2843 sermo,
1686 2766 1747 2830 snb
1767 2769 1869 2850 ipsius
1891 2769 2024 2831 nomine
2045 2788 2200 2851 suprema
2219 2770 2363 2834 iustitiae

356 2871 416 2933 per
431 2870 503 2914 esse
518 2850 560 2915 ad
577 2851 683 2915 solum
699 2850 831 2917 divinae
847 2851 1024 2918 voluntatis
1041 2855 1222 2933 arbitrium,
1241 2856 1334 2920 cuius
1386 2849 1501 2934 regala
1528 2851 1725 2915 nominatur.
1777 2851 1865 2933 Quid
1892 2873 1971 2937 ergo
1998 2853 2038 2917 de
2063 2853 2237 2935 iniquitate
2263 2875 2363 2937 quae-

357 2956 456 3002 oausa
477 2936 521 3000 sit
542 2937 576 2999 in
598 2936 668 3017 ipso
691 2936 887 3002 abscondita
932 2936 1001 3003 Sed
1019 2960 1085 3003 non
1106 2941 1255 3022 protinus
1283 2962 1333 3006 se-
1385 2937 1449 3001 stio
1466 2944 1625 3012 movetur,
1644 2937 1700 3001 ubi
1716 2939 1841 3017 iustitia
1858 2938 1946 3004 clare
1960 2938 2119 3020 apparet?
2152 2938 2267 3021 Neque
2284 2960 2363 3004 vero

257 3027 261 3034 '
357 3023 477 3104 quitur,
501 3021 578 3085 huic
600 3022 830 3087 obtrectationi
850 3023 962 3088 Deum
988 3025 1163 3090 subiacere.
1208 3024 1333 3092 Oeeur-
1386 3040 1447 3086 nos
1467 3021 1590 3104 pudeat
1613 3022 1837 3104 improborum
1863 3045 1922 3088 ora
1942 3024 2042 3089 Pauli
2067 3024 2216 3105 exemplo
2238 3025 2284 3088 sio
2306 3026 2362 3089 ob-

356 3128 467 3172 remus
489 3108 577 3170 enim
603 3127 677 3171 oum
699 3107 806 3172 Paulo
829 3108 937 3192 (Rom.
958 3115 994 3188 9,
1013 3112 1069 3192 ιθ)
1091 3112 1126 3174 in
1148 3112 1236 3177 huno
1263 3133 1333 3177 mo·
1386 3114 1529 3184 struere,
1562 3127 1600 3171 ac
1627 3109 1751 3189 quoties
1778 3109 1942 3174 oblatrare
1970 3109 2151 3185 audebunt,
2184 3106 2364 3174 identidem

357 3192 447 3256 dum:
471 3214 490 3256 o
512 3192 618 3270 homo,
642 3201 678 3256 tu
708 3194 781 3274 quis
810 3213 845 3258 es
873 3196 928 3277 qui
956 3195 1116 3279 disceptes
1143 3219 1217 3263 oum
1238 3198 1332 3271 Deo‘l
1386 3199 1547 3274 repetere:
1567 3193 1700 3274 quinam
1717 3196 1795 3259 estis
1808 3196 1920 3259 miseri
1937 3194 2096 3271 homines,
2115 3196 2168 3275 qui
2180 3194 2252 3258 Deo
2270 3214 2363 3258 accu-

354 3298 435 3341 num
462 3278 657 3360 figmentum
685 3278 764 3344 dicit
790 3279 819 3343 ei
842 3281 897 3362 qui
919 3301 953 3344 se
973 3282 1084 3346 finxit:
1114 3303 1174 3348 cur
1193 3303 1248 3347 me
1270 3285 1334 3348 fin-
1385 3279 1546 3343 sationem
1566 3278 1760 3344 intentatis?
1791 3289 1825 3344 et
1844 3277 1917 3344 ideo
1938 3280 2107 3344 intentatis
2128 3280 2206 3361 quia
2227 3300 2363 3361 operum

355 3363 435 3426 xisti
465 3362 531 3427 sio‘l
571 3384 681 3428 annon
710 3364 810 3430 habet
837 3373 1032 3448 potestatem
1057 3368 1193 3451 figulus,
1226 3376 1264 3433 ut
1292 3390 1334 3433 ex
1386 3384 1519 3428 suorum
1550 3364 1810 3447 magnitudinem
1839 3365 1881 3430 ad
1913 3363 2090 3430 ruditatem
2121 3373 2266 3430 vestram
2295 3384 2363 3429 non
2407 3374 2411 3385 '

354 3447 470 3513 eadem
492 3469 601 3514 massa
621 3450 721 3515 meiat
742 3470 800 3516 vas
828 3451 917 3516 aliud
938 3452 974 3515 in
995 3451 1162 3530 honorem,
1185 3454 1276 3520 aliud
1296 3455 1334 3518 in
1386 3449 1608 3533 attemperat?
1657 3449 1760 3531 Quasi
1777 3473 1854 3516 vero
1876 3452 1949 3516 ideo
1982 3471 2136 3534 perversa
2168 3451 2250 3527 sint,
2285 3452 2362 3532 quia

231 3538 237 3544 ’
355 3533 609 3599 contumeliam?
643 3535 822 3619 Negabunt
841 3538 890 3601 ita
906 3550 984 3603 rere
1005 3537 1136 3603 defendi
1153 3539 1217 3604 Dei
1237 3540 1333 3605 iusti·
1385 3536 1478 3601 carni
1499 3542 1576 3601 sunt
1593 3537 1726 3601 occulta
1762 3537 1963 3602 Immeneitas
1979 3537 2167 3601 iudiciorum
2181 3534 2247 3600 Dei
2263 3536 2363 3600 daras

355 3619 445 3696 tiam,
469 3620 527 3683 sed
549 3619 791 3704 subterfugium
813 3624 946 3704 captari,
969 3624 1065 3706 quale
1087 3625 1207 3691 habere
1227 3626 1333 3692 solent
1385 3623 1601 3703 namneus
1621 3621 1708 3686 nobis
1727 3628 1801 3687 noto
1821 3629 1873 3687 est.
1919 3621 2015 3685 Scitis
2040 3622 2146 3684 uocari
2162 3621 2360 3702 profundam

355 3706 411 3786 qui
433 3707 521 3770 iusta
542 3707 750 3771 excusatione
773 3707 1005 3774 destituuntur.
1050 3709 1141 3791 Quid
1168 3711 1256 3775 enim
1277 3712 1332 3776 hic
1384 3706 1532 3789 abyssum
1553 3706 1655 3790 (Psal.
1676 3711 1726 3785 36,
1746 3707 1789 3791 7).
1824 3707 1918 3770 Nunc
1937 3705 2056 3788 inperii
2077 3708 2172 3769 cesti
2195 3709 2361 3790 aupustias

354 3791 444 3855 aliud
470 3789 533 3856 dici
555 3790 701 3871 videtur,
732 3814 830 3875 quam
851 3794 925 3857 Deo
947 3815 1019 3875 esse
1040 3799 1220 3880 potentiam
1248 3818 1331 3879 quae
1383 3793 1546 3870 moabite,
1580 3813 1622 3857 an
1654 3792 1736 3871 quod
1766 3793 1897 3857 decreuit
1928 3790 2016 3871 apud
2044 3809 2077 3853 se
2102 3790 2194 3856 Deus
2223 3793 2359 3873 copiari.

353 3875 505 3960 impediri
536 3899 559 3940 n
601 3889 678 3941 ucat
708 3878 897 3960 quominus,
930 3890 1028 3963 prout
1058 3882 1189 3947 libitum
1221 3883 1330 3962 firerit,
1387 3880 1472 3960 Quid
1492 3897 1562 3958 erpo
1581 3879 1671 3940 iuuat
1689 3896 1805 3942 uesano
1831 3877 2035 3957 inquisitione
2055 3895 2109 3940 vos
2129 3879 2303 3960 danerym
2322 3879 2360 3942 in

354 3961 484 4045 quidvis
506 3896 605 4045 agabl
640 3963 768 4028 Verum
789 3964 886 4048 longe
907 3985 1000 4032 secus
1022 3975 1079 4032 est.
1124 3967 1219 4049 Quae
1242 3971 1331 4035 enim
1383 3966 1538 4047 abyssurn,
1560 3982 1655 4042 qnam
1674 3961 1760 4026 nobis
1780 3957 2021 4043 exitialem‘fore
2040 3963 2124 4026 ratio
2143 3964 2217 4044 ipsa
2237 3964 2357 4029 dictat?

352 4049 533 4130 protentior
560 4049 672 4112 afferri
700 4050 784 4113 ratio
810 4057 918 4131 potest
945 4071 1044 4133 quam
1071 4052 1150 4117 dum
1178 4055 1330 4120 iubemur
1384 4049 1451 4114 Otr
1469 4070 1531 4113 aaa
1546 4068 1600 4112 vos
1614 4051 1713 4111 Mat
1734 4047 1855 4129 aliquit
1874 4049 1985 4113 saliem
2005 4045 2127 4134 collibet,
2149 4050 2234 4131 quod
2252 4050 2290 4114 de
2310 4051 2358 4114 iu·

351 4134 494 4218 cogitare
516 4135 590 4216 quis
612 4134 656 4198 sit
674 4132 790 4199 Deus?
834 4134 1004 4215 Quomodo
1029 4139 1117 4202 enim
1144 4139 1245 4202 ullam
1265 4141 1330 4204 ini·
1382 4133 1647 4217 comprehensibili
1667 4132 1732 4198 Dei
1758 4134 1914 4215 sapicrtbia
1935 4139 1963 4199 et
1983 4133 2119 4199 terribili
2133 4136 2272 4214 potentio
2291 4139 2357 4199 tam

352 4222 510 4302 quitatem
532 4215 736 4309 admitteret,
763 4221 817 4301 qui
839 4221 938 4286 iudex
966 4230 1016 4287 est
1038 4222 1148 4289 orbis?
1189 4223 1245 4288 Ad
1265 4225 1330 4290 Dei
1381 4220 1515 4285 bismm'a
1543 4218 1598 4283 Iob
1626 4238 1721 4299 quam
1746 4218 1922 4301 mopbdici
1953 4219 2031 4284 libri
2056 4220 2267 4301 praedicant?
2318 4217 2357 4281 Si

352 4313 505 4370 naturam
532 4306 560 4369 si
587 4306 718 4387 proprie
744 4307 887 4388 pertinet
911 4305 1068 4372 iudicium
1089 4310 1211 4388 faeere,
1236 4310 1330 4375 iusti·
1381 4305 1589 4371 tumultuatur
1608 4323 1695 4368 ntcns
1715 4311 1786 4383 tua,
1812 4325 1851 4368 ne
1866 4306 1976 4388 pigeat
1997 4304 2172 4387 Augustini
2192 4302 2357 4367 amantium

353 4392 435 4455 tiam
456 4392 558 4474 igitur
579 4391 776 4456 naturaliter
804 4399 907 4469 amat,
933 4393 1126 4458 iniustitiam
1148 4403 1328 4460 aversatur.
1383 4392 1587 4474 ampiedi:²)
1630 4395 1664 4453 tu
1697 4389 1785 4454 bono
1810 4396 1970 4473 respectas
1990 4413 2012 4455 a
2032 4411 2081 4455 mc
2109 4407 2308 4468 responsurm3
2328 4393 2358 4452 et

354 4475 497 4541 Proinde
526 4497 603 4556 non,
626 4477 719 4559 quasi
741 4476 963 4560 deprehensus
984 4479 1076 4556 foret,
1100 4480 1265 4562 apostolus
1288 4481 1330 4545 ad
1382 4497 1435 4559 epo
1459 4497 1531 4541 sum
1554 4477 1649 4541 borna
1699 4474 1811 4557 Iusque
1841 4476 1929 4542 ambo
1955 4476 2127 4542 audiamus
2152 4473 2313 4537 dicmtem:
2340 4494 2359 4537 o

353 4561 518 4626 cuniculos
551 4564 762 4645 respectavit3
797 4563 854 4628 sed
886 4561 1045 4629 indicavit
1077 4564 1228 4629 altiorem
1258 4584 1330 4630 esse
1381 4560 1470 4627 bano
1496 4567 1531 4626 tu
1556 4563 1629 4643 quis
1649 4563 1705 4626 es?
1731 4563 1841 4628 melior
1867 4569 1912 4627 est
1930 4561 2034 4642 tidelis
2059 4558 2238 4643 ipnorantia
2262 4578 2359 4637 quam

352 4647 496 4710 iustitiae
516 4647 646 4714 divium
657 4651 819 4714 rationem
839 4669 939 4733 quam
955 4649 1058 4715 utvel
1076 4651 1219 4717 humano
1233 4651 1329 4716 modo
1380 4649 1548 4712 temeraria
1568 4649 1705 4714 marta
1753 4648 1874 4729 Quaere
1894 4648 2021 4712 merita:
2048 4665 2110 4708 non
2135 4645 2272 4707 invenies
2292 4645 2359 4709 nisi

352 4730 517 4795 metienda
544 4733 601 4808 sit,
632 4735 686 4799 vel
719 4736 845 4818 ingenii
875 4735 1013 4800 humani
1045 4738 1204 4802 tenuitate
1225 4736 1329 4821 possit
1377 4752 1525 4814 menam:
1547 4754 1565 4799 o
1584 4734 1736 4798 altitudo!
1759 4734 1873 4798 Petrus
1893 4728 2228 4816 nepat31atrocrcdit:
2249 4749 2267 4793 o
2288 4730 2362 4796 abti-

352 4814 592 4897 comprehendi.
615 4818 754 4884 Fatetur
764 4821 897 4904 quidem
910 4823 1084 4904 apostolus,
1107 4844 1179 4888 eam
1197 4825 1329 4889 subesse
1381 4820 1477 4885 tudo!
1522 4819 1655 4900 Quaeris
1688 4825 1729 4884 n·
1753 4818 1931 4884 rationem?
1965 4835 2017 4897 epo
2053 4834 2255 4896 expavescam
2289 4818 2360 4884 aiti-

352 4901 472 4967 aivins
494 4899 620 4965 iudiciis
641 4905 910 4986 profunditatem,
936 4930 956 4973 a
982 4929 1047 4991 qua
1067 4916 1193 4974 mentes
1214 4930 1328 4975 omnes
1379 4905 1525 4970 tudinem.
1561 4905 1611 4969 Tu
1630 4906 1827 4984 ratiocinare,
1850 4924 1903 4986 epo
1917 4899 2071 4979 mirabor,
2092 4905 2126 4965 tu
2146 4902 2282 4984 diqruta,
2305 4925 2359 4989 epa

352 4986 523 5051 hominum
545 4985 766 5055 absorbendae
784 4993 853 5056 sint
869 4995 898 5058 si
915 5005 1074 5060 conentur
1091 5015 1129 5060 eo
1146 5004 1327 5078 penetrare.
1379 4993 1519 5057 credam:
1550 4991 1746 5055 altitudinem
1771 4989 1874 5065 video,
1907 4988 1949 5051 ad
1974 4985 2172 5066 profundum
2199 5009 2261 5053 non
2283 5012 2358 5072 per-

352 5071 420 5139 Sed
441 5073 524 5137 docet
544 5071 640 5135 ctiam
665 5093 764 5154 quam
791 5076 964 5165 indignum
987 5081 1030 5144 sit
1052 5080 1094 5163 ad
1121 5103 1193 5146 eam
1221 5082 1329 5166 legem
1380 5078 1476 5142 aenio
1522 5075 1686 5157 Requieait
1709 5073 1846 5152 Paulus,
1868 5073 1946 5154 quia
1968 5072 2209 5136 admirationes
2230 5075 2355 5141 muenit.

350 5158 500 5241 redigere
522 5157 586 5221 Dei
609 5176 722 5239 opera,
745 5167 797 5238 ut,
826 5161 963 5227 simulac
985 5183 1098 5228 eorum
1124 5169 1208 5231 ratio
1234 5168 1329 5232 nobis
1388 5163 1483 5228 Vocat
1512 5162 1565 5226 ille
1596 5159 1816 5224 immutabilia
1841 5157 1905 5223 Dei
1932 5158 2067 5235 iudicia,
2102 5163 2132 5220 ct
2157 5164 2191 5222 tu
2217 5164 2356 5226 scrutari

352 5265 418 5309 uon
451 5242 648 5320 constiterit,
684 5243 867 5325 improbare
898 5244 1084 5312 audeamus.
1136 5253 1255 5317 Notum
1285 5257 1330 5317 est
1380 5248 1515 5312 amisti?
1554 5246 1620 5310 lile
1646 5245 1722 5308 dicit
1748 5244 1976 5327 inuedipabilcs
2003 5244 2072 5308 mus
2097 5244 2182 5324 nias,
2207 5250 2289 5309 ettu
2308 5267 2355 5311 ae-

350 5331 467 5395 dictum
491 5329 665 5394 Solomonis
691 5328 971 5413 (Pror.26,10),
999 5334 1081 5410 qnod
1110 5339 1213 5399 tamen
1228 5338 1329 5415 pauci
1379 5333 1503 5416 simas?
1534 5330 1681 5396 Ulterius
1702 5328 1904 5411 procedendo
1926 5329 2009 5394 nihil
2029 5330 2252 5412 proficiemus:
2277 5351 2354 5395 nam

351 5416 457 5480 dentre
485 5416 678 5497 mbiliaunt:
703 5434 837 5498 mapnras
863 5420 981 5479 nean
1001 5417 1140 5480 ornnium
1163 5422 1329 5485 mecedem
1379 5439 1439 5483 nee
1459 5417 1596 5483 satisfiet
1615 5436 1728 5479 eorum
1748 5415 1956 5497 petulantiae,
1978 5435 2038 5480 neo
2060 5414 2126 5478 alia
2146 5423 2221 5498 eget
2242 5415 2353 5480 defen·

352 5501 454 5565 reddit
473 5502 575 5579 multo,
596 5506 624 5564 et
645 5501 811 5566 mercedem
831 5499 1121 5584 transgressoribus.
1162 5502 1329 5568 Exclamat

352 5587 435 5652 enim
456 5587 493 5651 de
519 5587 735 5670 magnitudine
755 5586 834 5666 Dei,
862 5587 897 5650 in
923 5587 1015 5651 cuius
1041 5587 1175 5653 arbitrio
1195 5592 1240 5651 est
1255 5609 1329 5668 poe-
1380 5591 1516 5596 ”“”“
1530 5590 1566 5594 ”

352 5691 428 5736 nam
455 5692 576 5739 sumere
604 5673 642 5737 de
668 5673 772 5738 suan
800 5678 829 5738 et
853 5671 1151 5755 transgessoribus,
1183 5674 1328 5754 mamma
1449 5688 1478 5753 1)
1495 5688 1583 5754 apat.
1602 5687 1652 5740 106
1671 5686 1754 5756 (186).
1824 5689 1855 5756 ι)
1872 5691 1913 5743 ae
1930 5690 2021 5742 verbis
2038 5689 2135 5756 apost
2155 5688 2239 5740 sirm.
2257 5687 2299 5742 ιο.
