5600 6809
385 807 446 869 667
623 802 713 868 LIB.
737 800 801 866 III.
844 800 908 864 DE
931 797 1067 864 MODO
1087 797 1438 865 PEROIPInNDnn
1460 796 1653 865 onmem
1673 798 1892 866 cutmen.
1938 798 2037 866 OAP.
2060 800 2140 866 XX.
2326 807 2390 869 668

385 1000 473 1059 mare
496 991 618 1059 scilicet
644 989 847 1065 cubiculum,
878 994 911 1052 et
936 987 1046 1053 clauso
1074 987 1157 1051 ostio
1182 986 1229 1051 ibi
1256 1002 1358 1053 orare.
1413 1008 1456 1052 ne
1477 994 1535 1051 6136
1562 987 1854 1069 (quemadmodum
1875 988 2013 1054 saeculis
2035 990 2158 1071 aliquot
2180 990 2293 1056 haberi
2315 1012 2392 1059 coe·

386 1079 514 1160 Quibus
541 1076 664 1152 verbis,
693 1082 731 1139 ut
759 1096 819 1158 ego
846 1075 1061 1154 interpretor,
1090 1093 1283 1150 mesum„
1303 1073 1360 1155 qui
1413 1073 1547 1156 perant)
1570 1074 1702 1155 propria
1723 1096 1795 1139 csse
1815 1074 1881 1140 Dei
1905 1074 2090 1140 habitacula
2111 1074 2277 1156 ducamus,
2299 1075 2389 1143 unde

385 1185 446 1230 nos
474 1185 512 1229 eo
538 1163 629 1228 iuvet
655 1169 693 1225 nt
719 1168 788 1225 tnta
821 1159 1020 1243 cogitatione
1052 1158 1087 1221 in
1121 1179 1178 1223 cor
1209 1164 1360 1222 nostrum
1413 1159 1545 1241 propius
1563 1180 1676 1223 aurem
1694 1160 1789 1225 nobis
1811 1159 1998 1238 admoveat;
2025 1170 2082 1225 aut
2100 1170 2259 1227 secretam
2277 1163 2388 1229 nescio

387 1248 622 1316 descendamus
643 1254 676 1311 et
696 1245 923 1329 ingrediamur
944 1244 1091 1325 penitus,
1120 1263 1277 1325 quaerere
1298 1265 1358 1308 nos
1412 1263 1511 1325 quam
1528 1243 1593 1309 illis
1616 1246 1811 1328 affingamus
1833 1247 2050 1325 sanctitatem,
2072 1268 2154 1327 quae
2176 1248 2389 1314 secretiorem

387 1335 509 1413 docuit,
542 1333 763 1417 propinquum
795 1331 891 1395 nobis
918 1330 1028 1394 Deum
1055 1328 1157 1393 animi
1189 1329 1359 1395 affectibus
1413 1328 1501 1410 apud
1534 1330 1644 1394 Deum
1676 1331 1857 1396 orationem
1893 1330 2017 1395 reddat
2074 1332 2164 1397 Vera
2202 1334 2291 1397 enim
2322 1333 2389 1400 Dei

385 1422 589 1504 promittens,
608 1419 700 1484 cuius
717 1416 840 1498 templa
857 1436 928 1480 esse
946 1414 1067 1479 debent
1083 1434 1220 1497 corpora
1236 1422 1357 1479 nostra
1413 1415 1537 1498 templa
1558 1437 1659 1498 quum
1681 1417 1783 1481 simus
1805 1416 1884 1499 ipsi,
1915 1418 1952 1479 in
1974 1417 2068 1481 nobis
2095 1439 2225 1482 oremus
2250 1427 2388 1501 oportet,

385 1506 500 1588 Neque
528 1505 617 1570 enim
638 1523 759 1586 negare
781 1502 901 1577 voluit,
929 1500 1011 1583 quin
1034 1499 1107 1564 aliis
1130 1521 1257 1582 quoque
1278 1499 1359 1566 locis
1412 1498 1498 1564 siin
1525 1510 1637 1566 sancta
1664 1501 1786 1584 templo
1816 1522 1875 1566 suo
1909 1502 2017 1567 Deum
2045 1502 2196 1568 volumus
2223 1505 2386 1570 invocare.

387 1612 481 1656 orare
503 1589 671 1672 expediat;
694 1587 751 1653 sed
773 1608 843 1652 esse
864 1585 1020 1669 quiddam
1037 1594 1199 1650 secretum
1216 1585 1360 1650 ostendit
1411 1585 1509 1650 Illam
1527 1607 1605 1651 vero
1621 1587 1802 1651 crassitiem
1823 1587 1955 1652 Iudaeis
1973 1593 2032 1651 aut
2053 1589 2203 1670 gentibus
2224 1586 2389 1672 relinqua-

387 1678 577 1753 orationem,
598 1696 684 1757 qnae
705 1673 796 1738 etin
818 1672 927 1737 animo
949 1670 1157 1753 potissimum
1177 1671 1284 1736 locata
1305 1671 1358 1749 sit,
1411 1692 1503 1748 mus,
1532 1673 1588 1753 qui
1613 1682 1823 1755 praeceptum
1845 1673 2003 1738 habemus
2025 1671 2066 1737 de
2087 1674 2283 1752 invocando,
2305 1676 2390 1741 citra

388 1774 421 1827 et
452 1763 522 1826 eius
554 1759 843 1842 tranquillitatem,
876 1757 989 1838 procul
1021 1756 1173 1822 omnibus
1205 1777 1359 1822 curarum
1411 1756 1473 1821 loci
1508 1756 1750 1836 discretionem,
1785 1759 1821 1821 in
1853 1759 1970 1840 spiritu
2002 1769 2036 1822 et
2068 1760 2206 1824 veritate
2240 1761 2385 1826 Domino

387 1847 505 1924 turbis,
533 1847 685 1929 requirat.
730 1843 806 1908 Non
827 1863 906 1925 ergo
928 1843 999 1907 sine
1020 1862 1119 1907 causa
1139 1841 1211 1923 ipse
1231 1862 1358 1925 quoque
1412 1842 1539 1923 (Ioann.
1563 1848 1600 1920 4,
1625 1842 1689 1927 23).
1734 1843 1932 1909 Dedicetum
1962 1842 2093 1925 quidem
2124 1845 2285 1927 templum
2317 1853 2390 1910 erat

386 1934 564 2009 Dominus,
596 1952 697 2013 quum
729 1928 882 2011 precibus
913 1927 1101 1993 incumbere
1132 1927 1359 1992 vehementius
1411 1927 1489 1991 olim
1512 1927 1578 1991 Dei
1599 1930 1690 1994 iussu
1711 1930 1861 2010 precibus
1883 1951 1921 1994 66
1942 1930 2085 1995 victimis
2111 1930 2300 2008 offerendis;
2329 1930 2388 1995 sed

388 2018 500 2095 vellet,
533 2018 569 2081 in
601 2036 765 2082 secessum
797 2013 911 2096 procul
943 2012 1112 2077 hominum
1144 2013 1290 2077 tumultu
1323 2033 1358 2078 se
1412 2034 1475 2095 quo
1507 2022 1652 2095 tempore
1685 2015 1808 2079 veritas
1841 2016 1901 2080 sub
1935 2013 2056 2079 talibus
2089 2014 2213 2080 umbris
2245 2018 2389 2099 figurata

386 2103 584 2182 conferebat;
608 2102 666 2167 sed
686 2108 725 2165 ut
741 2121 799 2165 suo
816 2121 877 2164 nos
894 2096 1044 2179 exemplo
1060 2099 1357 2177 commonefaceret,
1412 2098 1628 2177 delitescebat,
1651 2121 1734 2182 qnae
1751 2121 1840 2165 nunc
1863 2099 1905 2164 ad
1927 2101 2039 2165 vivum
2061 2100 2154 2165 nobis
2175 2122 2331 2183 expressa
2351 2102 2388 2166 in

385 2211 452 2253 non
469 2210 540 2254 esse
558 2184 755 2272 negligenda
772 2185 897 2250 isthaec
919 2182 1127 2261 adminictda,
1149 2184 1266 2265 quibus
1286 2184 1358 2249 ani-
1411 2183 1503 2248 nullo
1524 2185 1685 2249 materiali
1709 2186 1830 2268 templo
1852 2187 1988 2250 haerere
2009 2207 2068 2250 nos
2090 2187 2222 2268 patitur.
2266 2188 2319 2251 Ac
2344 2207 2388 2253 ne

385 2295 459 2339 mus
481 2283 592 2339 noster
608 2293 670 2353 per
682 2293 715 2337 66
731 2272 866 2336 3313331333
888 2270 1028 2335 lubricus
1044 2269 1151 2352 magis
1171 2268 1214 2334 ad
1235 2270 1358 2335 serium
1411 2268 1541 2334 Indaeis
1573 2271 1706 2352 quidem
1737 2292 1777 2336 ca
1808 2270 1994 2337 conditione
2027 2270 2292 2337 commendatum
2324 2272 2389 2337 fuit

386 2360 542 2425 orationis
563 2358 708 2424 studium
730 2355 920 2421 intenditur.
964 2354 1105 2419 Interim
1127 2375 1221 2433 vero,
1244 2376 1358 2438 quem·
1411 2356 1579 2436 templum,
1601 2364 1640 2419 ut
1657 2357 1721 2421 Dei
1742 2357 1962 2438 praesentiam
1985 2357 2057 2421 eius
2079 2356 2258 2440 parietibus
2279 2358 2388 2422 inclu-

387 2444 563 2509 admodum
596 2465 703 2526 neque
741 2444 778 2506 in
817 2440 924 2506 media
963 2439 1135 2504 hominum
1174 2441 1288 2516 turba,
1329 2441 1358 2506 si
1411 2439 1541 2519 derent;
1563 2440 1621 2507 sed
1639 2462 1702 2523 quo
1720 2441 1762 2506 ad
1781 2441 2067 2524 contemplandam
2088 2443 2159 2506 veri
2180 2441 2295 2524 templi
2316 2442 2387 2508 cffi-

387 2528 516 2612 qnando
543 2530 590 2592 ita
616 2529 737 2593 tulerat
765 2527 905 2604 occasio,
940 2524 1147 2607 apreoando
1175 2526 1360 2592 abstinebat
1411 2525 1498 2609 giem
1520 2530 1760 2592 exercerentur.
1794 2528 1910 2610 Itaque
1932 2529 2078 2610 graviter
2098 2548 2119 2590 a
2135 2528 2241 2592 Iesaia
2261 2527 2328 2610 (66,
2351 2527 2385 2612 1)

387 2617 433 2680 616
453 2636 514 2679 1166
535 2615 571 2678 131
589 2614 669 2679 16616
690 2613 855 2689 omnibus,
882 2611 1001 2693 quibus
1022 2631 1102 2693 opus
1124 2611 1235 2689 1116316,
1264 2610 1357 2677 talla·
1410 2619 1443 2675 et
1464 2609 1635 2692 Stephano
1657 2613 1746 2695 (Act
1766 2617 1795 2692 7,
1813 2616 1871 2695 48)
1893 2612 2083 2694 reprehensi
2104 2623 2183 2678 sunt
2202 2613 2259 2695 qui
2276 2614 2387 2678 Deum

387 2698 907 2864 663(
932 2696 1034 2846 333
1051 2697 1184 2863 aa
1209 2697 1360 2848 3363
1498 2781 2386 2866 „m

386 2892 477 2936 63636
497 2833 654 2948 6613361611
675 2869 793 2934 nescire
812 2868 891 2949 qaid
911 2867 954 2931 631
974 2886 1065 2931 orara
1085 2887 1233 2946 66636333,
1255 2869 1303 2933 vel
1323 2869 1358 2932 133
1410 2887 1472 2949 qne
1490 2888 1602 2932 vocem
1619 2888 1724 2949 neque
1744 2876 1889 2945 cantum,
1912 2869 1940 2933 si
1957 2868 1994 2932 in
2009 2854 2155 2933 oratione
2171 2835 2385 2949 intercedant,

385 2977 515 3036 3666666,
534 2955 691 3020 66166331.
726 2954 855 3018 Rtasas
871 2953 927 3033 qai
942 2951 1028 3016 661336
1048 2958 1077 3017 61
1091 2954 1247 3033 privatim
1267 2973 1359 3018 63636
1411 2952 1532 3019 habere
1545 2952 1723 3035 quidquam
1740 2955 1906 3031 momenti,
1925 2964 1983 3017 aut
1999 2953 2106 3017 hilum
2124 2956 2280 3034 prolicere
2297 2953 2387 3037 apud

386 3042 525 3125 acplipit,
554 3040 756 3124 quardumaie
775 3038 882 3104 sadala
901 3039 1068 3120 frequentet
1087 3043 1188 3103 caelus
1205 3038 1357 3120 publicos,
1409 3038 1535 3115 Deum,
1563 3039 1627 3103 uisi
1655 3060 1698 3103 ex
1726 3039 1792 3105 alto
1819 3038 1927 3105 cordis
1954 3039 2074 3103 affectu
2096 3043 2249 3121 prolecta
2294 3038 2386 3119 erin

386 3133 527 3193 6631166636
543 3131 665 3191 tantum
674 3145 784 3207 preces
804 3124 867 3190 11116
884 3125 1054 3204 accepera
1073 3124 1151 3203 qaia
1166 3125 1244 3204 plas
1261 3123 1359 3188 1163337-
1410 3124 1481 3189 eius
1495 3124 1579 3187 iram
1597 3122 1754 3190 adversus
1776 3146 1836 3191 nos
1856 3132 2042 3207 provocant
2061 3124 2089 3188 si
2107 3146 2125 3187 e
2143 3125 2279 3188 summis
2300 3123 2385 3188 dnn·

386 3232 463 3277 aum
488 3212 628 3299 opiaioai
654 3211 875 3292 6616316366
899 3227 1014 3273 6366336
1042 3207 1108 3274 1161
1132 3210 1258 3274 1661616.
1302 3208 1358 3273 Ia·
1409 3215 1504 3273 taxat
1519 3209 1620 3275 labris
1640 3218 1674 3274 et
1690 3218 1826 3293 gutture
1849 3220 1986 3288 exennt3
2007 3208 2137 3292 quando
2157 3207 2189 3273 id
2208 3217 2259 3273 est
2275 3230 2385 3273 sacro-

385 3303 481 3375 16366,
510 3317 548 3363 336
568 3297 751 3379 manaae
773 3299 1064 3361 6666316633363366
1084 3293 1226 3360 6661661336
1239 3314 1357 3376 praeca,
1410 3302 1522 3359 sancto
1544 3296 1614 3359 eins
1637 3297 1769 3361 nomine
1792 3296 1892 3374 abuti,
1918 3295 2047 3360 6661116
2069 3295 2276 3359 maiestatem
2298 3293 2384 3359 deri·

386 3402 441 3448 666
466 3381 640 3463 6616361616
669 3381 776 3465 6169116
797 3381 872 3446 alirn
892 3379 983 3445 11636
1009 3381 1146 3460 63336611,
1168 3381 1357 3462 [3666631133
1409 3381 1460 3443 sui
1483 3379 1617 3458 habere;
1639 3381 1733 3445 6163311
1754 3401 1793 3446 ea
1816 3381 1941 3447 Iesaiac
1962 3380 2029 3466 (29,
2057 3378 2384 3465 13,Μ66613.16,8)

387 3468 442 3532 3111
473 3467 619 3548 emplum
651 3467 769 3532 3666611
794 3467 919 3532 domam
945 3465 1097 3531 6361163316
1129 3465 1213 3548 (166..
1229 3470 1286 3545 66,
1311 3465 1354 3549 1).
1409 3464 1511 3531 verbis
1527 3465 1676 3544 6116133366,
1698 3487 1777 3547 quae
1796 3468 1855 3532 elsi
1875 3467 1972 3531 1611336
1987 3470 2104 3545 pateat,
2127 3466 2170 3530 66
2190 3464 2245 3529 1366
2265 3485 2384 3546 quaqua

389 3552 476 3618 Nam
491 3557 519 3618 ct
530 3553 738 3635 praeeipuam
755 3552 855 3616 631166
875 3551 928 3617 sai
943 3555 1068 3633 partem
1086 3549 1145 3616 1366
1166 3571 1234 3617 aare
1254 3551 1366 3629 docuit
1408 3552 1520 3615 3111333
1540 3552 1767 3634 coarctandam
1783 3552 1946 3632 6631133631.
1989 3550 2150 3632 Populus,
2172 3551 2291 3632 inquit,
2319 3551 2383 3617 iste

387 3658 452 3703 6666
472 3638 626 3720 3136663161
653 3630 805 3719 officiam
831 3642 922 3718 atque
947 3641 983 3700 311
1007 3636 1042 3701 133
1063 3656 1097 3700 aa
1117 3657 1150 3703 66
1169 3636 1275 3719 fidelos
1294 3657 1357 3701 aaa
1408 3636 1648 3719 appropinquat
1667 3637 1751 3701 milri
1772 3659 1828 3702 ore
1849 3657 1923 3713 suo,
1945 3647 1980 3701 et
2000 3636 2095 3701 labiis
2116 3636 2183 3701 suis
2204 3657 2258 3701 me
2280 3636 2383 3701 hono-

387 3744 537 3789 6636633633
558 3728 739 3801 6663663631,
765 3723 869 3786 instar
888 3721 998 3788 3661111
1019 3726 1149 3787 6366133333
1169 3722 1238 3787 {ab
1256 3723 1357 3804 1331666
1408 3729 1476 3801 366;
1498 3743 1554 3787 cor
1575 3730 1686 3787 autem
1707 3744 1820 3787 eorum
1841 3721 1940 3805 longe
1957 3729 2009 3786 est
2025 3743 2045 3785 a
2061 3742 2124 3799 me,
2147 3729 2181 3785 66
2200 3722 2384 3786 timuerunt

387 3810 542 3889 templum
584 3809 708 3874 Addita
735 3808 830 3872 6116333
856 3808 920 3889 fail
949 3806 1085 3890 1336193316
1110 3808 1297 3888 mammolo:
1328 3812 1357 3873 tc
1409 3829 1462 3872 me
1482 3807 1640 3872 mandato
1666 3815 1700 3872 et
1724 3807 1874 3873 doctrina
1896 3808 2081 3872 hominum:
2109 3814 2282 3889 propteroa
2308 3828 2383 3873 ecoe

388 3899 553 3973 6363366161,
574 3893 679 3972 Deae,
700 3893 773 3959 16133
794 3893 830 3956 133
853 3893 939 3969 Sica,
967 3892 1071 3957 6111131
1090 3899 1192 3958 66133333
1212 3894 1357 3959 reddetur
1409 3892 1527 3957 faciam
1547 3893 1584 3956 in
1604 3892 1723 3976 populo
1746 3893 1808 3959 hoo
1829 3893 2026 3958 miraculum
2046 3892 2171 3976 grando
2193 3901 2227 3957 66
2245 3899 2383 3975 stupen-

389 3977 492 4060 (Psal.
517 3984 570 4056 66,
588 3977 632 4061 2).
679 3977 797 4058 (16113333
817 3978 920 4043 verbis
940 3977 1080 4043 6633363361
1094 3979 1256 4060 propbeta,
1279 3999 1358 4043 3363-
1410 3976 1504 4057 611333;
1526 3977 1646 4060 peribit
1666 3979 1756 4043 enim
1773 3978 1934 4060 sapientia
1950 3999 1971 4041 6
1987 3975 2189 4061 sapientibus
2206 3998 2328 4056 eornm,
2349 3985 2385 4044 et

388 4084 482 4144 qaam
502 4063 613 4128 irritas
635 4063 863 4129 assecurare
882 4082 1004 4143 praeca,
1031 4064 1110 4144 qaia
1131 4063 1220 4129 116336
1242 4064 1358 4146 papale
1410 4062 1584 4145 prudentia
1605 4065 1771 4129 seniorum
1793 4071 1975 4130 evanescet
2008 4063 2124 4146 Neque
2141 4069 2254 4127 tamen
2272 4083 2385 4129 vocem

388 4169 446 4214 6336
466 4169 586 4229 occuper
605 4148 737 4217 66363361
756 4149 922 4213 3361636633
940 4167 1011 4213 acm
1028 4149 1147 4231 9633616
1172 4151 1358 4232 6333666661.
1411 4158 1469 4212 ant
1489 4155 1625 4214 cantum
1646 4149 1700 4213 hic
1722 4148 1925 4224 damnamus,
1949 4149 2029 4231 quin
2052 4150 2157 4232 potius
2179 4145 2274 4213 valde
2295 4169 2383 4212 oom-

389 4234 463 4299 Etsi
482 4239 587 4299 autem
606 4238 767 4300 6666633331
788 4231 901 4317 1666166
920 4232 1057 4313 3333313366,
1081 4235 1159 4314 qaia
1177 4239 1280 4298 16333633
1300 4234 1359 4299 1366
1410 4232 1619 4312 mandamus,
1643 4232 1740 4299 modo
1765 4235 1869 4299 animi
1893 4234 2049 4300 affectum
2076 4235 2280 4301 comitentur.
2325 4230 2383 4298 Sic

392 4320 583 4385 caeremonia
599 4321 680 4384 13163
696 4338 752 4384 aas
768 4338 886 4400 qrtaqae
900 4317 976 4399 31661
993 4319 1243 4385 uaitatcchus
1257 4321 1360 4402 fovere
1410 4319 1499 4383 enim
1525 4326 1670 4384 mentem
1696 4324 1732 4384 in
1752 4321 1817 4386 Dei
1846 4320 2042 4404 cogitatione
2071 4325 2241 4393 exercent,
2270 4323 2304 4380 et
2329 4317 2382 4381 in-

389 4406 499 4482 3613311,
521 4426 582 4470 33633
602 4405 733 4470 dubiam
753 4405 831 4485 qaia
851 4404 895 4471 66
915 4423 972 4469 aas
985 4405 1145 4485 3363113661
1163 4406 1269 4472 eaden
1283 4424 1360 4486 pra·
1409 4411 1536 4469 tentam
1558 4404 1715 4485 retinent;
1729 4427 1846 4489 aquae,
1878 4417 1916 4470 ut
1936 4406 2062 4471 lubrica
2082 4411 2133 4468 est
2154 4410 2188 4466 et
2207 4400 2381 4482 versatilis,

389 4492 510 4569 33316616,
539 4511 634 4571 qaam
654 4495 682 4555 61
705 4487 850 4554 Obuius
869 4510 922 4554 636
942 4508 999 4553 aaa
1019 4490 1161 4567 66361611,
1182 4495 1212 4554 61
1235 4490 1359 4557 Paulae
1409 4489 1503 4554 facile
1524 4491 1703 4555 remittitur
1728 4499 1763 4556 et
1782 4493 1820 4556 in
1841 4491 1933 4557 varia
1954 4489 2162 4562 distrahitur,
2196 4486 2260 4550 nisi
2281 4487 2382 4551 variis

383 4576 526 4654 perpetui
545 4577 663 4660 33166316
684 4594 748 4640 6666
771 4576 862 4641 66661.
1106 4598 1117 4609 ·
1409 4573 1564 4641 fulciatur
1583 4574 1797 4643 adminiculis.
1840 4576 2031 4650 Praeterea,
2062 4593 2163 4656 quum
2186 4569 2251 4635 Dei
2278 4571 2384 4654 gloria

474 4663 524 4723 30.
570 4660 643 4727 Iam
670 4668 709 4725 ut
736 4680 923 4727 communes
948 4659 1100 4725 fidelibus
1125 4681 1238 4743 preces
1264 4661 1358 4727 Dens
1409 4661 1445 4724 in
1466 4660 1605 4744 singulis
1626 4664 1769 4744 corporis
1789 4662 1893 4727 nostri
1915 4660 2061 4742 pertibus
2079 4657 2208 4722 elucere
2225 4655 2383 4739 quodam·

389 4742 490 4807 verbo
510 4764 566 4808 6336
586 4746 699 4824 edicit,
727 4747 774 4812 sic
795 4753 829 4811 et
849 4746 974 4830 templa
998 4744 1129 4828 publica
1155 4747 1236 4829 ipsis
1263 4766 1357 4828 pera-
1410 4744 1505 4811 modo
1523 4744 1648 4826 debeat,
1670 4749 1824 4814 convenit
1839 4745 2032 4829 pracsertim
2049 4743 2200 4825 lingnam
2222 4739 2382 4806 1111161331-

389 4827 504 4912 gendis
536 4828 700 4896 destinata
724 4853 795 4897 6666
827 4839 968 4914 oportet,
1001 4829 1056 4895 ubi
1088 4832 1145 4914 qui
1177 4832 1358 4897 orationem
1410 4832 1545 4896 nisterio
1561 4831 1725 4898 addictam
1742 4854 1813 4899 esse
1830 4836 1868 4896 ac
1886 4829 2046 4905 devotam,
2065 4835 2136 4891 tum
2153 4824 2299 4892 cauendo
2310 4837 2383 4894 mm

389 4935 464 4978 cum
492 4913 557 4979 Dei
584 4915 701 4996 populo
733 4918 972 4983 communicare
998 4925 1174 4999 respuunt,
1207 4937 1275 4981 non
1306 4925 1358 4983 est
1410 4916 1588 4999 loquendo,
1616 4938 1699 5000 quae
1720 4916 1928 5001 peculiariter
1949 4913 1991 4978 ad
2013 4911 2232 4978 enarrandam
2253 4913 2382 4994 praedi·

389 4998 475 5082 quod
505 4999 569 5063 isto
600 5007 772 5081 praetextu
804 5000 997 5080 abutantur,
1029 5004 1215 5069 cubiordum
1242 5023 1278 5068 se
1305 5004 1357 5067 in·
1410 5002 1611 5086 eandemque
1642 5003 1708 5068 Dei
1744 5001 1876 5067 laudem
1907 4998 2040 5063 condita
2071 5006 2129 5064 est.
2184 4996 2383 5066 Potissimns

390 5084 492 5168 gredi,
514 5104 578 5166 quo
599 5084 736 5147 Domini
755 5084 909 5151 mandato
930 5095 1075 5168 pareant
1108 5089 1170 5154 Ille
1192 5088 1358 5171 enim-qui
1410 5097 1521 5154 tamen
1542 5089 1676 5173 linguae
1697 5108 1776 5152 usus
1795 5086 1896 5152 estin
1913 5084 2113 5149 orationibus
2129 5083 2277 5167 publicis,
2299 5105 2383 5166 qnae

388 5170 559 5253 pollicetur
585 5189 621 5234 sc
641 5168 806 5233 facturum
825 5169 982 5253 quidquid
1004 5170 1069 5235 duo
1089 5184 1147 5238 aut
1168 5183 1235 5239 tres
1256 5175 1357 5256 petic-
1409 5173 1612 5239 infidelium
1633 5178 1797 5237 conventu
1824 5169 2001 5248 habentur;
2027 5169 2145 5252 quibus
2173 5169 2236 5234 boo
2263 5171 2382 5252 agimr,

389 5255 457 5320 rint
488 5255 525 5319 in
556 5253 688 5319 nomine
720 5275 779 5319 suo
810 5255 1013 5338 congregati,
1044 5257 1154 5338 palam
1185 5267 1358 5341 conceptas
1409 5265 1448 5325 nt
1463 5259 1582 5336 Deum,
1605 5277 1701 5340 quem
1723 5277 1789 5320 uno
1810 5256 1928 5338 spiritu
1949 5253 2127 5337 eademque
2147 5253 2213 5319 lide
2234 5252 2381 5333 colimus,

389 5361 502 5421 preces
519 5360 556 5404 se
572 5340 709 5405 minime
725 5339 892 5421 aspernari
909 5344 1050 5404 testatur
1067 5341 1203 5422 (1166613
1221 5347 1268 5420 le,
1285 5345 1356 5427 20);
1409 5344 1573 5408 communi
1598 5361 1666 5406 una
1692 5361 1771 5407 voce
1793 5348 1828 5405 et
1848 5340 1950 5407 veluti
1972 5338 2087 5405 eodem
2108 5359 2224 5404 omnes
2244 5357 2302 5402 ore
2323 5359 2382 5420 pa·

390 5425 486 5491 modo
499 5425 651 5491 ‚facessat
678 5423 851 5490 ostentatio
877 5431 912 5489 et
939 5423 1102 5489 hnmanae
1124 5425 1278 5508 gloriolae
1299 5448 1357 5491 au·
1408 5428 1490 5492 riter
1512 5427 1743 5512 glorificemus,
1766 5424 1864 5508 idque
1885 5425 2010 5509 palam,
2032 5435 2071 5490 nt
2092 5445 2204 5490 omnes
2226 5422 2381 5504 vicissim,

389 5508 923 5662 3333
1273 5532 1357 5659 a

389 5679 519 5762 plorum
544 5703 636 5760 usus,
664 5690 701 5747 ut
728 5688 816 5747 certe
842 5689 908 5759 est,
935 5699 1038 5746 caven
1061 5700 1118 5745 nm
1145 5687 1197 5747 est
1223 5699 1357 5745 rursum
1494 5685 1544 5744 ³2.
1589 5678 1738 5746 Oanendi
1769 5703 1847 5749 vero
1878 5683 1915 5747 in
1946 5680 2091 5747 eeclesiis
2120 5680 2224 5743 ritum
2262 5678 2316 5762 (ut
2346 5678 2384 5746 id

499 5781 711 5852 caesaque.
750 5782 806 5838 rot
824 5780 869 5837 11.
1021 5856 1023 5859 .
1260 5768 1265 5775 “
1700 5827 1702 5831 .
2146 5779 2182 5834 es
