5600 6809
1022 1956 1757 2166 Punauouaunn.

386 2270 648 2419 Secundum
677 2329 757 2412 hoc
789 2328 953 2412 Calvini
984 2329 1119 2412 nostri
1150 2327 1368 2435 volumen,
1401 2328 1516 2440 quod
1547 2328 1645 2434 tibi,
1676 2327 1880 2411 benevole
1911 2326 2066 2435 lector,
2105 2330 2292 2412 nondum
2323 2359 2390 2413 55-

381 2477 529 2558 mestri
567 2475 704 2586 spatio
744 2490 842 2585 post
872 2476 1035 2601 editrun
1072 2475 1256 2586 primum
1297 2474 1442 2587 elapso
1480 2474 1714 2580 offerimus,
1754 2475 1942 2557 continet
1980 2475 2175 2558 ultimam
2211 2469 2391 2558 Institu-

381 2621 508 2704 tionis
539 2621 696 2704 latinae
727 2622 1024 2726 recensionem,
1058 2650 1186 2733 quam
1217 2632 1340 2704 autor
1371 2625 1612 2705 55551559
1644 2621 1915 2730 praecedenti
1938 2621 2114 2704 subinde
2138 2632 2392 2704 retractatae

381 2766 604 2851 substituit
634 2766 831 2877 deinceps
870 2798 954 2850 non
985 2767 1166 2877 amplius
1198 2766 1456 2849 mutandam.
1507 2766 1575 2847 De
1607 2767 1726 2848 ouius
1757 2767 1960 2895 fontibus,
1991 2766 2192 2849 methodo
2225 2780 2270 2849 et
2300 2767 2392 2848 edi·

240 2950 250 2973 ·
380 2912 566 2996 tionibus
605 2912 899 3019 authenticis,
921 2942 1053 3024 quum
1090 2913 1133 2993 in
1170 2910 1495 3022 Prolegomenis
1534 2911 1689 2994 nostris
1727 2913 1864 3024 primo
1904 2913 2106 2996 volumini
2149 2913 2391 3023 praemissis

381 3058 694 3142 accuratissime
726 3058 887 3140 dictum
918 3058 993 3164 sit,
1030 3088 1113 3141 non
1145 3069 1212 3151 est
1243 3056 1357 3166 quod
1386 3057 1535 3138 multis
1566 3069 1610 3139 55
1642 3057 1721 3140 hoo
1753 3059 1845 3141 loco
1877 3088 2102 3141 moremur.
2164 3056 2278 3141 Satis
2310 3059 2389 3141 ha-

379 3206 528 3287 bemus
559 3216 604 3286 te
637 3204 864 3309 monuisse,
895 3214 1064 3286 textum
1096 3232 1224 3314 quem
1254 3202 1332 3285 tibi
1364 3203 1613 3286 exhibemus
1645 3235 1811 3289 summa
1841 3236 1938 3289 cum
1969 3205 2193 3316 diligentia
2214 3204 2268 3287 ad
2299 3203 2388 3285 edi-

380 3351 538 3433 tionem
574 3351 694 3432 illam
735 3350 968 3462 principem
1009 3349 1135 3432 modo
1175 3348 1392 3431 laudatam
1430 3378 1678 3462 expressum
1720 3380 1832 3458 esse,
1877 3353 1938 3434 ita
1975 3364 2118 3434 tamen
2155 3362 2206 3431 ut
2252 3350 2393 3433 omnia

380 3496 569 3581 eiusdem
600 3506 815 3607 postrema
846 3495 1149 3601 additamenta,
1181 3524 1290 3606 quae
1321 3495 1364 3576 in
1395 3495 1703 3607 antiquioribus
1734 3497 2046 3609 exemplaribus
2070 3495 2257 3578 nondum
2279 3525 2392 3578 oom-

378 3654 621 3752 paruerant,
653 3642 768 3753 typis
800 3641 975 3723 cursivis
1012 3642 1100 3723 sive
1132 3640 1297 3747 italicis,
1329 3670 1435 3750 quos
1459 3642 1618 3750 dicunt,
1650 3642 1895 3726 excudenda
1925 3672 2179 3725 curaremus.
2226 3641 2392 3724 Eodem

379 3788 502 3870 modo
533 3765 790 3870 mutationes
821 3816 966 3869 omnes
996 3787 1041 3868 in
1072 3787 1253 3897 singulis
1284 3787 1458 3869 vocibus
1490 3800 1566 3870 aut
1594 3789 1814 3899 phrasium
1846 3788 2015 3897 syntaxi
2046 3799 2238 3899 repertas
2268 3799 2391 3871 nota-

378 3934 534 4040 vimus,
575 3963 658 4043 quo
690 3934 843 4017 clarius
880 3933 1140 4015 indefessum
1177 3932 1326 4014 Nostri
1362 3933 1407 4014 15
1447 3934 1715 4016 retractando
1757 3934 2103 4044 emendandoque
2145 3964 2221 4016 suo
2263 3963 2390 4045 opere

380 4080 568 4163 studium
598 4079 668 4162 vel
705 4080 749 4160 15
791 4079 972 4161 minimis
1004 4078 1276 4193 conspicuum
1307 4078 1505 4160 eluceret.
1568 4078 1716 4162 Unum
1752 4090 1896 4162 tamen
1926 4080 2054 4204 idque
2095 4080 2389 4190 frequentissi-

377 4255 494 4307 mum
524 4225 592 4309 hic
624 4224 756 4307 semel
787 4224 942 4307 dixisse
974 4224 1165 4307 sufficiat
1213 4223 1330 4305 Scias
1361 4253 1439 4334 pro
1470 4225 1639 4307 nomine
1663 4225 1866 4308 Domini
1898 4226 2000 4307 olim
2031 4228 2084 4309 ab
2108 4237 2255 4308 autore
2286 4254 2388 4335 prae

380 4372 555 4453 caeteris
594 4380 798 4482 usurpato
837 4399 969 4479 quum
1001 4370 1053 4452 de
1085 4370 1193 4451 Deo
1224 4370 1494 4478 loqueretur,
1534 4371 1631 4454 inde
1664 4373 1716 4456 ab
1755 4400 1863 4454 anno
1892 4376 1997 4454 1559
2038 4372 2271 4455 sexcenties
2309 4369 2389 4450 hoc

380 4517 563 4599 alterum
598 4516 763 4627 reponi,
804 4516 917 4657 quod
948 4529 1094 4598 utrum
1124 4516 1214 4626 1555
1248 4515 1448 4597 Calvinus
1489 4517 1547 4599 sic
1587 4519 1712 4600 scribi
1745 4517 1946 4624 voluerit,
1986 4548 2040 4600 an
2071 4546 2124 4598 ex
2156 4514 2389 4624 scripturae

380 4662 626 4772 compendio
664 4674 811 4744 natum
843 4661 999 4744 dixeris
1038 4663 1247 4744 incertum
1285 4682 1360 4742 est.
1425 4663 1551 4744 Corte
1590 4663 1699 4746 illud
1740 4664 1911 4746 minime
1949 4654 2190 4745 constanter
2227 4660 2388 4741 factum

381 4836 472 4889 5555
503 4794 639 4890 facile
657 4808 960 4918 deprehendes.
1010 4806 1242 4890 Praeterea
1273 4807 1421 4889 sedulo
1452 4808 1742 4918 praecedentis
1773 4808 2024 4892 recensionis
2054 4805 2389 4915 parallelismum

379 4953 422 5034 in
453 4954 649 5063 margine
678 4954 1018 5065 significavimus,
1049 4954 1124 5036 ubi
1155 4953 1284 5035 etiam
1306 4953 1605 5064 adscripsimus
1639 4954 1815 5037 alterius
1848 4932 2055 5059 editioniS,
2087 4954 2140 5036 ab
2171 4951 2387 5063 1555051-
2413 4990 2417 5013 =

379 5100 475 5182 vino
505 5100 672 5182 biennio
710 5111 809 5210 post
846 5114 1095 5211 procuratae
1129 5097 1350 5209 (Genevae
1380 5098 1505 5207 1561)
1538 5112 1583 5181 55
1614 5102 1666 5183 51)
1698 5101 1776 5183 hac
1812 5109 1958 5180 nostra
1986 5099 2199 5181 rarissime
2227 5098 2386 5180 discre-

380 5246 538 5356 pantis,
572 5274 717 5327 omnes
747 5243 978 5329 lectionum
1007 5245 1235 5328 varietates
1267 5274 1375 5354 quae
1407 5275 1491 5327 non
1522 5246 1565 5327 in
1596 5247 1722 5328 meris
1756 5244 1918 5326 mendis
1956 5244 2221 5355 reponendae
2253 5254 2384 5325 erant

380 5392 531 5502 Neque
568 5391 678 5474 illud
708 5388 996 5501 negleximus,
1034 5390 1224 5500 quamvis
1255 5420 1339 5472 non
1374 5420 1525 5501 parum
1561 5389 1827 5472 fastidiosum
1858 5402 1903 5473 et
1939 5391 2205 5501 aliquatenus
2238 5411 2387 5496 super·

381 5565 628 5645 vacaneum,
660 5536 821 5620 scilieet
850 5547 901 5617 ut
930 5535 1185 5617 recentiores
1217 5534 1422 5619 editiones
1453 5547 1553 5645 post
1583 5534 1747 5617 Oalvini
1776 5551 1958 5621 mortem
1988 5537 2228 5646 impressas,
2259 5543 2384 5642 quot-
