5600 6809
394 748 456 810 219
1038 738 1307 807 INSTITUTIO
1328 739 1433 805 Rau.
1457 737 1638 805 OHRIST.
1667 745 1758 806 1559.
2342 740 2409 803 220

393 935 471 1018 quia
503 934 572 998 sine
603 953 657 995 me
689 929 773 994 nihil
801 931 939 1013 potestis
968 930 1081 993 facere.
1128 927 1255 992 Sinon
1277 927 1372 992 aliter
1515 932 1562 990 10.
1607 929 1657 993 Ao
1678 929 1883 993 voluntatem
1900 934 2017 1004 movet,
2041 947 2107 991 non
2129 920 2270 1009 qualiter
2290 927 2408 995 multis

392 1041 452 1103 per
473 1039 533 1083 nos
554 1017 804 1093 fructificamus,
833 1037 932 1098 quam
961 1014 1109 1079 revulsus
1137 1035 1157 1077 a
1185 1022 1274 1078 terra
1301 1013 1371 1095 pal·
1425 1013 1563 1078 saeculis
1585 1014 1743 1079 traditum
1765 1020 1816 1078 θεῖ
1837 1020 1871 1077 θῖ
1891 1013 2060 1090 creditum,
2082 1021 2121 1076 ut
2138 1022 2269 1078 nostrae
2291 1021 2409 1096 postea

392 1127 462 1170 mes
494 1114 528 1169 et
559 1104 696 1168 humore
727 1104 875 1185 privatus
908 1101 1085 1184 germinat,
1120 1121 1186 1163 non
1219 1106 1270 1164 cst
1302 1120 1371 1163 am·
1425 1100 1468 1163 sit
1485 1099 1667 1177 electionis„
1682 1101 1816 1164 motioni
1835 1105 1892 1162 aut
1909 1099 2133 1180 obtemperare
2152 1106 2210 1163 aut
2228 1100 2405 1182 refragari;

392 1191 478 1274 plius
498 1188 738 1273 quaerendum,
767 1187 913 1271 quaesit
940 1194 1077 1249 naturae
1099 1192 1229 1250 nostrae
1252 1184 1293 1249 ad
1314 1186 1372 1250 bo-
1425 1184 1482 1249 sed
1508 1184 1601 1248 illam
1627 1186 1802 1251 efficaciter
1829 1184 2009 1249 afficiendo.
2054 1184 2142 1248 lllud
2165 1206 2243 1268 ergo
2264 1187 2361 1250 toties
2385 1207 2407 1252 a

392 1298 473 1341 uum
494 1274 649 1358 aptitudo.
685 1274 754 1338 Noe
777 1273 930 1354 ambigua
951 1279 1000 1335 est
1017 1272 1081 1335 ista
1099 1271 1276 1336 conclusio:
1300 1272 1371 1335 sine
1425 1269 1661 1354 chrysostomo
1680 1273 1856 1353 repetitum
1877 1269 2042 1352 repudiari
2063 1291 2196 1335 necesse
2218 1277 2282 1335 est:
2306 1292 2408 1353 quem

392 1385 446 1427 me
473 1361 557 1425 nihil
584 1361 718 1443 potestis
746 1361 859 1424 facere.
905 1358 980 1420 Non
1008 1355 1086 1421 dicit
1106 1379 1165 1421 nos
1187 1378 1257 1420 esse
1279 1358 1371 1420 infir·
1424 1356 1544 1435 trahit,
1579 1356 1743 1421 volentem
1775 1356 1886 1420 trahit.
1939 1354 2014 1436 Quo
2046 1357 2193 1420 insinuat
2223 1356 2408 1421 Dominum

393 1449 511 1512 miores
533 1468 631 1529 quam
651 1447 706 1528 qui
723 1445 816 1509 nobis
835 1444 1049 1521 sufficiamus;
1073 1442 1130 1506 sed
1147 1464 1206 1507 nos
1225 1442 1267 1505 ad
1285 1443 1371 1505 nihi·
1412 1448 1573 1524 porrecta
1594 1447 1724 1507 tantum
1755 1463 1857 1506 manu
1889 1448 2092 1524 exspectare,
2128 1463 2171 1506 an
2200 1464 2259 1506 suo
2281 1443 2407 1508 auxilio

393 1535 464 1596 lum
486 1531 661 1615 redigendo
685 1551 814 1594 omnem
835 1528 887 1593 vel
912 1530 1050 1612 exiguae
1071 1528 1282 1593 facultatulae
1303 1529 1372 1610 opi·
1424 1528 1532 1593 iuvari
1559 1528 1652 1592 nobis
1681 1527 1876 1593 adlubescet.
1921 1528 2036 1593 'Palem
2055 1528 2154 1592 fuisse
2183 1527 2325 1592 hominis
2347 1528 2408 1593 ad-

394 1621 526 1683 nionem
549 1616 701 1682 excludit.
746 1614 786 1679 Si
807 1616 841 1678 in
864 1613 997 1679 Christo
1025 1615 1116 1678 insiti
1137 1614 1372 1679 fructificamus
1425 1613 1490 1677 hue
1512 1613 1629 1677 stantis
1651 1612 1869 1678 conditionem
1892 1612 2113 1692 concedimus,
2137 1620 2176 1677 ut
2197 1616 2341 1695 potuerit
2363 1615 2408 1679 ad

393 1706 499 1769 instar
520 1704 605 1780 vitis,
629 1722 710 1784 quae
732 1708 804 1763 tum
826 1723 845 1763 a
867 1708 974 1765 terrac
999 1700 1144 1778 humore,
1164 1707 1234 1763 tum
1258 1720 1278 1763 a
1300 1719 1372 1763 rore
1425 1699 1617 1763 alterutram
1640 1706 1767 1781 partem
1784 1699 1957 1778 inclinaro;
1981 1696 2038 1762 sed
2058 1720 2160 1781 quum
2178 1720 2236 1764 suo
2255 1701 2408 1783 exemplo

394 1789 532 1867 coelesti,
555 1795 627 1851 tum
645 1808 665 1850 a
682 1786 758 1851 solis
777 1787 920 1850 fomento
938 1787 1154 1869 vegetationis
1172 1784 1261 1849 ducit
1278 1805 1372 1848 encr-
1425 1783 1586 1863 docuerit,
1608 1805 1708 1867 quam
1729 1786 1887 1849 miserum
1909 1785 1953 1850 sit
1973 1783 2113 1848 liberum
2135 1784 2321 1863 arbitrium,
2343 1787 2409 1851 nisi

394 1876 496 1959 giam,
530 1873 614 1937 nihil
643 1873 678 1936 in
707 1873 792 1936 bono
820 1893 917 1955 opere
940 1879 1063 1937 restare
1085 1872 1179 1936 nobis
1198 1869 1308 1949 video,
1343 1870 1371 1935 si
1424 1871 1517 1934 Deus
1543 1871 1579 1933 in
1595 1871 1694 1935 ‘nobis
1714 1878 1747 1935 et
1768 1870 1848 1935 velit
1869 1877 1903 1933 et
1922 1869 2039 1953 possit,
2069 1868 2147 1952 quid
2174 1871 2232 1934 fiet
2252 1871 2347 1936 nobis
2377 1874 2408 1936 si

393 1962 466 2026 Deo
492 1959 653 2023 illibatum
682 1979 851 2022 servamus
878 1957 964 2039 quod
992 1979 1089 2022 sunm
1117 1964 1175 2022 ost.
1233 1956 1373 2037 Nequid-
1426 1955 1467 2019 ad
1496 1977 1572 2020 eum
1599 1955 1771 2019 modulum
1797 1977 1892 2020 suam
1913 1959 2055 2038 gratiam
2078 1956 2172 2020 nobis
2194 1956 2405 2038 impertitur?

394 2067 489 2128 quum
510 2043 684 2110 obtenditur
702 2044 820 2125 friuola
837 2044 971 2126 orputiu,
993 2063 1116 2107 cucuron
1134 2045 1200 2106 ium
1217 2043 1373 2107 inclusum
1425 2041 1497 2104 Imo
1520 2063 1580 2106 nos
1600 2042 1664 2123 ipsi
1687 2062 1759 2105 oum
1777 2042 1989 2106 obscuramus
2007 2047 2040 2104 et
2057 2048 2274 2106 extenuamus
2291 2049 2409 2108 nostra

393 2151 458 2196 θεεθ
478 2133 514 2194 in
529 2130 669 2211 punite,
692 2135 720 2192 et
735 2131 800 2192 vim
816 2130 999 2211 proterendi
1013 2131 1143 2212 fruetus,
1166 2130 1292 2209 ideoque
1311 2147 1374 2191 non
1425 2127 1671 2211 ingratitudine.
1728 2127 1803 2191 Non
1835 2129 1922 2192 enim
1955 2127 2048 2192 docet
2079 2127 2258 2209 apostolus,
2293 2128 2408 2193 offerri
2537 2131 2544 2139 '

394 2218 499 2282 ourniu
521 2236 641 2279 eumue
664 2220 786 2279 uterru
802 2216 851 2280 nel
867 2238 889 2280 u
904 2216 1016 2298 primu
1032 2216 1138 2280 radice
1156 2216 1231 2295 quic
1248 2215 1373 2295 aliquid
1425 2214 1518 2278 nobis
1545 2213 1649 2277 bonae
1676 2213 1857 2278 voluntatis
1885 2214 2026 2297 gratiam
2048 2214 2076 2278 si
2098 2219 2318 2295 acceptemus,
2348 2214 2409 2279 sed

393 2323 487 2368 suum
519 2303 663 2382 conferat.
726 2300 833 2381 Neque
875 2303 958 2366 enim
998 2301 1089 2365 uliud
1123 2301 1189 2364 uult
1222 2298 1372 2377 Christus
1425 2300 1534 2382 ipsum
1554 2299 1638 2363 velle
1660 2300 1695 2361 in
1717 2300 1810 2364 nobis
1832 2300 1975 2364 efficere:
1990 2298 2013 2382 ¹)
2042 2297 2127 2382 quod
2153 2320 2220 2362 non
2243 2298 2334 2362 aliud
2357 2306 2409 2365 est

393 2408 489 2470 quum
510 2407 567 2451 nos
589 2387 717 2450 aridum
736 2391 764 2450 et
784 2386 878 2449 nihili
899 2407 964 2451 esse
985 2387 1106 2469 lipuurn
1125 2387 1180 2450 ubi
1200 2407 1310 2450 sumus
1335 2385 1373 2448 ub
1425 2385 1490 2448 nisi
1522 2386 1703 2449 Dominum
1742 2407 1801 2449 sno
1834 2385 1951 2467 spiritu
1984 2406 2040 2449 cor
2072 2392 2222 2449 nostrum
2254 2384 2406 2468 dirigere,

393 2494 427 2538 eo
459 2473 615 2552 separeti;
647 2472 724 2552 quio
756 2492 894 2536 sensum
925 2473 1013 2536 nulla
1046 2474 1087 2536 sit
1119 2474 1154 2535 iu
1187 2472 1275 2535 uobis
1302 2471 1374 2535 bene
1425 2472 1565 2548 flectere,
1588 2471 1760 2547 moderari,
1784 2472 1873 2535 etin
1896 2492 1942 2549 eo,
1964 2477 2122 2552 tanquam
2143 2470 2180 2534 in
2201 2471 2408 2552 possessione

394 2556 1228 2643 upendifuudtus,sicutalibiquoqcuinquitfflatth.
1242 2557 1372 2640 15‚13).·
1426 2578 1501 2634 sua,
1535 2578 1681 2639 regnare.
1729 2557 1794 2621 Nec
1824 2576 1895 2620 uero
1921 2577 1981 2637 per
2001 2538 2195 2621 Ezechietcrir
2215 2555 2288 2636 (ll,
2311 2560 2349 2619 19
2373 2564 2409 2622 θῖ

394 2644 496 2709 uiuis
518 2642 611 2706 arbor
632 2662 727 2722 quum
749 2663 811 2706 non
827 2644 1020 2724 plantaverit
1036 2649 1130 2723 poter
1151 2665 1247 2723 meus,
1270 2644 1374 2707 uadi·
1428 2645 1477 2719 36,
1498 2642 1569 2728 27),
1593 2642 1747 2724 promittit
1768 2663 1800 2706 se
1821 2643 1972 2706 daturum
1992 2643 2093 2707 eiectis
2114 2642 2263 2723 spiritum
2283 2663 2400 2708 nouum

394 2729 525 2794 cuditur.
570 2726 681 2807 Quare
700 2729 862 2810 apostolus
885 2736 987 2793 totam
1011 2729 1058 2792 illi
1081 2751 1244 2793 summa-m
1265 2736 1373 2794 trans-
1426 2728 1480 2791 boc
1496 2733 1618 2792 tuntum
1629 2728 1699 2808 fine,
1718 2733 1753 2791 ut
1770 2730 1805 2791 iu
1819 2729 1997 2808 praeceptis
2013 2729 2083 2793 suro
2096 2728 2259 2792 ambulare
2272 2731 2407 2810 possim,

395 2813 507 2880 scribit
534 2815 571 2877 in
598 2814 660 2878 loco
690 2815 756 2878 ium
783 2816 873 2879 citato
897 2814 998 2898 (Phil.
1024 2818 1059 2893 2,
1089 2814 1158 2899 13):
1193 2816 1285 2880 Deus
1314 2822 1372 2893 est,
1426 2814 1480 2877 sed
1506 2820 1541 2877 ut
1568 2835 1602 2878 re
1631 2815 1704 2894 ipsa
1732 2814 1895 2878 ambulent.
1944 2813 2059 2895 Neque
2085 2833 2178 2877 secus
2205 2815 2308 2896 accipi
2333 2836 2411 2880 sen-

394 2901 518 2982 inquit,
546 2900 601 2982 qui
631 2901 666 2963 iu
692 2900 784 2964 vobis
814 2907 969 2982 operatur
993 2906 1026 2964 et
1046 2901 1131 2966 vello
1153 2908 1187 2965 et
1207 2901 1372 2983 perficere.
1426 2901 1530 2964 tentia
1552 2899 1676 2964 Christi
1699 2899 1827 2983 (Ioann.
1848 2904 1877 2979 6,
1890 2900 1947 2984 45)
1966 2905 2082 2982 potest,
2105 2900 2211 2964 omnis
2233 2901 2290 2982 qui
2315 2899 2411 2965 audi-

394 2986 493 3051 Prior
513 3006 589 3067 pars
612 2985 717 3067 operis
739 2983 815 3048 boni
838 2992 888 3049 est
909 2985 1075 3065 voluntas3
1104 2987 1221 3064 altera,
1244 2986 1373 3050 validus
1426 2987 1475 3051 vit
1497 3008 1516 3050 a
1535 2994 1628 3069 patre
1648 3007 1721 3049 meo
1744 2987 1835 3051 venit
1856 2984 1897 3048 ad
1918 3007 1984 3064 me,
2015 3007 2113 3067 quam
2140 2993 2180 3049 ut
2201 2987 2366 3051 efficacem
2390 3008 2413 3052 a

395 3073 431 3135 in
459 3068 664 3153 exsequendo
693 3077 843 3135 conatus:
877 3072 1047 3154 utriusque
1075 3080 1169 3137 autor
1195 3079 1245 3136 est
1271 3073 1372 3136 Deus.
1427 3093 1461 3137 se
1478 3073 1549 3154 ipsa
1567 3072 1631 3137 Dei
1649 3074 1789 3155 gratiam
1807 3071 1929 3150 doceat,
1953 3071 2227 3154 quemadmodum
2245 3078 2277 3136 et
2290 3074 2411 3156 Augu-

394 3158 484 3239 Ergo
505 3156 648 3219 Domino
670 3157 879 3239 surripimus,
907 3158 935 3222 si
962 3157 1040 3239 quid
1066 3158 1160 3222 nobis
1183 3179 1374 3241 arrogamus
1427 3158 1570 3243 stinus²)
1594 3158 1769 3223 contendit
1815 3157 1891 3238 Qua
1919 3158 2026 3242 gratia
2052 3180 2118 3222 non
2145 3157 2304 3241 quoslibet
2329 3179 2410 3242 pro-

395 3243 508 3307 autin
530 3240 708 3319 voluntate,
733 3249 792 3306 aut
812 3244 849 3306 in
871 3243 998 3308 effectu.
1039 3241 1077 3308 si
1100 3242 1262 3309 diceretur
1281 3245 1374 3308 Deus
1427 3246 1550 3308 miscuo
1584 3243 1742 3328 dignatur
1773 3243 1953 3322 Dominus,
1995 3243 2270 3326 quomadmodum
2305 3244 2411 3329 vulgo

394 3348 490 3410 opem
511 3327 597 3391 serre
618 3327 768 3392 infirmae
790 3329 961 3406 voluntati,
984 3329 1077 3394 nobis
1099 3330 1252 3393 nonnihil
1274 3330 1374 3393 relin-
1426 3331 1572 3396 iactatur
1597 3329 1681 3394 illud
1708 3330 1787 3414 (nisi
1807 3329 1916 3414 fallor)
1940 3331 2151 3408 occamicum,
2183 3351 2257 3394 eam
2281 3331 2412 3395 nemini

394 3422 563 3496 queretur;
587 3412 645 3478 sed
666 3434 767 3495 quum
790 3413 909 3478 dicitur
926 3415 1054 3480 efficere
1071 3416 1285 3493 voluntatem,
1307 3416 1375 3479 iam
1430 3416 1602 3499 denegari,
1630 3416 1763 3480 facienti
1786 3415 1871 3498 quod
1892 3417 1928 3480 in
1949 3437 1984 3480 se
2006 3423 2063 3480 est.
2105 3415 2255 3482 Docendi
2275 3416 2413 3500 quidem

394 3507 570 3564 extranea
594 3498 751 3581 quidquid
773 3500 807 3563 in
830 3522 869 3564 ea
890 3501 1013 3565 bonum
1035 3507 1085 3565 est
1105 3502 1240 3566 locatur.
1271 3502 1375 3566 Porro
1429 3509 1507 3566 sunt
1529 3502 1687 3580 homines,
1711 3502 1893 3584 expositam
1915 3522 1986 3567 esse
2002 3503 2065 3566 Dei
2083 3503 2323 3585 benignitatem
2340 3523 2413 3567 om·

394 3586 550 3667 quoniam
583 3585 691 3649 carnis
723 3594 855 3650 nostrae
894 3586 1037 3668 pondere
1076 3588 1163 3652 bona
1195 3588 1375 3651 etiamnum
1428 3588 1534 3666 nibus,
1558 3589 1628 3652 sine
1645 3589 1844 3670 exceptione.
1866 3589 1923 3671 qui
1941 3608 2014 3652 eam
2031 3594 2208 3671 quaerunt;
2231 3587 2289 3653 sed
2306 3609 2413 3673 quum

394 3671 546 3735 voluntas
568 3671 725 3749 obruitur,
748 3693 791 3736 ne
813 3678 969 3756 emergat,
992 3672 1171 3751 subiunxit,
1195 3672 1375 3737 eluctandis
1428 3673 1452 3736 ii
1474 3673 1607 3738 demum
1627 3694 1783 3755 quaerere
1805 3674 1979 3756 incipiant,
2004 3675 2122 3756 quibus
2144 3674 2280 3739 coelestis
2300 3677 2412 3760 gratia

395 3757 464 3819 eius
493 3776 624 3837 pugnae
647 3756 907 3836 difficultatibus,
937 3767 1072 3824 conatus
1095 3760 1313 3824 constantiam
1334 3758 1375 3822 ad
1429 3760 1595 3842 aspiravit,
1618 3781 1679 3824 nec
1697 3759 1779 3826 baec
1796 3761 1913 3824 saltem
1930 3760 2138 3842 portiuncula
2160 3759 2201 3824 de
2223 3761 2294 3826 eius
2309 3760 2410 3826 lande

394 3841 548 3904 effectum
576 3862 677 3921 usque
706 3840 935 3910 administrari.
992 3843 1163 3928 Siquidem
1190 3867 1250 3910 neo
1281 3845 1376 3908 aliter
1429 3844 1632 3929 decerpenda
1657 3852 1736 3910 erat
1779 3845 1872 3911 Haec
1899 3854 1949 3910 est
1976 3867 2053 3910 saue
2075 3846 2255 3911 electorum
2273 3867 2410 3930 praero-

395 3932 543 3989 constare
566 3935 675 4007 posset
698 3928 784 4010 quod
805 3930 883 3995 alibi
905 3930 998 3996 docet
1020 3932 1053 4016 (l
1069 3930 1142 3997 Gor.
1165 3936 1213 4010 12,
1228 3934 1278 4015 6),
1302 3932 1375 3995 uni·
1428 3932 1554 4015 gativa,
1576 3940 1614 3995 ut
1635 3932 1867 4014 perspiritum
1888 3932 1953 3996 Dei
1974 3933 2158 4015 regenerati
2179 3933 2284 4015 ipsius
2307 3932 2410 3999 ductu

338 4078 341 4083 ,
395 4031 472 4074 eum
494 4031 570 4107 esse¹
586 4011 697 4107 Deum
724 4015 779 4094 qui
808 4016 907 4080 efficit
935 4019 1044 4081 omnia
1071 4019 1106 4085 in
1126 4018 1292 4096 omnibus,
1321 4017 1376 4081 ubi
1428 4025 1569 4101 agantur
1586 4039 1624 4082 ac
1641 4015 1872 4100 gubernentur.
1917 4018 2020 4099 Quare
2042 4019 2149 4082 merito
2167 4017 2372 4102 Augustinus
2380 4019 2410 4104 ⁸)

394 4100 490 4160 toturn
518 4097 700 4176 spentuuiic
727 4099 810 4162 uitae
836 4121 963 4166 cursum
989 4103 1202 4184 comprehendi
1225 4109 1296 4168 oute
1324 4103 1376 4167 do
1427 4109 1493 4168 tem
1514 4123 1564 4168 eos
1585 4104 1716 4182 dmidd,
1744 4105 1800 4184 qui
1821 4105 1949 4184 aliquus
1970 4105 2092 4168 uolendi
2107 4109 2218 4185 partes
2236 4105 2300 4169 sibi
2322 4124 2411 4170 arro-

394 4182 534 4279 ruimus..
574 4180 643 4261 Quo
663 4184 782 4247 ratiorce
802 4184 921 4264 Dauid,
939 4194 1108 4270 postquem
1131 4190 1203 4254 eius
1224 4188 1289 4254 Dei
1311 4189 1373 4254 sibi
1426 4194 1510 4274 pant,
1531 4210 1627 4270 quum
1637 4189 1833 4271 reprehendit
1843 4190 1923 4254 otios
1933 4192 1988 4272 qui
2001 4195 2118 4270 putant
2134 4192 2314 4271 promiscue
2335 4192 2412 4256 duri

390 4267 534 4350 patefieri
548 4271 698 4346 moretm
718 4273 771 4347 θεῖ,
793 4275 829 4332 ut
851 4272 983 4337 ambulet
1004 4275 1039 4336 iu
1061 4277 1130 4339 eius
1146 4276 1281 4354 emitote,
1304 4295 1375 4339 mou
1429 4276 1571 4342 omnibus
1598 4276 1679 4357 quod
1706 4276 1839 4356 speciale
1860 4281 1905 4340 est
1923 4277 2080 4359 protudoe
2101 4276 2256 4340 electionis
2277 4278 2413 4342 testimo-

393 4354 539 4436 udiunpit
557 4352 724 4436 (Peneo,
746 4354 809 4438 11),
833 4357 927 4419 enim
949 4378 1001 4422 eor
1020 4379 1123 4423 meum
1145 4363 1188 4426 od
1205 4363 1375 4426 timendum
1428 4362 1525 4426 nium.
1573 4360 1767 4441 Communis,
1797 4363 1916 4442 inquit,
1944 4361 2086 4425 omnibus
2112 4366 2157 4426 est
2182 4367 2312 4440 nmero,
2346 4384 2413 4428 non

393 4460 503 4504 nomeu
524 4443 620 4502 tuum.
652 4439 772 4520 Quilms
791 4440 892 4506 υθνῖῖε
912 4443 1075 4525 siguificat,
1099 4448 1192 4510 etium
1209 4449 1264 4528 qui
1279 4447 1376 4528 probe
1426 4448 1549 4531 predia·
1571 4449 1704 4511 vitreum
1726 4468 1854 4511 acumen
1874 4448 2039 4529 appellens
2060 4447 2142 4526 quod
2162 4449 2413 4513 meracitate

393 4525 496 4604 offecti
517 4530 604 4604 suut,
634 4529 677 4589 tot
698 4546 764 4590 esse
785 4527 1041 4593 distractionibus
1062 4531 1206 4596 abueios
1227 4539 1261 4596 ut
1282 4533 1376 4614 facite
1428 4534 1580 4615 splendet,
1613 4533 1667 4596 ubi
1695 4535 1738 4597 cd
1764 4553 1867 4596 omnes
1890 4533 2077 4614 generaliter
2104 4533 2292 4612 extenditur,
2325 4533 2413 4614 quod

395 4616 576 4673 macescunt
596 4612 646 4675 uel
666 4611 804 4692 effluunt,
827 4614 893 4677 uisi
915 4615 958 4678 ud
978 4618 1181 4680 coustantium
1201 4617 1374 4697 firmentur.
1428 4618 1519 4682 Dens
1540 4619 1652 4699 qutun
1672 4619 1737 4682 uutt
1756 4617 1878 4698 confert.
1922 4618 2012 4681 Alibi
2040 4625 2157 4683 uuum:
2188 4618 2335 4701 quomodo
2359 4639 2412 4684 ve·

340 4712 343 4718 ·
398 4694 467 4774 Quo
489 4696 609 4760 ratione
626 4697 717 4777 olibi,
733 4702 902 4780 pedonum
913 4721 1040 4782 messus
1050 4721 1125 4767 suos
1137 4703 1235 4786 diripi
1253 4705 1296 4768 od
1313 4724 1376 4767 ser-
1428 4705 1530 4768 nisti?
1559 4705 1721 4768 eredmdo:
1748 4706 1821 4768 tirne
1849 4724 1900 4782 ne,
1926 4703 2002 4767 durn
2026 4705 2083 4767 tibi
2103 4724 2237 4788 arrogas
2257 4704 2339 4788 quod
2360 4706 2412 4769 in·

394 4778 534 4841 curidum
551 4780 616 4845 Dei
637 4803 808 4848 sermonem
825 4791 973 4867 precetur
994 4793 1052 4865 θεῖ,
1075 4789 1169 4853 robur
1191 4810 1311 4870 qnoque
1332 4791 1376 4855 ud
1428 4795 1518 4853 uentu
1541 4791 1584 4853 sit
1610 4812 1631 4853 o
1652 4795 1680 4852 te
1701 4790 1755 4853 viu
1776 4791 1877 4867 iustu,
1902 4810 2017 4868 percus
2038 4791 2077 4855 de
2097 4793 2153 4855 viu
2174 4793 2268 4857 runa.
2321 4789 2410 4871 Veni,

393 4864 571 4928 bellandum
601 4868 1235 4958 sibidoripostulot(ibid.119,133).·
1264 4896 1301 4940 ne
1322 4878 1375 4943 do
1426 4875 1550 4954 inquo,
1573 4875 1668 4938 libero
1689 4874 1838 4953 arbitrio;
1865 4875 2019 4939 uotumotc
2039 4878 2178 4959 propriu
2200 4879 2279 4943 ueni.
2326 4876 2413 4959 Quid

393 4950 538 5028 minetur,
560 4953 671 5032 iuquit,
693 4955 773 5019 midi
793 4957 861 5020 utta
881 4958 1044 5038 iniquitas.
1085 4959 1185 5025 Hune
1206 4961 1317 5044 itaque
1338 4964 1373 5027 in
1427 4960 1602 5042 turgescis?
1630 4962 1679 5023 vis
1705 4979 1795 5023 nosse
1821 4962 1902 5038 quod
1929 4966 1957 5024 et
1983 4961 2038 5025 doc
2053 4965 2242 5043 mentitum
2263 4961 2413 5028 esttibi?

393 5034 529 5099 modum
551 5044 584 5102 et
604 5038 737 5103 inchoat
764 5049 797 5105 θῖ
817 5044 946 5124 perficit
964 5044 1126 5109 Dominus
1148 5046 1270 5110 bonum
1293 5069 1374 5130 opus
1427 5046 1532 5126 ursum
1556 5047 1634 5110 audi
1661 5050 1832 5109 vocantem:
1859 5066 1946 5110 nemo
1974 5049 2056 5111 venit
2076 5048 2119 5112 ed
2139 5068 2203 5125 me,
2232 5050 2300 5114 nisi
2314 5051 2413 5130 pater

393 5122 430 5185 in
451 5120 559 5200 nobis;
588 5131 626 5186 ut
652 5123 739 5189 illius
768 5128 824 5206 sit,
854 5129 941 5211 quod
963 5130 1043 5194 recti
1066 5151 1211 5195 amorem
1234 5135 1374 5216 concipit
1426 5151 1514 5195 urens
1534 5132 1666 5194 trunerit
1686 5151 1765 5194 eum.
1801 5129 1845 5194 Et
1861 5133 1943 5196 citra
1964 5135 2204 5199 controversiam
2225 5134 2350 5199 elicitur
2370 5152 2412 5198 ex

394 5206 563 5306 voluntas,
585 5208 673 5290 qnod
692 5209 728 5272 in
751 5213 819 5277 eius
842 5215 988 5279 studium
1009 5216 1201 5296 inclinatur,
1224 5219 1310 5301 quod
1333 5218 1374 5284 ad
1428 5216 1561 5280 Ioannis
1582 5216 1697 5295 υθνῖὶε,
1724 5217 1770 5280 sic
1791 5215 1956 5299 efficaciter
1975 5220 2148 5301 pubernuri
2170 5220 2326 5286 divinitus
2341 5219 2415 5302 pie-

395 5314 465 5357 eius
487 5293 633 5359 sectandi
655 5301 809 5361 conatum
829 5299 987 5366 incitatur
1008 5309 1041 5367 et
1062 5311 1228 5385 moretum
1258 5304 1374 5370 deinde
1427 5323 1500 5367 rum
1528 5303 1636 5382 cordo,
1668 5308 1703 5368 ut
1729 5303 1896 5384 indicibili
1923 5305 2036 5386 uffedu
2062 5311 2241 5387 sequentur.
2289 5306 2351 5388 Qui
2373 5325 2414 5370 ea

396 5378 481 5460 quod
503 5380 625 5460 electio,
649 5380 804 5461 studium,
828 5393 962 5452 conatus
984 5409 1051 5453 non
1068 5389 1230 5470 fahscuut,
1255 5391 1313 5455 sed
1333 5390 1375 5456 ad

397 5464 548 5563 effectum
578 5487 682 5549 usque
714 5468 910 5550 procedunt3
946 5481 1124 5555 postremo,
1157 5476 1243 5559 quod
1276 5477 1374 5542 homo

396 5571 432 5611 m
458 5549 522 5614 11¹¹⁸
549 5560 737 5617 constanter
764 5556 887 5639 pergit,
922 5565 956 5622 et
987 5559 1023 5624 in
1051 5562 1151 5626 finem
1174 5583 1374 5647 1111111111·-
1498 5593 1526 5660 1)
1553 5592 1599 5648 su
1616 5594 1682 5649 rurs
1703 5595 1771 5648 esur
1787 5609 1885 5648 onus.
1923 5593 2009 5661 aue:
2027 5595 2104 5646 effici.
2147 5594 2188 5660 or.
2213 5595 2242 5648 r.
2262 5595 2287 5648 1.
2302 5612 2333 5663 p.
2351 5594 2413 5649 scs.

398 5642 535 5699 ⁸⁰V01'8i·
1427 5659 1457 5727 2)
1476 5663 1550 5715 Libr.
1570 5662 1603 5716 de
1622 5663 1713 5731 praed.
1733 5670 1816 5716 sanct.
1836 5679 1858 5715 c.
1869 5662 1894 5714 8.
1948 5661 1980 5728 3)
1997 5663 2038 5715 De
2055 5663 2147 5715 vorbis
2164 5671 2252 5733 apost.
2270 5681 2351 5719 serm.
2369 5664 2412 5719 11.
