5600 6809
431 741 492 801 527
1072 730 1338 797 marmonio
1362 731 1466 796 uun.
1490 731 1669 797 1111111.
1698 738 1787 797 1111.
2371 744 2433 805 111

429 923 553 998 stabile,
578 923 740 1000 vitiosum,
764 921 983 1004 corruptibile,
1003 919 1170 995 caducum,
1194 917 1405 993 emarcidum,
1431 936 1433 977 1
1458 919 1653 983 traiicerent.
1699 919 1836 999 Contra,
1867 921 1923 986 ubi
1953 922 2052 987 semel
2080 932 2177 1006 caput
2203 948 2302 1008 supra
2323 931 2435 993 omnia

429 1018 526 1092 putre
544 1009 688 1090 eorporis
706 1008 812 1073 nostri
834 1005 1083 1071 tabernaculum
1105 1004 1178 1068 ideo
1201 1002 1344 1078 dissolvi,
1369 1009 1407 1065 ut
1430 984 1433 1110 l
1458 1012 1590 1068 terrena
1612 1006 1804 1083 extulerint,
1834 1007 1962 1071 etiamsi
1982 1008 2119 1073 videant
2141 1011 2294 1076 florentes
2315 1014 2433 1097 impio·

428 1096 464 1158 in
482 1097 621 1169 firmam,
643 1095 830 1176 perfectam,
849 1089 1139 1176 incorruptibilem,
1159 1088 1332 1153 coelestem
1350 1087 1406 1151 de·
1431 1114 1433 1133 ¹
1457 1111 1533 1152 rum
1557 1110 1633 1171 opes
1662 1100 1695 1153 et
1722 1092 1876 1168 honores,
1907 1093 1935 1157 si
1963 1094 2030 1157 alta
2051 1115 2131 1175 pace
2157 1097 2236 1173 frui,
2267 1099 2295 1162 si
2320 1121 2432 1163 rerum

428 1181 528 1261 nique
555 1179 694 1262 gloriam
721 1201 799 1242 mor
827 1179 1043 1241 instauretur:
1079 1197 1121 1239 an
1153 1195 1220 1237 non
1252 1172 1407 1237 ardenter
1458 1175 1605 1238 omnium
1627 1177 1798 1257 splendore
1819 1199 1856 1241 ae
1874 1179 1956 1241 luxu
1974 1180 2151 1260 superbire,
2175 1182 2204 1245 si
2222 1183 2346 1249 deliciis
2364 1206 2434 1248 om·

428 1266 510 1330 fides
538 1272 690 1346 expetere
719 1271 812 1347 coget
844 1262 930 1345 quod
957 1270 1076 1324 natura
1110 1257 1320 1323 reformidat?
1368 1257 1405 1322 si
1457 1260 1555 1323 nibus
1583 1261 1716 1324 affluere
1741 1273 1891 1338 cernant,
1921 1264 1949 1326 si
1977 1272 2148 1346 practerea
2176 1289 2289 1332 eorum
2312 1272 2434 1351 impro-

428 1353 610 1434 cogitemus
637 1373 697 1432 per
724 1358 861 1413 mortem
891 1347 931 1411 ab
953 1346 1068 1410 exsilio
1092 1366 1150 1408 nos
1173 1344 1338 1419 revocari,
1368 1350 1407 1406 ut
1457 1343 1559 1408 bitate
1593 1347 1780 1428 pulsentur,
1820 1349 1849 1412 si
1882 1350 2095 1414 contumelias
2128 1351 2169 1414 ab
2201 1375 2314 1418 eorum
2347 1358 2433 1421 fastu

428 1437 591 1520 patriam,
611 1445 644 1498 et
666 1436 837 1499 coelestem
859 1434 999 1514 patriam
1021 1431 1215 1505 incolamus,
1249 1450 1293 1491 an
1320 1428 1405 1491 1111111
1458 1431 1653 1506 sustineant,
1680 1434 1708 1494 si
1730 1435 1868 1498 avaritia
1890 1435 2092 1517 expilantur,
2122 1438 2149 1501 si
2171 1439 2235 1502 alia
2256 1442 2372 1522 quavis
2393 1442 2433 1505 li-

428 1523 506 1586 inde
534 1523 640 1585 solatii
667 1518 922 1601 consequemur?
968 1518 1015 1580 At
1042 1516 1126 1579 nihil
1157 1526 1207 1578 est
1230 1513 1317 1595 quod
1339 1535 1406 1578 non
1457 1514 1568 1581 bidine
1590 1526 1765 1582 vexentur:
1795 1541 1861 1583 non
1890 1521 2064 1584 difficulter
2091 1543 2125 1586 se
2154 1524 2190 1587 in
2209 1525 2329 1590 talibus
2355 1548 2434 1609 quo·

429 1629 621 1690 permanere
643 1614 783 1688 appetat.
817 1605 938 1668 Fateor
960 1624 1052 1678 sane,
1076 1610 1174 1682 atque
1196 1599 1268 1663 ideo
1291 1598 1331 1661 ad
1355 1600 1405 1662 fu·
1458 1622 1520 1682 que
1548 1602 1643 1665 malis
1672 1604 1887 1669 sustinebunt.
1932 1607 2008 1670 Erit
2034 1608 2122 1670 enim
2152 1609 2211 1673 sub
2240 1612 2341 1675 oculis
2365 1611 2434 1676 dies

429 1702 539 1757 turam
560 1692 837 1754 immortalitatem
858 1687 1097 1770 respiciendum
1120 1683 1214 1749 nobis
1236 1684 1405 1762 contendo,
1457 1687 1523 1765 ille,
1544 1708 1608 1769 quo
1626 1687 1788 1754 Dominus
1809 1691 1843 1753 in
1867 1693 1960 1774 regni
1983 1692 2035 1755 sui
2057 1693 2202 1774 quictem
2224 1697 2336 1762 fideles
2358 1719 2434 1762 suos

430 1780 486 1843 ubi
509 1787 595 1841 stata
617 1777 758 1841 conditio
780 1775 943 1857 obtingat,
972 1774 1111 1854 quaein
1133 1779 1223 1834 terra
1242 1790 1406 1860 nusquam
1457 1774 1604 1853 recipiet,
1635 1773 1799 1857 absterget
1826 1777 1866 1840 ab
1896 1798 2007 1840 eorum
2037 1778 2140 1844 oeulis
2169 1801 2299 1845 omnem
2328 1783 2397 1847 laer
2420 1821 2434 1831 -

429 1868 574 1946 apparet?
622 1862 742 1942 Optime
769 1862 851 1924 enim
879 1860 1001 1923 Paulus
1032 1858 1065 1942 (2
1085 1856 1220 1933 corso,
1239 1860 1273 1938 2)
1299 1855 1406 1934 fideles
1457 1879 1559 1933 mam,
1590 1859 1673 1922 stola
1701 1860 1822 1942 gloriae
1849 1869 1881 1924 et
1908 1862 2051 1927 laetitiae
2079 1865 2167 1946 ipsos
2194 1866 2323 1945 induet,
2354 1807 2434 1932 deli·

429 1949 575 2013 aiaeriier
604 1949 645 2012 ari
672 1953 800 2011 martem
826 1966 956 2026 perpere
983 1943 1078 2019 docet,
1112 1962 1174 2004 nau
1207 1942 1283 2020 quia
1312 1941 1407 2003 uelint
1457 1944 1581 2006 ciarum
1620 1965 1754 2008 suarum
1786 1946 1998 2011 inenarrabili
2011 2020 2016 2030 ‚
2031 1950 2193 2015 suavitate
2232 1961 2357 2034 paseat,
2399 1954 2434 2017 in

428 2035 516 2112 exui,
544 2035 702 2114 1111111111
729 2031 916 2114 superindui
944 2029 1079 2110 cupiant.
1124 2028 1180 2090 An
1201 2047 1279 2088 vero
1308 2024 1406 2088 bruta
1457 2050 1534 2091 suae
1556 2029 1739 2094 altitudinis
1757 2032 1944 2096 societatem
1961 2025 2087 2109 evehef,
2111 2035 2252 2118 denique
2269 2039 2434 2103 felicitatis

430 2119 597 2194 animalia,
628 2126 725 2200 atque
755 2118 834 2182 adeo
862 2116 1026 2179 inanimae
1047 2114 1138 2194 ipsae
1160 2118 1328 2176 creaturae
1349 2132 1404 2173 us·
1457 2134 1534 2177 suae
1562 2115 1809 2196 participatione
1838 2117 2026 2200 dignabitur
2049 2120 2126 2204 (les.
2147 2125 2203 2199 25,
2223 2128 2242 2185 8
2249 2147 2257 2201 ;
2282 2126 2381 2205 Apoc.
2403 2128 2431 2198 7,

429 2227 492 2288 que
523 2205 563 2269 ad
591 2204 681 2286 ligna
709 2212 742 2267 ct
770 2201 906 2284 lapides,
936 2199 1115 2282 praesentis
1143 2217 1221 2260 suae
1247 2196 1405 2260 vanitatis
1461 2199 1523 2281 17).
1569 2200 1691 2283 impios
1713 2223 1790 2266 vero
1812 2203 1898 2281 illos,
1927 2205 1981 2286 qui
2010 2205 2047 2268 in
2074 2212 2163 2270 terra
2182 2210 2369 2286 floruerint,
2397 2211 2433 2274 in

429 2290 491 2355 sibi
518 2291 678 2366 consciae,
711 2291 747 2352 in
779 2287 934 2350 ultimum
966 2282 1212 2348 resurrectionis
1240 2281 1326 2345 diem
1353 2282 1403 2343 111-
1458 2292 1639 2349 extremam
1659 2287 1874 2369 ignominiam
1892 2290 2053 2371 proiiciet;
2077 2313 2191 2356 eorum
2209 2293 2340 2358 delicias
2359 2316 2432 2359 cru-

429 2384 540 2440 tentae
558 2390 674 2452 erunt,
703 2382 741 2438 ut
762 2395 837 2437 curn
858 2372 935 2436 filiis
958 2371 1022 2434 Dei
1049 2391 1069 2431 a
1091 2369 1236 2431 vanitate
1258 2367 1405 2430 eximan-
1458 2371 1604 2449 ciatibus,
1627 2372 1730 2435 risum
1752 2382 1785 2437 ct
1803 2375 1964 2439 laetitiam
1975 2377 2054 2439 fletu
2070 2378 2273 2461 stridoreque
2285 2380 2435 2445 dentium

429 2470 486 2524 tur
508 2461 674 2543 (1111118,
697 2460 764 2543 19),
794 2480 852 2522 nos
880 2466 913 2521 et
941 2454 1065 2538 ingenii
1094 2454 1165 2516 luce
1188 2451 1344 2533 praediti,
1373 2461 1406 2515 ct
1458 2456 1672 2538 permutabit,
1702 2480 1816 2540 pacem
1845 2460 1916 2523 diro
1940 2462 2159 2532 ,conscientiae
2187 2472 2351 2529 tormento
2385 2468 2436 2530 in·

430 2567 529 2627 supra
557 2546 739 2628 ingenium,
775 2545 837 2607 Dei
867 2542 985 2625 spiritu
1015 2538 1220 2633 illuminati,
1236 2558 1338 2619 quum
1366 2536 1406 2599 de
1458 2541 1630 2623 quictabit,
1664 2544 1836 2608 mollitiem
1868 2546 1989 2628 plectet
2018 2548 2096 2631 igne
2128 2551 2341 2631 inexstinet03
2375 2554 2436 2635 piis
2470 2552 2473 2558 ’

430 2630 573 2695 essentia
593 2639 707 2694 nostra
725 2630 846 2712 agitur,
871 2649 936 2692 non
959 2625 1146 2690 111111111111
1168 2642 1295 2686 animos
1317 2623 1407 2685 ultra
1459 2627 1566 2704 etiam,
1589 2649 1727 2709 quorum
1749 2631 1909 2711 patientia
1930 2631 2023 2697 abusi
2044 2634 2176 2712 fuerint,
2200 2658 2313 2701 eorum
2331 2640 2437 2719 capita

430 2717 517 2780 hane
539 2724 646 2779 terrae
663 2713 892 2799 putredinem?
926 2713 1053 2775 Verum
1074 2731 1140 2772 non
1162 2715 1213 2772 est
1234 2708 1333 2772 huius
1354 2708 1406 2770 in·
1458 2712 1616 2777 subiiciet,
1650 2714 1737 2778 Haec
1753 2717 1836 2778 euim
1853 2722 1897 2780 111
1913 2718 2043 2797 iustitia,
2065 2724 2138 2783 teste
2152 2721 2253 2785 Paule
2270 2723 2305 2805 (2
2321 2723 2433 2787 Thess.

430 2802 537 2866 stituti
572 2809 628 2865 aut
653 2801 715 2865 loci
744 2808 858 2863 contra
886 2805 1012 2862 tantam
1045 2795 1130 2857 hanc
1158 2793 1406 2876 perversitatem
1461 2802 1495 2875 1,
1520 2798 1571 2882 6),
1604 2800 1681 2864 dare
1705 2803 1831 2865 miseris
1857 2809 1886 2866 11
1911 2804 2026 2868 iniuste
2054 2806 2183 2885 afflictis
2207 2807 2434 2885 relaxationem,

430 2908 536 2969 agere.
580 2887 626 2949 Et
657 2887 724 2950 iam
757 2886 850 2948 initio
883 2884 1047 2966 professus
1074 2901 1149 2944 sum
1175 2900 1228 2942 1111
1259 2879 1406 2975 locorum
1457 2884 1584 2947 reddere
1604 2905 1673 2948 vera
1699 2887 1896 2966 afflictionem
1920 2889 2071 2970 improbis
2097 2892 2152 2970 qui
2176 2893 2250 2970 pios
2279 2893 2432 2972 affligunt,

430 2971 653 3038 communium
703 2972 855 3034 fusiorem
903 2966 1130 3032 tractationem
1175 2965 1228 3028 hic
1270 2965 1406 3028 mimme
1458 2989 1554 3048 quum
1575 2970 1760 3034 revelabitur
1780 2971 1938 3038 Dominus
1959 2974 2051 3039 Iesus
2074 2995 2090 3038 c
2112 2976 2197 3039 uelo.
2241 2976 2331 3038 Haec
2355 2998 2431 3059 pro-

391 3052 395 3059 ’
429 3057 513 3122 velle
546 3058 717 3138 suscipere.
772 3057 845 3137 Ego
871 3051 1061 3118 huiusmodi
1092 3049 1251 3113 timidulis
1287 3050 1405 3113 animis
1457 3054 1540 3120 fecto
1562 3057 1661 3120 unica
1682 3068 1732 3121 est
1753 3066 1866 3122 nostra
1888 3060 2078 3124 consolatio:
2103 3081 2185 3141 quae
2207 3061 2235 3124 si
2255 3061 2431 3138 auferatur,

430 3142 601 3207 suaderem
623 3150 661 3205 ut
680 3142 837 3226 Cypriani
866 3141 1012 3205 libellum
1036 3137 1075 3201 de
1096 3135 1295 3199 mortalitate
1316 3136 1405 3218 lege·
1457 3147 1515 3204 aut
1552 3162 1683 3206 neeesse
1721 3144 1784 3206 erit
1817 3142 2016 3226 despondere
2048 3145 2207 3221 animum,
2249 3152 2307 3208 aut
2338 3148 2433 3211 vanis

428 3234 516 3304 rent,
545 3228 609 3290 nisi
638 3227 729 3310 digni
759 3235 868 3292 essent
895 3227 950 3308 qui
979 3224 1019 3288 ad
1042 3206 1252 3304 philosophos
1276 3221 1406 3304 ablega-
1457 3226 1574 3289 mundi
1601 3228 1724 3292 solatiis
1749 3228 1785 3291 in
1813 3231 1950 3293 exitium
1984 3236 2133 3293 nostrum
2171 3229 2316 3294 delinire.
2380 3230 2434 3295 Si·

428 3321 552 3390 rentur,
576 3320 613 3376 ut
633 3314 789 3395 inspecte,
812 3334 909 3396 quem
932 3311 980 3374 illi
998 3330 1076 3392 prae
1097 3330 1131 3371 se
1149 3309 1267 3384 ferunt,
1290 3307 1406 3370 mortis
1458 3311 1589 3393 quidem
1611 3323 1645 3377 et
1665 3314 1826 3396 propheta
1847 3314 1948 3398 (Paul.
1970 3319 2023 3391 73,
2044 3316 2079 3398 2)
2102 3314 2164 3379 sibi
2185 3316 2355 3382 vacillasse
2378 3339 2435 3400 pe-

350 3434 352 3438 *
429 3407 632 3481 contemptu,
668 3400 857 3463 crubescere
887 3397 1053 3478 incipiant.
1098 3394 1172 3484 Hoc
1204 3400 1317 3456 tamen
1346 3392 1405 3455 ha-
1458 3396 1515 3462 des
1538 3400 1723 3478 confitetur,
1752 3399 1829 3463 dum
1853 3399 1888 3464 in
1910 3399 2073 3482 praesenti
2101 3401 2279 3482 impiorum
2301 3424 2435 3484 prospe-

428 3484 564 3548 beamus
581 3487 806 3563 constitutum,
827 3484 993 3548 neminem
1011 3480 1092 3544 bene
1103 3480 1139 3543 in
1150 3478 1277 3543 Christi
1294 3478 1407 3542 schola
1458 3483 1556 3548 ritate
1578 3485 1761 3567 reputanda
1780 3485 1920 3549 nimium
1937 3487 2141 3564 immoratur,
2165 3508 2272 3569 neque
2289 3490 2435 3570 potuisse

429 3571 617 3652 profecisse,
644 3571 708 3634 nisi
735 3571 792 3653 qui
818 3579 850 3635 et
877 3569 993 3632 mortis
1022 3574 1056 3631 et
1083 3565 1219 3628 ultimae
1241 3585 1406 3628 resurrec-
1458 3569 1555 3633 aliter
1586 3571 1762 3635 consistere
1794 3591 1893 3653 quam
1925 3570 2005 3636 dum
2037 3573 2261 3638 sanctuarium
2289 3571 2356 3637 Dei
2384 3575 2435 3638 in-

429 3655 529 3720 tionis
549 3654 637 3719 diem
658 3678 733 3721 eum
750 3655 869 3740 gaudio
888 3660 1062 3737 exspectet.
1089 3651 1176 3714 Nam
1198 3658 1231 3713 et
1249 3650 1310 3713 hac
1327 3657 1407 3713 nota
1458 3676 1602 3738 gressus,
1632 3656 1674 3720 ad
1700 3657 1915 3721 novissimum
1936 3657 2065 3740 piorum
2093 3681 2130 3723 ac
2152 3658 2313 3723 malorum
2335 3662 2435 3725 finem

430 3740 542 3804 fideles
569 3741 739 3807 universos
767 3742 921 3806 describit
948 3739 1073 3805 Paulus
1103 3737 1240 3819 (1112,
1268 3735 1338 3818 13),
1372 3744 1406 3799 et
1458 3743 1619 3806 convertit
1639 3742 1756 3807 oculos.
1796 3741 1844 3808 Ut
1863 3765 1928 3807 uno
1946 3743 2046 3810 verbo
2064 3745 2263 3822 concludam,
2282 3752 2360 3811 tune
2379 3745 2434 3810 de-

432 3826 613 3906 scripturae
634 3827 794 3892 familiare
822 3835 872 3891 est
893 3826 1020 3909 quoties
1043 3823 1165 3888 solidae
1186 3821 1330 3885 laetitiae
1352 3842 1405 3884 ar-
1457 3849 1549 3891 mum
1570 3828 1605 3891 in
1627 3827 1812 3910 pectoribus
1833 3828 1980 3894 fidelium
2001 3831 2184 3912 triumphat
2204 3851 2285 3895 crux
2307 3831 2436 3896 Christi

432 3919 626 3993 gumentum
654 3933 834 3994 proponere
862 3913 949 3989 vult,
978 3932 1016 3975 eo
1042 3931 1101 3974 nos
1130 3927 1290 3971 revocare.
1335 3908 1405 3970 Ex·
1458 3912 1498 3977 de
1521 3912 1656 3990 diabolo,
1679 3935 1786 3991 earne,
1811 3924 1945 3997 peceato
1968 3923 2001 3979 et
2022 3917 2140 3999 impiis,
2171 3916 2200 3980 si
2221 3917 2306 3980 oculi
2327 3918 2362 3980 in
2383 3939 2435 3981 re·

431 3995 567 4072 sultate,
597 3998 704 4078 inquit
732 3998 896 4061 Dominus
925 3998 1022 4081 (Luc.
1048 3999 1105 4072 21,
1130 3995 1200 4076 28),
1235 4000 1268 4056 11
1299 3993 1405 4058 levate
1459 4000 1669 4064 surrectionis
1691 4000 1870 4081 potentiam
1893 4011 2090 4066 convertunt
2132 4053 2139 4064 .

429 4082 537 4163 capita
559 4091 685 4160 vestra3
712 4084 951 4165 appropinquat
973 4082 1060 4146 enim
1082 4078 1263 4160 redemptio
1284 4087 1404 4143 vestra

429 4167 485 4230 An
507 4167 709 4244 rationabile,
733 4190 860 4249 quaeso,
884 4177 933 4232 est
954 4176 992 4232 ut
1013 4167 1098 4249 quod
1119 4164 1175 4228 ille
1197 4169 1326 4228 tantum
1349 4184 1406 4226 ra-
1453 4188 1459 4209 ¹

428 4251 495 4316 lere
518 4252 623 4316 voluit
645 4253 685 4315 ad
708 4254 960 4317 exsultationem
982 4261 1015 4317 et
1037 4251 1240 4316 alacritatem
1260 4252 1294 4313 in
1311 4249 1406 4313 nobis

429 4338 652 4414 excitandam,
683 4339 765 4402 nihil
795 4361 892 4421 quam
916 4339 1086 4402 tristitiam
1109 4357 1146 4400 ae
1168 4335 1405 4400 consternatio·
1814 4308 1967 4375 CAPUT
1988 4307 2032 4371 X·
2047 4306 2072 4392 ¹)

428 4444 504 4486 nem
526 4424 652 4505 pariat?
698 4423 737 4489 Si
759 4425 806 4489 ita
827 4432 892 4503 est,
921 4425 999 4506 quid
1026 4423 1133 4487 adhuc
1160 4442 1198 4485 eo
1220 4422 1313 4503 quasi
1334 4443 1405 4485 ma-
2157 4463 2165 4478 .
2228 4461 2236 4477 .
2344 4461 2352 4477 .

429 4509 531 4592 gistro
560 4510 759 4592 gloriamur?
811 4509 984 4574 Saniorem
1013 4531 1091 4593 ergo
1119 4516 1263 4571 mentem
1296 4507 1405 4572 conei—
1458 4467 1680 4574 Qu⁰m⁰d⁰
1718 4468 1930 4600 utendum·
1955 4475 2168 4598 praesentl
2197 4472 2286 4542 vrta
2317 4490 2429 4542 elus-

428 4593 570 4675 piamus;
594 4602 707 4677 atque,
731 4606 769 4659 ut
790 4606 952 4680 repugnet
973 4617 1069 4662 caeca
1090 4603 1123 4659 et
1146 4592 1276 4674 stupida
1297 4593 1406 4657 earnis
1751 4616 1833 4696 que
1865 4585 2128 4665 adrumentls.

429 4680 603 4763 cupiditas,
636 4703 701 4746 non
736 4683 922 4746 dubitemus
955 4681 1133 4746 adventum
1166 4678 1303 4741 Domini
1338 4699 1405 4741 non
1793 4684 1799 4695 '

428 4766 513 4829 votis
542 4767 652 4845 moda,
686 4768 742 4833 scd
771 4769 895 4851 gemitu
924 4769 1024 4832 etiam
1051 4787 1089 4830 ac
1116 4765 1280 4846 suspiriis,
1314 4765 1406 4829 velut
1546 4776 1571 4834 1,
1617 4768 1750 4834 Talibus
1777 4765 1970 4831 rudimentis
1997 4765 2097 4846 probe
2125 4784 2185 4828 nos
2207 4763 2307 4828 simul
2334 4763 2431 4827 insti·

429 4870 499 4912 rem
516 4854 662 4915 omnium
680 4855 921 4931 faustissimam,
944 4861 1104 4935 expetere.
1138 4850 1303 4916 Adveniet
1316 4850 1405 4914 enim
1456 4857 1520 4920 tuit
1541 4856 1716 4938 scriptura,
1745 4853 1817 4935 quis
1843 4863 1952 4915 rectus
1973 4851 2018 4913 sit
2038 4848 2199 4914 bonorum
2227 4851 2432 4913 terrestrium

429 4933 523 4997 nobis
546 4937 743 5018 redemptor,
777 4941 833 5022 qui
862 4940 984 5004 abhoc
1007 4940 1166 5002 immenso
1188 4937 1349 5000 malorum
1371 4943 1405 4997 et
1457 4961 1547 5006 usus:
1580 4961 1633 5004 res
1664 4941 1700 5003 in
1722 4935 1944 5019 componenda
1966 4937 2052 5000 vitae
2069 4937 2194 5000 11111111
2216 4935 2351 4998 minime
2373 4956 2431 4999 ne-

429 5018 635 5083 miseriarum
669 5025 814 5088 omnium
845 5025 975 5108 gurgite
1008 5032 1171 5089 extractas
1209 5023 1244 5085 in
1276 5023 1404 5086 beatam
1457 5025 1619 5110 gligenda.
1664 5024 1750 5088 Nam
1772 5024 1800 5089 si
1822 5021 2000 5088 vivendum
2027 5029 2091 5100 est,
2123 5020 2282 5085 utendum
2304 5041 2431 5102 quoque

429 5102 521 5166 illam
544 5105 631 5168 vitae
654 5114 688 5169 et
709 5109 831 5190 gloriae
854 5133 931 5175 suae
954 5111 1189 5174 haereditatem
1210 5107 1353 5173 inducat.
1456 5109 1647 5175 necessariis
1666 5111 1755 5176 vitae
1773 5107 1988 5175 adminiculis.
2022 5107 2092 5173 Nec
2111 5109 2224 5190 fugere
2248 5127 2431 5187 aequoque

518 5194 545 5252 6.
602 5189 658 5254 Sic
691 5200 741 5255 est
773 5215 865 5259 sane:
908 5204 1011 5259 totam
1048 5195 1194 5260 fidelium
1225 5195 1401 5273 nationem,
1455 5217 1628 5280 possumus
1661 5216 1743 5279 quae
1774 5193 1929 5261 videntur
1958 5193 2168 5259 oblectationi
2200 5191 2304 5274 magis
2332 5212 2431 5272 quam

429 5275 584 5356 quamdiu
614 5284 738 5340 terram
766 5279 965 5360 inhabitant,
999 5290 1128 5364 oportet
1155 5301 1225 5345 esse
1246 5287 1403 5361 tanquam
1455 5281 1641 5346 necessitati
1668 5282 1836 5348 inservire.
1886 5281 2023 5346 Modum
2049 5301 2127 5352 erno
2153 5287 2265 5342 tenere
2292 5282 2430 5360 oportet,

430 5380 507 5424 oves
534 5362 725 5425 mactationi
754 5363 945 5444 destinatas,
974 5389 1037 5449 quo
1052 5367 1193 5432 ¹Christo
1220 5365 1318 5447 capiti
1345 5389 1403 5431 suo

431 5447 674 5511 conformentur
708 5447 818 5531 (Rom.
850 5455 884 5527 8,
916 5451 981 5535 36).
1030 5451 1294 5537 Deploratissimi
1326 5475 1404 5536 ergo
1457 5457 1661 5503 7-ss-

431 5539 560 5629 1111111,Ι
587 5534 664 5630 nisi,
700 5535 735 5597 in
765 5535 890 5599 coelum
918 5545 1028 5602 mente
1055 5548 1177 5616 erecta,
1211 5547 1405 5622 superarent
1524 5572 1555 5635 1,
1580 5572 1687 5628 pm,
1708 5573 1774 5628 ,M
1795 5570 1969 5626 mse-1554
1992 5571 2115 5625 ,ram
2137 5569 2228 5636 operis
2252 5567 2318 5636 Cap.
2345 5567 2433 5623 ΧΧΙ,

430 5614 586 5698 qmdquld
607 5641 643 5682 111
664 5618 789 5683 mundo
809 5629 867 5698 est,
889 5629 922 5684 et
940 5633 1144 5704 praesentem
1161 5646 1272 5690 rerum
1287 5624 1405 5692 faeiem
1458 5642 1482 5708 ς.
1498 5639 1609 5695 32-37.
2319 5635 2321 5639 ’
