5600 6809
393 734 475 796 1031
718 779 729 813 .,
1039 726 1306 796 nnsmuumo
1324 728 1431 794 nnn.
1453 727 1633 794 onerer.
1657 733 1748 794 1559.
1949 751 1987 786 =.
2314 728 2402 791 rasa

483 921 533 981 30.
579 916 653 980 Iam
674 919 708 979 ut
730 914 797 979 illis
817 916 925 981 denus
946 919 1028 998 quad
1052 917 1201 1000 parriunt
1227 917 1265 981 de
1290 917 1370 981 inci·
1420 916 1522 998 fnisse
1533 936 1687 997 passum·
1708 916 1764 981 sed
1784 915 1861 997 quia
1884 913 2037 994 Christus,
2056 915 2111 996 qui
2128 915 2264 980 acuam
2281 919 2309 978 ct
2329 934 2402 979 corr·

395 1002 482 1069 sibili
501 1001 698 1082 praesentia,
718 1001 856 1066 nondum
883 1007 987 1068 tamen
1007 1003 1142 1084 probata
1163 1004 1221 1067 erit
1243 1003 1370 1066 immen·
1422 1006 1555 1082 temptas
1573 1004 1609 1065 in
1629 1022 1721 1066 carne
1736 1001 1924 1083 patiebattu,
1946 1003 2029 1066 idem
2051 1001 2141 1067 Deus
2157 1005 2225 1065 erat
2241 1006 2269 1066 et
2285 999 2402 1065 Dami-

395 1089 489 1165 sitas,
517 1088 585 1152 sine
605 1106 668 1168 qua
684 1087 816 1168 ,frustra
839 1085 998 1153 Christum
1023 1089 1080 1153 sub
1097 1109 1184 1169 pane
1214 1087 1371 1154 includere
1422 1108 1484 1152 nus
1509 1088 1635 1171 phariae.
1685 1088 1742 1152 Ad
1768 1086 1849 1151 hunc
1880 1086 2007 1151 madum
2034 1092 2063 1152 et
2081 1087 2173 1168 ptius
2204 1087 2341 1151 hominis
2364 1087 2403 1151 in

395 1173 558 1239 meamne
604 1172 683 1237 Nisi
703 1171 817 1254 ubique
838 1174 934 1238 amul
960 1194 1025 1238 esse
1039 1174 1143 1254 possit
1167 1171 1286 1239 Christi
1307 1193 1371 1238 aar·
1422 1173 1500 1239 caela
1527 1177 1609 1238 nat:
1636 1175 1714 1254 quia
1745 1173 1813 1254 ipse
1840 1173 1922 1236 mem
1952 1171 2110 1251 Christus,
2143 1173 2199 1254 qui
2229 1172 2403 1237 secundum

391 1279 458 1342 pus
478 1258 569 1322 nulla
586 1258 644 1323 laci
665 1259 922 1341 circunferentia,
940 1260 997 1324 sub
1008 1281 1094 1340 pane
1110 1261 1146 1324 in
1163 1279 1255 1326 caena
1275 1260 1372 1324 latere
1422 1279 1548 1324 canum
1571 1259 1660 1339 filius
1684 1259 1821 1323 hominis
1850 1258 2009 1323 habitabat
2028 1261 2064 1323 in
2085 1260 2192 1337 terris,
2214 1257 2303 1322 Deus
2328 1261 2402 1322 erat

397 1343 540 1410 credibile
570 1364 633 1408 nan
659 1345 725 1408 erit.
784 1345 853 1425 Quia
884 1347 1060 1411 necessitate
1080 1344 1120 1410 ab
1141 1345 1209 1410 illis
1243 1345 1372 1410 inducta
1423 1347 1460 1409 in
1480 1345 1566 1409 caela.
1614 1345 1683 1426 Qua
1703 1345 1824 1409 ratione
1845 1365 1878 1409 ea
1899 1345 1969 1425 ipsa
1986 1344 2049 1409 laco
2070 1344 2260 1409 descendisse
2280 1344 2402 1408 dicitur

259 1443 262 1448 ’
323 1477 329 1496 .
397 1434 443 1496 est
458 1429 644 1513 prodipiasa
665 1429 831 1511 ubiquitas.
866 1431 967 1512 Atqui
981 1429 1087 1512 hrmis
1103 1431 1258 1512 clarisque
1274 1431 1372 1510 scrip
1422 1431 1592 1496 secundum
1612 1431 1823 1495 diuinitam
1842 1450 1904 1494 non
1924 1431 2006 1510 quod
2026 1430 2179 1495 diuinitas
2194 1429 2309 1494 caelum
2325 1429 2404 1492 reli-

397 1520 489 1579 turae
522 1515 707 1580 testimoniis
732 1516 972 1581 dernmrstratum
998 1523 1057 1596 est,
1086 1516 1298 1582 ciraemscribi
1318 1515 1373 1578 ha
1424 1518 1533 1598 puerit,
1555 1517 1645 1580 utin
1667 1516 1856 1599 erpastulum
1877 1517 2064 1596 conperisse
2084 1516 2221 1594 abdcret;
2238 1515 2291 1579 sed
2312 1515 2403 1596 quia,

398 1601 488 1666 mani
509 1601 831 1682 carparismensurm
851 1603 962 1667 deinde
978 1623 1035 1668 sua
1051 1603 1088 1666 in
1108 1602 1226 1667 caelum
1242 1621 1374 1666 ascensu
1425 1602 1547 1666 mmdsi
1567 1603 1674 1666 amnia
1693 1602 1841 1682 impleret,
1863 1603 1899 1665 in
1920 1603 1992 1682 ipsa
2012 1607 2115 1666 tamen
2138 1599 2258 1666 Christi
2289 1600 2404 1664 huma

394 1687 509 1767 palam
536 1687 645 1768 {cansa
672 1706 734 1750 non
754 1687 895 1751 omnibus
916 1708 949 1752 se
965 1708 1031 1753 esse
1046 1689 1082 1752 in
1103 1688 1187 1767 heis,
1209 1689 1277 1766 scd,
1299 1688 1374 1751 dnm
1426 1690 1522 1752 nitate
1540 1689 1759 1769 corporaliter,
1781 1689 1817 1752 id
1838 1692 1884 1751 est
1903 1687 2092 1751 naturaliter
2112 1687 2280 1764 habitabat,
2303 1693 2331 1752 et
2354 1689 2404 1750 in-

400 1772 437 1836 in
457 1791 558 1835 unum
584 1771 710 1849 transit,
731 1771 873 1850 priorem
904 1773 1085 1854 relinqnere.
1132 1772 1197 1839 Nec
1214 1793 1285 1839 aera
1301 1792 1375 1854 pra
1426 1774 1544 1856 effabili
1564 1774 1698 1854 quadam
1718 1773 1814 1837 nuda.
1861 1773 1953 1837 Trita
1974 1778 2018 1838 est
2044 1774 2079 1837 in
2100 1772 2213 1838 scholis
2232 1774 2403 1850 distinctio,

401 1857 511 1920 missia
532 1876 625 1936 piam
652 1856 826 1935 addumnt,
850 1858 892 1923 ad
913 1878 1026 1940 carpus
1058 1858 1209 1923 trahenda
1235 1864 1295 1924 est:
1322 1876 1375 1940 epa
1427 1880 1521 1940 quam
1542 1881 1590 1923 me
1610 1860 1726 1940 referre
1751 1880 1814 1924 nan
1834 1859 1948 1940 pudet:
1974 1861 2119 1941 quamvis
2146 1862 2226 1922 tatus
2256 1857 2404 1923 Christus

400 1941 555 2006 uobiscum
564 1961 635 2004 sum
649 1943 1374 2030 usqueadeansummationemsaeculifflatth.
1428 1946 1540 2026 ubique
1566 1947 1624 2024 sit,
1652 1950 1840 2009 nontamen
1872 1950 1966 2009 tatum
1994 1946 2075 2026 quad
2096 1947 2131 2009 in
2152 1965 2186 2009 ea
2207 1948 2266 2024 est,
2289 1945 2407 2026 ubique

403 2030 454 2106 28,
474 2026 539 2108 20).
579 2026 732 2091 'Primum
749 2049 810 2092 non
826 2028 920 2094 stabit
934 2034 1088 2112 perpetua
1109 2033 1288 2109 coniunctio,
1312 2031 1376 2095 nisi
1429 2052 1502 2097 esse.
1546 2031 1652 2110 Atque
1681 2032 1803 2095 utinam
1833 2029 2015 2096 Scholastici
2041 2031 2106 2112 ipsi
2127 2033 2191 2095 aim
2217 2030 2314 2095 huius
2340 2052 2410 2095 sen·

402 2117 492 2176 entra
513 2130 621 2177 menae
641 2133 735 2177 unam
765 2112 910 2180 Christus
930 2116 965 2179 in
987 2117 1074 2180 nabis
1095 2117 1297 2200 corporaliter
1323 2116 1378 2179 ha-
1429 2118 1540 2181 tertiae
1555 2115 1651 2198 probe
1683 2117 1915 2197 expendium&
1945 2119 2021 2197 quia
2043 2119 2090 2180 ita
2110 2137 2272 2181 accursum
2295 2117 2411 2198 suisset

402 2197 492 2275 litet,-
520 2197 646 2278 ideaque
669 2200 753 2263 iusta
778 2202 861 2265 ratic
889 2221 951 2265 run
973 2207 1018 2266 est
1039 2222 1095 2266 cur
1116 2208 1180 2266 tam
1208 2202 1313 2268 acerbe
1340 2202 1378 2266 de
1429 2202 1551 2267 insulso
1571 2207 1735 2267 commenta
1756 2203 1795 2267 de
1815 2202 1939 2266 carnali
1964 2202 2082 2267 Christi
2104 2203 2294 2284 praesentia.
2340 2202 2409 2268 Me·

401 2283 504 2347 uerbis
538 2280 657 2347 Christi
690 2284 821 2366 titipent,
849 2291 884 2349 ut
910 2286 1071 2352 Christum
1097 2289 1132 2352 in
1159 2308 1250 2353 maia
1280 2289 1379 2352 inclu-
1431 2290 1534 2353 diator
1554 2309 1624 2371 erpa
1642 2294 1745 2352 noster
1771 2308 1869 2368 quum
1891 2295 1970 2351 tatus
1990 2289 2101 2368 ubique
2119 2289 2174 2366 sit,
2196 2291 2266 2353 suis
2287 2309 2410 2370 semper

403 2367 482 2433 dant
507 2368 564 2432 sub
587 2390 681 2448 pane.
731 2368 854 2435 Deinde
881 2378 1038 2438 cantemus
1065 2375 1188 2452 mincii,
1219 2372 1379 2438 Christum
1432 2375 1520 2440 adest
1526 2399 1536 2454 ;
1557 2379 1585 2437 et
1602 2374 1636 2437 in
1653 2393 1744 2438 caena
1765 2375 1896 2454 speciali
1917 2375 2005 2439 mado
2017 2379 2213 2453 praesentem
2230 2395 2263 2439 sc
2279 2375 2408 2453 exhibet,

327 2525 334 2533 ,
403 2453 489 2517 nihil
512 2454 619 2517 ntinus
647 2475 742 2534 quarn
763 2456 800 2520 de
821 2476 914 2521 carne
939 2478 1000 2522 sua
1022 2460 1120 2539 lapid,
1148 2460 1202 2523 sed
1229 2461 1379 2524 inuictum
1431 2463 1478 2524 sic
1497 2465 1598 2524 tamen
1620 2464 1653 2523 ut
1673 2465 1755 2524 tatus
1776 2460 1874 2538 adsit,
1902 2480 1964 2524 nan
1985 2465 2095 2523 tabern:
2122 2461 2213 2540 quia,
2235 2465 2269 2524 ut
2290 2461 2408 2525 dictum

404 2538 563 2604 armillum
575 2541 755 2620 promittere
771 2542 946 2622 discipulis,
963 2565 1023 2624 qua
1039 2565 1091 2609 eas
1107 2546 1259 2610 aduersus
1276 2564 1380 2609 mnnes
1431 2552 1483 2623 est,
1507 2547 1543 2610 in
1564 2566 1655 2610 carne
1671 2566 1731 2610 sua
1753 2547 1832 2611 caelo
1853 2545 2119 2625 comprehenditur
2140 2546 2232 2610 donec
2253 2546 2408 2611 iudiclmn

404 2629 535 2689 sannae
552 2625 724 2721 ¹mundique
745 2628 883 2691 insultus
904 2634 1027 2694 tueatur
1048 2635 1075 2694 et
1095 2633 1255 2696 sustineat.
1293 2631 1380 2694 Nam
1432 2637 1591 2713 appareat.

404 2729 502 2806 quum
523 2709 681 2790 difficilem
697 2712 894 2792 prouinciam
910 2715 1092 2797 iniunperet,
1110 2737 1149 2780 ne
1165 2738 1234 2781 cam
1252 2717 1380 2799 appredi
1520 2721 1570 2780 31.
1609 2718 1720 2800 'Lanpe
1750 2722 1854 2781 auum
1877 2717 2034 2799 fabuntur
2066 2717 2123 2797 qui
2154 2716 2276 2780 nullam
2302 2718 2410 2782 carnis

405 2794 554 2872 aunum,
582 2795 630 2858 ael
651 2796 768 2878 trepide
794 2797 915 2878 abeant,
935 2803 1134 2881 praescntiae
1161 2822 1238 2866 suae
1261 2802 1380 2883 fiducia
1434 2800 1553 2867 Christi
1573 2803 1790 2882 praesentiam
1808 2805 1845 2867 in
1872 2822 1964 2868 caena
1987 2803 2161 2882 concipiunt
2183 2804 2248 2867 nisi
2268 2804 2304 2866 in
2318 2824 2409 2882 pane

404 2899 454 2944 aas
481 2879 654 2978 canghrmal,
683 2901 720 2945 ac
747 2883 778 2945 si
806 2883 932 2963 diceret,
960 2906 1022 2951 non
1054 2888 1159 2968 defore
1190 2888 1258 2953 illis
1285 2907 1379 2952 suurn
1430 2889 1570 2952 sistatur.
1615 2887 1668 2952 Ita
1695 2890 1779 2953 enim
1805 2909 1941 2953 arcanae
1962 2889 2095 2970 spiritns
2116 2889 2296 2968 operationi,
2326 2909 2408 2968 quae

398 2964 606 3063 praesidinm,
629 2967 711 3046 quad
741 2969 952 3051 insuperabile
972 2973 1039 3036 erit.
1085 2973 1163 3038 Nisi
1184 2975 1290 3038 amnia
1311 2993 1379 3036 can-
1430 2976 1520 3038 nabis
1549 2973 1709 3038 Christum
1736 2975 1842 3055 ipsum
1871 2975 1957 3052 unit,
1984 2973 2066 3038 nihil
2093 2974 2246 3055 reliquum
2271 2973 2406 3054 faciunt.

399 3050 531 3147 fundae
551 3050 669 3130 liberet,
693 3074 798 3117 annon
814 3058 1013 3136 praesentiae
1039 3060 1166 3123 madum
1187 3061 1378 3143 distinpuere
1432 3058 1576 3124 Christus
1597 3080 1750 3141 praesen
1781 3060 1850 3125 illis
1875 3079 1938 3123 nan
1965 3060 2088 3123 aiddur
2114 3061 2181 3124 nisi
2209 3060 2250 3124 ad
2277 3080 2334 3123 nas
2353 3060 2408 3124 de-

400 3135 562 3232 apartmt?
573 3224 578 3234 Ι
598 3137 650 3234 'Et
672 3144 750 3204 certe
771 3141 904 3221 qnidam
922 3163 994 3207 cum
1014 3165 1126 3227 mapna
1147 3145 1289 3210 dedecore
1304 3165 1379 3226 pra·
1430 3147 1563 3214 scandat.
1611 3145 1710 3226 Quasi
1736 3166 1822 3225 aera,
1845 3147 1876 3210 si
1895 3145 1938 3210 ad
1959 3166 1992 3209 se
2011 3165 2067 3209 nas
2088 3145 2205 3223 evaleat,
2226 3166 2288 3209 non
2308 3165 2407 3226 aeque

400 3220 472 3285 dere
498 3227 658 3287 insatiam
688 3244 779 3289 suam
807 3227 929 3292 malunt
956 3251 1052 3310 quam
1078 3232 1126 3295 ael
1151 3233 1319 3296 minimum
1340 3231 1378 3295 de
1424 3235 1588 3316 patiamur
1608 3233 1677 3297 eius
1688 3233 1879 3313 praesentia.
1916 3230 2002 3314 Erpa
2019 3236 2139 3295 tanturn
2157 3231 2194 3294 de
2210 3232 2298 3296 moda
2315 3252 2409 3312 quae

399 3325 504 3403 errpre
525 3308 635 3372 cedne.
682 3310 755 3375 Nan
771 3312 878 3393 loquor
896 3313 933 3378 de
945 3317 1102 3396 papistis:
1121 3338 1254 3399 quorum
1271 3318 1378 3382 wlcra-
1429 3320 1490 3384 stia
1511 3325 1572 3383 est:
1592 3319 1669 3400 quia
1693 3316 1852 3382 Christum
1873 3318 1939 3399 ipsi
1955 3317 1991 3380 in
2007 3337 2093 3399 pane
2114 3318 2222 3395 locant,
2245 3316 2334 3381 nabis
2351 3337 2408 3380 aa

400 3391 508 3469 ΜΨ,
532 3393 711 3494 aelsaltem¹
731 3399 835 3495 mans
865 3402 1034 3466 cerurmda
1056 3407 1100 3466 est
1121 3403 1269 3468 doctrina.
1315 3402 1377 3468 Sed
1428 3409 1487 3470 tem
1517 3424 1579 3469 non
1610 3405 1754 3470 dudmus
1784 3405 1837 3486 fas
1869 3423 1935 3468 esse
1964 3424 2035 3468 eum
2066 3424 2082 3467 e
2119 3404 2199 3469 caela
2236 3404 2406 3469 detrahere

400 3478 552 3575 quasdam
573 3484 620 3578 tta
641 3481 760 3562 abram
780 3486 943 3564 canentia,
964 3493 1000 3551 ut
1020 3488 1140 3568 dnant,
1158 3495 1286 3572 propter
1306 3490 1377 3553 uni-
1437 3490 1549 3557 Utrum
1570 3492 1685 3555 rectius
1704 3491 1748 3554 sit
1764 3490 1899 3555 iudicent
1921 3489 2051 3555 tutores
2108 3491 2246 3554 Tantum
2271 3490 2409 3571 facessat

399 3567 450 3661 tas
466 3584 502 3627 m
525 3562 648 3630 Christo
668 3572 808 3647 naturas,
827 3571 999 3654 ubicunqne
1016 3579 1061 3638 est
1077 3575 1230 3639 diuinitas
1248 3573 1376 3653 Christi,
1429 3577 1589 3642 calamia
1609 3576 1677 3655 illa,
1699 3576 1823 3658 auferri
1847 3574 2008 3641 Christum
2029 3598 2051 3641 a
2072 3596 2132 3639 sua
2153 3595 2244 3639 caena
2260 3577 2328 3641 nisi
2349 3575 2408 3640 snb

400 3649 466 3714 illi-c
487 3671 605 3747 Quaque
624 3673 690 3752 esse
710 3674 841 3735 caman,
863 3678 943 3738 quae
965 3659 1004 3723 ab
1026 3660 1084 3724 illa
1101 3662 1247 3742 separari
1263 3662 1376 3742 nequit.
1423 3664 1524 3744 panis
1544 3664 1747 3744 intepumenta
1769 3662 1870 3726 lateat.
1916 3662 2003 3725 Nam
2025 3682 2120 3742 quum
2147 3663 2331 3743 mysterium
2353 3661 2409 3726 hac

404 3734 506 3831 Quasi
531 3757 602 3801 cera
631 3759 708 3803 unia
740 3741 800 3807 illa
831 3744 1008 3824 cmdlaaerit
1034 3767 1072 3810 ec
1099 3746 1221 3812 duabrns
1251 3748 1378 3812 nduris
1429 3748 1549 3813 caeleste
1569 3749 1620 3823 sit,
1640 3767 1760 3812 necesse
1780 3768 1843 3811 nan
1864 3752 1916 3825 esi,
1941 3745 2099 3812 wiredum
2120 3747 2227 3812 elicere
2247 3749 2284 3812 in
2305 3753 2408 3812 terras

400 3819 538 3885 medicem
569 3826 671 3920 nescia
697 3827 789 3907 qnid,
817 3830 899 3909 quad
923 3851 1019 3912 neque
1045 3831 1136 3897 Deus
1161 3838 1252 3908 esset,
1281 3853 1378 3914 neque
1429 3839 1463 3898 ut
1483 3834 1573 3898 nabis
1593 3834 1636 3898 sit
1657 3835 1843 3897 coniunctus.

401 3903 498 3968 horrca.
551 3905 606 3971 Sic
633 3912 758 4008 quidem
779 3912 948 3997 Eutyches,
977 3923 1004 3982 et
1026 3925 1101 4000 post
1127 3940 1196 3984 nem
1224 3917 1375 3983 Seruatus.
1517 3923 1567 3983 32.
1606 3917 1706 3983 Parra
1725 3919 1765 3983 de
1781 3917 1878 3983 modo
1891 3919 1916 4004 ¹)
1936 3920 1965 3983 si
1986 3920 2059 4002 quis
2074 3939 2128 3982 me
2143 3920 2335 4003 interroget,
2356 3921 2407 3984 la-

410 3989 527 4089 Verurn
563 4013 601 4057 en
631 4003 791 4076 scriptura
833 4009 937 4082 aperte
969 4004 1138 4088 callipitur,
1171 4006 1218 4070 sic
1249 4007 1378 4070 unicam
1429 4007 1492 4071 teri
1507 4027 1573 4070 nan
1590 4003 1734 4087 pudebit,
1753 4005 1925 4070 sublimius
1936 4027 2007 4071 esse
2024 4019 2178 4075 maenum
2192 4027 2292 4088 quam
2304 4013 2343 4069 ut
2352 4006 2407 4071 vel

404 4072 524 4141 Christe
539 4098 708 4158 porsonam
736 4091 876 4151 cosme
892 4109 931 4153 en
953 4090 1075 4156 duabus
1096 4091 1235 4171 naturis,
1257 4097 1292 4156 ut
1313 4092 1378 4157 cui·
1429 4112 1501 4156 mea
1514 4091 1646 4174 ingenio
1664 4091 1903 4173 comprehendi,
1920 4092 1972 4156 vel
1996 4093 2143 4157 enarrari
2163 4091 2272 4157 verbis
2291 4100 2405 4175 queat:

402 4181 461 4242 qne
491 4166 593 4262 tannen
624 4187 685 4231 sua
717 4177 842 4236 maneat
872 4174 962 4238 salua
984 4177 1173 4258 proprietas.
1228 4178 1278 4241 Ae
1310 4176 1377 4241 Eu-
1428 4184 1541 4260 atque,
1564 4184 1602 4241 ut
1623 4179 1769 4258 apertius
1791 4175 1911 4256 dicam,
1934 4199 1976 4242 ex
2000 4179 2086 4242 arior
2105 4179 2212 4261 magis
2233 4198 2331 4259 quam
2353 4179 2405 4240 in·

400 4246 506 4328 tpchcn
526 4271 597 4350 iure
615 4252 717 4334 fuisse
742 4255 927 4323 damnatum
956 4281 1068 4344 nepare
1094 4282 1144 4327 aas
1164 4264 1311 4344 pudebil;
1334 4263 1377 4328 ad
1429 4263 1585 4346 tellignm.
1623 4262 1741 4346 Itaque
1767 4263 1941 4329 veritatem
1961 4200 2027 4329 liei
2054 4265 2089 4327 in
2115 4284 2180 4345 qua
2201 4264 2404 4346 acquiescere

401 4332 613 4435 damnahonis
639 4359 774 4438 'causam
805 4345 922 4408 mirum
953 4352 998 4411 est
1030 4367 1081 4412 eas
1107 4369 1170 4413 non
1201 4349 1377 4414 dundee:
1429 4357 1500 4414 tuto
1527 4349 1617 4426 licet,
1647 4349 1700 4413 hia
1733 4350 1802 4414 sinc
1829 4351 2051 4415 controversia
2084 4349 2268 4431 amplector.
2317 4348 2403 4412 Pra-

401 4420 482 4512 auad
501 4422 682 4490 dunimius
702 4432 784 4490 mter
799 4435 934 4495 natmas
954 4432 1081 4512 mblata,
1098 4435 1254 4516 personae
1273 4436 1377 4500 unita·
1428 4437 1562 4499 nuntiat
1582 4434 1637 4499 ille
1658 4456 1792 4501 carnem
1814 4456 1908 4499 suam
1928 4455 1999 4501 esse
2020 4436 2148 4501 animae
2170 4453 2260 4499 meae
2281 4434 2402 4512 cibum,

400 4509 459 4568 tern
491 4527 618 4608 urpcns,
646 4531 685 4575 ecc
710 4512 779 4579 Dea
808 4515 960 4581 huminem
989 4519 1117 4600 faceret,
1140 4525 1169 4584 et
1196 4541 1234 4584 en
1255 4520 1377 4585 homine
1429 4521 1624 4604 sanguinem
1644 4542 1715 4585 esse
1736 4529 1857 4602 patum.
1903 4522 2038 4586 Talibus
2068 4521 2232 4585 alimentis
2258 4521 2405 4584 animam

400 4589 513 4687 Deum.
555 4593 656 4661 Ouios
677 4619 748 4681 erpa
769 4603 922 4666 amentiae
941 4609 993 4683 est,
1016 4605 1131 4671 caelum
1152 4611 1253 4670 terrae
1268 4608 1377 4690 patius
1428 4607 1477 4671 illi
1504 4628 1613 4672 meam
1638 4606 1835 4688 pascendam
1868 4607 1977 4672 affara.
2027 4608 2068 4671 In
2095 4604 2189 4672 secra
2216 4628 2277 4672 sua
2303 4627 2406 4670 caena

399 4696 526 4742 miscere
553 4701 649 4778 quam
675 4704 736 4748 nan
757 4687 918 4754 extrahere
941 4687 1061 4755 Christi
1081 4712 1231 4774 corpuse
1258 4693 1377 4758 coeledi
1428 4693 1520 4757 iubet
1539 4713 1593 4757 me
1615 4691 1674 4756 sub
1695 4692 1853 4774 symbolis
1870 4694 1965 4774 panis
1982 4715 2020 4758 aa
2042 4693 2113 4757 vini
2135 4713 2255 4775 corpus
2273 4713 2311 4756 aa
2328 4712 2406 4755 san-

398 4766 604 4830 sanctuarro?
647 4768 771 4854 Nam1)
788 4774 870 4854 quad
880 4795 942 4855 pra
958 4795 992 4840 se
1008 4778 1184 4842 testimonia
1200 4778 1258 4842 illa
1276 4779 1376 4843 addu-
1476 4779 1563 4843 'nem
1585 4798 1680 4843 suum
1704 4798 1848 4856 sumere,
1870 4777 2069 4844 manducare
2087 4800 2125 4844 aa
2147 4778 2266 4842 bibere.
2311 4777 2408 4842 Nihil

398 4853 486 4945 01⁴th
507 4870 594 4948 nunc
613 4857 751 4952 &cendit
767 4858 803 4921 in
820 4860 936 4925 caelum
952 4863 1018 4927 nisi
1034 4864 1091 4944 qui
1107 4864 1270 4943 descendit,
1286 4864 1376 4944 filius
1429 4800 1551 4942 lubitu
1573 4864 1653 4946 quin
1676 4868 1710 4925 et
1730 4864 1800 4944 ipse
1818 4884 1895 4928 vere
1916 4865 2071 4948 porrigat,
2095 4871 2129 4930 et
2149 4886 2210 4948 ego
2238 4865 2405 4946 recipiam.

399 4931 537 5029 hominm
554 4958 680 5036 ⁸quium
701 4942 779 5006 caela
802 4951 845 5009 est
867 4946 994 5030 (Ioann.
1016 4951 1050 5028 3,
1075 4949 1147 5034 13);
1175 4950 1264 5014 non.-
1285 4951 1376 5032 hlius
1429 4951 1573 5014 Tantum
1606 4946 1749 5012 absurda
1777 4949 1887 5014 reiicia
1919 4970 2003 5032 quae
2032 4951 2250 5017 subcoelesti
2277 4950 2407 5015 Christi

396 5034 457 5116 aur
477 5024 521 5083 cst
548 5042 582 5086 m
603 5043 678 5089 mnu
697 5030 820 5109 patris,
845 5032 914 5111 ipse
949 5037 1111 5100 enarravit
1137 5031 1287 5120 (ideml,
1309 5034 1373 5120 18),
1427 5037 1597 5100 maiestate
1634 5031 1786 5117 indigna,
1821 5038 1918 5119 aut2)
1951 5036 2116 5101 hnmanae
2151 5037 2221 5101 eius
2266 5044 2407 5101 naturae

399 5104 538 5170 eiusdem
569 5113 614 5172 est
645 5115 784 5194 stuporis
815 5136 960 5198 spernere
997 5121 1182 5186 idiomatum
1218 5129 1374 5184 κοινωνίαν
1427 5121 1565 5187 veritate
1601 5119 1710 5184 aliena
1738 5141 1808 5185 esse
1837 5129 1985 5206 apparet:
2022 5122 2152 5204 quando
2175 5130 2208 5188 et
2235 5143 2310 5186 arm
2337 5122 2406 5186 Dei

399 5209 481 5272 quae
502 5212 563 5257 nan
583 5193 802 5297 frustratalim
822 5223 844 5267 a
864 5206 982 5272 sanetis
996 5207 1146 5289 patribus
1172 5209 1299 5274 incentu
1320 5212 1372 5273 est.
1427 5206 1527 5274 verbo
1556 5227 1705 5291 pugnare
1738 5228 1869 5273 necesse
1891 5216 1955 5286 est,
1978 5206 2064 5291 quad
2086 5216 2120 5273 et
2142 5209 2188 5274 sic
2208 5209 2244 5271 in
2264 5207 2406 5290 gloriam

402 5273 488 5342 Certe
504 5299 603 5379 quum
619 5281 778 5350 Damnum
792 5287 911 5370 phariae
927 5292 1099 5373 mundares
1114 5294 1232 5359 dicitur
1249 5293 1282 5379 (l
1297 5291 1372 5359 Cor.
1427 5293 1522 5376 regni
1543 5292 1692 5359 caelestis
1714 5302 1882 5377 receptum
1905 5295 2007 5360 fuisse
2034 5293 2206 5359 Christum
2235 5293 2343 5371 docet,
2365 5297 2406 5356 nt

400 5361 429 5438 2,
449 5362 492 5446 8),
511 5385 574 5430 non
590 5368 738 5453 intellipit
756 5369 881 5439 Paulus
896 5377 931 5442 in
947 5397 1009 5444 sua
1024 5379 1189 5446 diuinitate
1201 5380 1375 5463 caldunum
2247 5420 2250 5429 ι

399 5529 603 5546 -ῄ

468 5631 483 5684 1
791 5645 797 5656 ‚
911 5648 916 5658 ,
947 5650 953 5662 ,
1495 5581 1525 5664 l)
1543 5582 1608 5664 lam
1634 5583 1802 5654 anhhuroris
1824 5589 1914 5639 taetus
1934 5554 2052 5638 Mem
2069 5585 2107 5652 (ξ.
2125 5581 2161 5639 30
2178 5583 2262 5655 seqq.)
2275 5583 2405 5649 prunus

484 5634 497 5700 )
517 5633 694 5705 Sequerentur
711 5644 813 5698 sundra
830 5645 951 5702 Mbuuu
968 5651 991 5716 §.
1010 5649 1053 5704 ab.
1071 5651 1112 5706 ed.
1126 5667 1219 5720 praec.
1427 5657 1556 5720 naudus,
1574 5657 1616 5706 ita
1634 5659 1725 5707 tamen
1741 5659 1773 5708 ut
1790 5653 1924 5708 nannum
1941 5653 2035 5707 addat.
2105 5655 2136 5725 2)
2154 5668 2204 5707 arc.
2223 5655 2265 5706 ab.
