5600 6809
369 737 433 799 985
514 813 517 820 ¹
708 734 798 801 LIB.
821 734 882 799 IV.
926 736 990 801 DE
1012 733 1249 839 EX'I'ERNIS
1272 730 1440 799 MEDIIS
1462 733 1529 800 AD
1552 731 1780 802 SALUTEM„
1827 735 1924 802 OAP.
1947 735 2044 801 XVI.
2319 742 2381 804 986

373 946 433 1008 pro
455 932 600 1007 ternpore
623 924 813 1002 contineret,
836 923 999 1006 peculium
1021 945 1117 988 suum
1140 929 1173 988 et
1193 923 1353 1006 populum
1405 941 1471 985 non
1504 921 1635 1005 penitus
1668 923 1709 988 ab
1742 945 1856 988 eorum
1911 934 1986 990 ente
2024 924 2163 990 celetis
2198 924 2382 992 benedictio
2438 970 2444 977 ·

376 1011 570 1092 anquisitum
601 1008 737 1074 dicebat.
776 1009 829 1073 Ad
852 1008 1036 1074 testandam
1060 1009 1217 1074 eiusmodi
1247 1009 1354 1089 benefi-
1406 1005 1606 1090 demigrarit
1646 1006 1722 1089 Qua
1738 1010 1866 1074 ratione
1883 945 1955 1075 illos
1974 1010 2153 1093 quamlibet
2174 1020 2382 1084 contumaces
2457 1073 2459 1079 s

376 1097 507 1160 centiam
534 1096 609 1160 doto
637 1097 701 1178 fuit
729 1095 945 1173 circumcisio,
969 1097 1062 1160 cuius
1085 1095 1235 1179 symbolo
1258 1095 1352 1158 doce-
1406 1112 1444 1157 ac
1465 1091 1669 1176 foedifragos,
1701 1103 1830 1161 sanctos
1859 1095 2071 1161 nihilominus
2099 1096 2248 1178 appellat.
2294 1097 2383 1162 'l'an-

375 1191 492 1245 rent-ur
513 1180 642 1259 Iudaei,
670 1181 781 1246 Deum
815 1181 877 1246 sibi
909 1202 979 1245 esse
1011 1182 1126 1245 solutis
1158 1179 1350 1263 praesidem.
1406 1185 1477 1241 tum
1500 1178 1635 1243 honoris
1652 1180 1758 1245 defert
1779 1188 1911 1246 sanotae
1932 1182 2146 1266 generationi,
2169 1202 2268 1265 quam
2289 1183 2383 1249 Deus

377 1267 453 1348 Qua
475 1267 664 1350 cognitione
686 1268 721 1331 in
744 1287 836 1349 spem
859 1267 946 1331 vitae
968 1274 1121 1332 aeternae
1142 1267 1353 1350 erigebantur
1406 1283 1497 1329 sacro
1531 1286 1589 1329 suo
1622 1266 1751 1331 foedere
1785 1267 1939 1351 dignatus
1972 1270 2088 1333 fuerat
2132 1269 2202 1333 Nos
2223 1289 2318 1347 vero,
2353 1269 2382 1334 si

376 1373 490 1417 eorum
517 1353 627 1416 animi.
673 1351 763 1432 Quid
792 1352 880 1416 enirn
910 1352 1099 1416 defuturum
1127 1361 1177 1417 est
1203 1353 1353 1434 siquem
1407 1350 1564 1414 cumillis
1586 1354 1947 1435 componamur,velut
1972 1354 2180 1437 posthumos,
2204 1355 2384 1420 autetiam

376 1438 477 1504 semel
508 1440 543 1502 in
576 1438 674 1503 fidem
703 1438 795 1503 Deus
830 1437 1010 1520 acceperit?
1042 1436 1155 1519 Quare
1186 1438 1353 1521 apostolus
1407 1436 1571 1501 abortivos
1593 1436 1748 1502 Abrahae
1769 1439 1867 1518 filios3
1890 1440 1999 1522 idque*
2015 1439 2205 1522 adoptione,
2229 1461 2296 1503 non
2322 1462 2382 1506 na-

376 1525 537 1608 (1101114,
560 1526 614 1608 10)
636 1524 833 1606 probaturus
856 1524 995 1608 gentiles
1028 1546 1095 1589 una
1127 1545 1201 1589 cunr
1224 1521 1353 1588 Iudaeis
1406 1530 1489 1586 tura.
1523 1520 1807 1602 Quemadmodum
1830 1525 1858 1590 si
1876 1524 2039 1592 defractus
2060 1547 2157 1591 asua
2174 1525 2290 1590 arbore
2309 1548 2381 1590 sur-

376 1632 447 1675 esse
464 1611 618 1675 Abrahae
639 1609 733 1687 filios,
751 1610 786 1672 in
806 1610 891 1674 hanc
913 1611 1051 1674 formam
1069 1610 1226 1692 loquitur:
1246 1609 1353 1674 Abra·
1377 1656 1381 1703 ,
1407 1608 1500 1673 01100
1515 1609 1550 1673 in
1568 1609 1711 1673 alienum
1731 1612 1875 1692 stipitem
1892 1612 2064 1676 inseratur.
2100 1612 2191 1696 Ergo
2209 1632 2271 1675 sua
2287 1632 2382 1693 prae·

376 1697 464 1774 ham,
488 1696 601 1779 inquit,
624 1694 689 1760 fide
706 1696 901 1761 iustificatos
919 1696 982 1759 fuit
999 1695 1033 1758 in
1052 1696 1230 1779 praeputio.
1272 1696 1354 1761 Post
1378 1706 1380 1777 j
1406 1695 1554 1776 rogativa
1586 1714 1628 1758 ne
1663 1695 1912 1773 fraudarentur,
1942 1697 2148 1780 evangelium
2177 1698 2244 1762 illis
2276 1699 2383 1779 primo

376 1782 509 1865 signum
531 1783 656 1864 aceepit
683 1781 953 1856 circumcisionis,
983 1780 1127 1864 sigillum
1150 1781 1292 1847 iustitiae
1315 1783 1356 1845 fi·
1406 1779 1477 1845 1000
1499 1781 1688 1844 0010111011
1707 1783 1857 1864 oportuit.
1899 1780 1986 1848 Sunt
2007 1783 2096 1846 enim
2117 1784 2151 1847 in
2169 1784 2234 1847 Dei
2257 1782 2383 1848 familia

377 1868 438 1944 dei,
462 1875 501 1931 ut
521 1875 615 1949 pater
639 1876 725 1932 esset
746 1868 891 1931 omnium
913 1866 1059 1930 fidelium
1082 1875 1116 1931 et
1136 1868 1297 1950 praeputii
1321 1874 1355 1931 01
1407 1865 1498 1929 velut
1515 1866 1733 1950 primogeniti.
1771 1866 1883 1947 Quare
1905 1869 1959 1934 hic
1980 1868 2086 1932 honor
2103 1867 2298 1933 deferendus
2317 1869 2383 1936 illis

377 1954 648 2032 circumcisionis,
678 1971 746 2017 non
779 1973 892 2016 eorum
926 1954 982 2034 qui
1016 1953 1084 2017 sola
1111 1953 1353 2019 circumcisione
1406 1952 1476 2027 fuit,
1499 1951 1600 2015 donec
1622 1951 1766 2017 oblatum
1792 1955 1989 2031 reiecerunt,
2011 1962 2044 2018 et
2066 1976 2126 2018 sua
2147 1953 2383 2037 ingratitudine

378 2039 576 2123 gloriantur,
611 2039 668 2102 sed
699 2040 754 2119 qui
787 2045 970 2121 sequuntur
1001 2038 1100 2103 fidem
1133 2060 1230 2123 quam
1261 2047 1355 2122 pater
1407 2037 1594 2114 effecerunt,
1626 2039 2133 2122 01·0(1ςο1110011011110010101.-
2168 2040 2283 2122 Neque
2305 2059 2383 2103 vero

377 2132 489 2188 noster
511 2124 679 2189 Abraham
702 2125 738 2188 in
760 2125 933 2206 praeputio
956 2123 1079 2189 habuit.
1120 2126 1241 2189 Annon
1263 2124 1354 2188 vide-
1406 2132 1655 2204 quantacunque
1678 2126 1881 2190 contumacia
1902 2147 1977 2190 eum
1999 2126 2167 2209 evangelio
2184 2125 2308 2189 bellum
2325 2146 2382 2207 ge·

376 2232 451 2275 mus
473 2210 631 2293 dignitate
653 2217 806 2293 utrosque
826 2209 1021 2290 adaequari?
1060 2210 1145 2274 Nam
1165 2210 1206 2275 ad
1225 2218 1354 2294 tempus
1378 2273 1381 2289 ,
1406 2229 1479 2272 1010
1501 2210 1692 2289 persistant,
1716 2209 1789 2273 ideo
1814 2217 1923 2275 tamen
1947 2211 2040 2276 nobis
2062 2220 2140 2277 sunt
2167 2209 2366 2293 despiciendi
2373 2233 2382 2290 ;

376 2297 441 2362 Dei
469 2296 597 2360 decreto
631 2296 846 2360 constitutum
897 2302 969 2359 ater
995 2297 1058 2360 fuit
1089 2296 1352 2361 circumcisionis.
1378 2298 1381 2367 1
1406 2295 1434 2358 01
1466 2303 1664 2375 reputamus,
1693 2294 1728 2359 in
1749 2296 1974 2377 promissionis
2007 2297 2162 2380 gratiam,
2192 2297 2256 2360 Dei
2283 2296 2382 2359 bene·

375 2382 441 2447 Ubi
461 2380 568 2445 diruto
587 2383 720 2463 pariete,
745 2402 862 2463 quemo
919 2381 1017 2445 odum
1036 2382 1114 2445 alibi
1132 2381 1244 2447 scribit
1263 2383 1353 2465 Apo·
1378 2378 1381 2431 l
1407 2379 1582 2444 dictionem
1610 2382 1696 2444 inter
1730 2402 1784 2445 eos
1797 2416 1804 2441 .
1817 2383 1998 2446 etiamnum
2031 2382 2189 2459 residere,
2224 2390 2263 2444 nt
2295 2389 2383 2447 certe

377 2467 481 2531 stolus
507 2467 660 2551 (1111112,
684 2467 747 2551 14),
777 2488 840 2548 quo
864 2476 978 2550 gentes
1006 2467 1179 2532 aIudaeis
1206 2488 1354 2532 secerne·
1405 2487 1575 2547 nunquam
1597 2464 1673 2530 inde
1695 2487 1830 2549 prorsus
1852 2468 2076 2533 abscessuram
2099 2467 2265 2549 apostolus
2283 2474 2382 2532 testa·

377 2552 507 2630 bantur,
531 2553 596 2616 illis
611 2574 739 2635 quoque
756 2554 937 2635 patefactus
959 2553 1066 2618 aditus
1083 2554 1146 2617 fuit
1161 2555 1198 2617 in
1215 2574 1355 2636 regnum
1407 2563 1476 2614 tur:
1499 2552 1652 2632 quoniam
1680 2552 1751 2617 sine
1775 2555 1975 2634 poenitentia
1997 2561 2074 2617 sunt
2095 2551 2181 2617 dona
2202 2561 2235 2616 et
2255 2553 2383 2618 vocatio

377 2638 451 2717 Dei,
471 2640 576 2703 lactus
595 2644 646 2702 est
667 2639 799 2702 illarum
822 2646 932 2720 pater;
954 2639 1060 2721 idque,
1085 2641 1166 2704 citra
1183 2639 1353 2705 0110111101-
1405 2637 1478 2700 Dei.

377 2725 477 2789 sionis
504 2725 650 2808 signum,
673 2724 759 2806 quod
781 2724 979 2805 baptismum
1001 2726 1071 2790 vice
1100 2725 1354 2790 circumcisionis
1496 2726 1543 2786 15.
1588 2723 1643 2786 En
1665 2721 1745 2804 quid
1765 2724 1882 2802 valeat,
1906 2732 1940 2788 et
1957 2746 2021 2806 qua
2042 2724 2136 2789 lance
2153 2722 2320 2789 metienda
2340 2724 2384 2788 sit

377 2809 509 2874 habent.
556 2808 653 2889 Quod
681 2819 790 2874 autem
809 2811 1002 2874 nominatim
1024 2811 1193 2875 Abraham
1222 2813 1262 2876 iis
1284 2832 1354 2875 esse
1406 2808 1577 2890 promissio
1598 2806 1754 2872 Abrahae
1772 2810 1954 2890 posteritati
1985 2810 2070 2874 data.
2111 2810 2256 2875 Proinde
2279 2830 2382 2892 quan·

376 2904 502 2979 patrem
523 2905 631 2978 negat,
655 2897 710 2978 qui
733 2903 811 2960 sunt
832 2917 872 2959 01
895 2897 1137 2961 circumcisione
1159 2904 1298 2974 tanturn,
1320 2896 1356 2965 id
1379 2916 1381 2989 q
1406 2914 1505 2976 quam
1527 2895 1563 2956 in
1585 2892 1808 2959 discernendis
1829 2896 1924 2976 regni
1947 2895 2141 2959 haeredibus
2165 2917 2184 2959 a
2206 2896 2326 2977 spuriis
2349 2903 2383 2960 et

376 2981 521 3062 positum
551 2980 670 3045 estad
705 2980 945 3045 retundendum
974 2982 1181 3064 quorundam
1210 2983 1354 3066 011110101-
1378 2992 1381 3056 1
1407 2981 1583 3057 extraneis,
1606 3001 1705 3043 unam
1723 2980 1787 3044 Dei
1804 2981 1996 3045 electionem
2013 2981 2115 3045 libero
2133 2981 2203 3044 iure
2222 2980 2383 3045 dominari

377 3067 472 3145 lium,
508 3068 567 3215 (qlui
606 3068 726 3146 omissa
757 3068 888 3149 pietatis
920 3088 1007 3144 cura,
1032 3067 1108 3132 solis
1142 3068 1354 3158 caeremoniis
1378 3066 1381 3111 :
1406 3065 1491 3129 nihil
1513 3063 1709 3143 dubitamus,
1733 3065 1831 3129 simul
1853 3072 1964 3130 tamen
1986 3066 2201 3149 perspicimus
2223 3065 2382 3147 eiplacu-

378 3174 413 3216 se
442 3173 505 3216 ven
532 3153 665 3216 'tabant
711 3151 862 3233 Qualiter
894 3152 1053 3234 hodieque
1086 3155 1223 3218 refutari
1250 3154 1354 3236 possit
1378 3118 1381 3209 l
1406 3153 1486 3229 isse,
1510 3172 1622 3216 semen
1650 3150 1805 3216 Abrahae
1827 3150 2037 3234 peculiariter
2070 3150 2291 3216 misericordia
2322 3171 2382 3214 sua

377 3258 490 3301 eornm
508 3238 645 3316 vanitas,
669 3240 724 3322 qui
746 3239 782 3302 in
800 3238 961 3322 baptismo
979 3239 1063 3303 nihil
1084 3247 1214 3321 praeter
1236 3260 1355 3322 aquam
1379 3276 1381 3305 1
1407 3237 1586 3320 complecti,
1609 3257 1646 3301 ac
1668 3257 1733 3319 quo
1755 3239 1904 3302 testatior
1926 3238 2115 3314 haberetur,
2138 3236 2382 3301 circumcisione

375 3332 546 3404 quaerunt.
1379 3320 1381 3419 1
1408 3323 1589 3405 obsignare.
1640 3323 1745 3387 Porro
1778 3323 1892 3388 eadem
1931 3326 2064 3388 omnino
2096 3329 2146 3386 est
2184 3322 2383 3386 christianae

467 3414 513 3472 14.
558 3407 625 3473 Sed
649 3409 732 3473 alter
749 3411 886 3491 apostoli
903 3411 995 3475 locus
1012 3433 1053 3474 ex
1072 3410 1210 3493 epistola
1226 3410 1267 3474 ad
1284 3412 1353 3474 Ro·
1379 3426 1381 3447 ²
1407 3408 1550 3474 sedeciae
1571 3408 1664 3473 ratio.
1709 3409 1796 3473 Nam
1815 3417 1854 3472 ut
1880 3409 1947 3473 illic
1969 3410 2094 3474 Paulus
2137 3408 2334 3474 sanctificari
2362 3428 2383 3471 a

376 3515 490 3558 manos
509 3494 553 3578 (11,
575 3493 609 3578 7)
628 3503 742 3559 contra
758 3495 950 3577 proferetur,
968 3496 1025 3560 ubi
1043 3518 1098 3560 eos
1116 3496 1172 3578 qui
1194 3517 1235 3560 01
1256 3518 1355 3562 carne
1405 3493 1597 3578 parentibus
1616 3493 1684 3558 suis
1701 3495 1843 3560 Iudaeos
1861 3495 2015 3577 disputat,
2039 3497 2086 3559 ita
2107 3493 2184 3557 alibi
2202 3492 2234 3575 (1
2257 3493 2330 3557 Cor.
2352 3497 2381 3573 7,

377 3589 462 3657 sunt,
487 3601 555 3643 non
583 3601 653 3643 esse
679 3581 835 3646 Abrahae
865 3581 949 3647 filios
972 3581 1079 3662 docet;
1102 3582 1158 3646 sed
1181 3603 1236 3647 eos
1257 3583 1353 3648 modo
1410 3581 1464 3664 14)
1498 3580 1606 3658 docet,
1634 3580 1773 3644 eandem
1811 3601 1831 3644 a
1859 3580 2051 3664 parentibus
2090 3579 2383 3645 sanctificationem

377 3668 412 3729 in
441 3667 563 3731 semine
592 3667 717 3730 censeri
740 3667 795 3748 qui
819 3675 896 3732 sunt
926 3668 986 3731 filii
1010 3667 1244 3750 promissionis.
1295 3669 1354 3733 In·
1408 3664 1673 3731 Christianorum
1695 3666 1815 3731 liberos
1837 3666 1963 3732 ducere.
2008 3667 2105 3733 Unde
2133 3665 2310 3748 colligitur,
2341 3663 2382 3730 ab

376 3774 478 3815 nuere
501 3773 641 3833 namque
664 3752 803 3830 videtur,
827 3754 910 3816 nihil
929 3776 999 3818 0100
1022 3754 1186 3819 carnalem
1198 3754 1353 3819 Abrahae
1407 3752 1480 3816 aliis
1513 3752 1633 3815 merito
1662 3752 1845 3835 segregari,
1878 3753 1934 3834 qui
1956 3752 2156 3836 impuritatis
2185 3770 2382 3816 econverso

378 3839 616 3920 cognationem,
640 3859 739 3919 quam
763 3860 821 3902 nos
843 3840 951 3922 aliquo
973 3840 1078 3922 gradu
1100 3841 1262 3922 ponimus.
1307 3841 1354 3905 At
1407 3836 1614 3902 damnantur.
1659 3837 1730 3901 Iam
1754 3839 1827 3920 quis
1844 3839 2010 3922 ambigere
2030 3839 2134 3922 possit
2150 3837 2229 3919 quin
2246 3835 2383 3902 salsissi-

377 3924 464 3987 enim
493 3923 682 4006 diligentius
716 3924 1043 3990 animadvertendum
1076 3933 1126 3991 est
1157 3947 1254 4009 quam
1287 3925 1353 3991 illic
1406 3946 1497 3987 mum
1522 3925 1564 3988 sit
1581 3922 1669 4003 quod
1689 3921 1806 3989 deinde
1824 3923 2035 3990 subnectunt:
2059 3925 2116 4007 qui
2138 3911 2216 3987 oliin
2238 3922 2383 3987 infantes

314 4027 320 4039 ·
378 4030 511 4074 causam
533 4016 652 4072 tractet
678 4009 851 4093 apostolus.
896 4012 983 4076 Nam
1005 4012 1135 4077 Indaeis
1162 4020 1354 4076 ostensurus
1407 4008 1732 4087 circumcidebantur,
1757 4030 1812 4074 000
1833 4011 2005 4076 infantiam
2036 4008 2200 4074 duntaxat
2227 4008 2382 4090 spiritua-

379 4116 477 4177 quam
505 4116 571 4157 non
590 4103 676 4158 00001
697 4095 832 4178 alligata
854 4098 970 4161 semini
992 4098 1146 4163 Abrahae
1173 4098 1239 4162 Dei
1260 4097 1353 4161 boni-
1406 4095 1469 4159 lem
1509 4097 1679 4179 figurasse,
1717 4116 1800 4178 quae
1839 4118 1880 4161 01
1911 4096 2005 4162 verbi
2037 4096 2101 4160 Dei
2135 4094 2382 4177 regeneratione

379 4189 445 4257 tas,
468 4181 535 4243 imo
554 4203 652 4262 quarn
673 4181 1353 4263 ’1111111101οθ0011101010111010111000-
1406 4180 1567 4265 emergit?
1601 4180 1716 4263 Neque
1751 4183 1838 4247 enim
1868 4191 1937 4247 tam
1977 4189 2093 4265 argute
2131 4178 2382 4262 philosophatur

379 4275 491 4330 mento
521 4266 697 4329 Ismaelem
731 4275 764 4330 et
793 4267 883 4331 Esau
911 4269 1050 4351 prolert3
1075 4267 1192 4351 quibus
1215 4268 1352 4348 reiectis,
1406 4267 1572 4349 apostolus
1600 4267 1710 4347 (Rom.
1733 4271 1786 4345 15,
1811 4268 1862 4352 8),
1885 4268 1942 4332 ubi
1964 4267 2136 4332 Christum
2164 4263 2381 4328 circumcisio-

377 4373 445 4416 non
468 4373 560 4416 secus
583 4373 620 4415 ac
642 4353 669 4415 si
688 4353 836 4416 extranei
853 4353 1001 4432 fuissent,
1023 4355 1153 4418 tametsi
1173 4353 1354 4418 secundum
1406 4354 1458 4417 nis
1480 4353 1669 4418 ministrum
1697 4374 1768 4418 0000
1790 4353 1911 4432 scribit,
1934 4354 1976 4417 ad
2004 4349 2187 4435 implendas
2213 4366 2295 4429 quae
2321 4369 2380 4430 pa·

378 4459 510 4502 carnem
532 4458 689 4520 germana
712 4446 806 4502 crant
828 4439 981 4507 Abrahae
1003 4439 1185 4523 progenies,
1207 4439 1243 4502 in
1260 4440 1353 4505 Isaac
1406 4439 1514 4503 tribus
1542 4437 1647 4503 editae
1672 4439 1806 4504 fuerant
1836 4440 2084 4522 promissiones,
2107 4458 2145 4501 00
2172 4433 2200 4498 si
2228 4434 2263 4495 in
2291 4433 2381 4496 hunc

379 4530 412 4585 et
449 4524 547 4588 Iacob
587 4522 708 4588 residet
741 4523 928 4589 benedictio.
979 4525 1077 4591 Unde
1115 4524 1286 4590 conficitur
1319 4525 1354 4589 id
1405 4523 1540 4588 modum
1590 4525 1791 4608 loqueretur:
1838 4523 2099 4607 qnandoquidem
2141 4518 2255 4583 foedus
2305 4538 2381 4582 cum

379 4607 464 4688 qnod
486 4616 600 4688 postea
622 4611 779 4687 affirmat,
802 4611 945 4691 pendere
968 4612 1107 4676 salutem
1129 4633 1149 4674 a
1170 4611 1234 4676 Dei
1255 4611 1354 4676 mise-
1406 4609 1596 4675 Abrahamo
1617 4631 1807 4693 percussum
1829 4611 1870 4674 ad
1892 4631 2005 4675 semen
2026 4609 2096 4672 eius
2117 4605 2258 4686 respicit,
2282 4601 2379 4667 Chri·

379 4692 534 4769 rieordia,
569 4715 633 4775 qua
665 4698 873 4778 prosequitur
899 4717 998 4779 quem
1020 4696 1068 4760 illi
1096 4697 1203 4761 visum
1236 4698 1353 4776 fuerit3
1407 4702 1504 4774 stum,
1527 4702 1565 4760 ut
1586 4696 1686 4762 fidem
1713 4703 1851 4779 epatre
1878 4695 1980 4761 semel
2001 4694 2112 4757 datam
2138 4697 2321 4773 praestaret
2342 4709 2380 4787 ao

379 4797 510 4843 causam
539 4799 618 4842 vcro
645 4803 711 4846 non
737 4804 807 4847 esse
835 4804 894 4848 cur
921 4781 1034 4847 Iudaei
1062 4782 1201 4847 foederis
1223 4783 1355 4847 nomine
1407 4782 1558 4859 solveret,
1581 4784 1615 4847 in
1638 4783 1779 4848 salutem
1801 4781 1971 4845 advenisse
1999 4777 2089 4862 genti
2118 4775 2273 4840 iudaicae.
2318 4774 2379 4837 Vr·

379 4864 440 4928 sibi
457 4863 609 4946 placeant
626 4873 683 4929 aut
701 4869 891 4950 glorientur,
914 4869 979 4933 nisi
1000 4868 1140 4934 foederis
1157 4868 1264 4952 legem
1287 4890 1354 4933 ser·
1409 4868 1508 4933 desne
1536 4876 1573 4932 ut
1593 4876 1668 4953 post
1690 4867 1815 4933 Christi
1837 4865 2107 4931 resurrectionem
2135 4881 2276 4943 quoque,
2304 4879 2380 4942 pro-

379 4956 472 5026 vent,
508 4948 542 5012 id
573 4957 636 5025 est,
664 4952 763 5016 verbo
792 4955 952 5020 obediant.
1001 4955 1149 5020 Rursum
1177 4954 1233 5019 ubi
1268 4976 1356 5018 vana
1408 4955 1595 5020 missionem
1623 4954 1760 5018 foederis
1790 4972 1856 5015 non
1887 4951 2060 5033 allegorice
2082 4954 2227 5023 tantum,
2246 4944 2314 5023 scd,
2341 4950 2381 5009 ut

381 5036 511 5119 generis
535 5034 586 5098 sui
609 5035 806 5100 confidentia
824 5041 897 5104 illos
922 5041 1053 5117 deiecit,
1078 5042 1154 5123 quia
1171 5048 1286 5106 tamen
1307 5040 1355 5104 al·
1408 5039 1509 5106 verba
1530 5048 1651 5104 sonant
1684 5037 1808 5101 carnali
1837 5036 1992 5102 Abrahae
2021 5035 2138 5100 semini
2170 5030 2376 5113 implendam

381 5128 451 5185 tera
473 5142 514 5184 ex
527 5128 629 5202 'parte
644 5121 797 5184 cernebat
818 5125 931 5187 foedus
943 5125 1030 5206 quod
1044 5127 1143 5190 semel
1157 5149 1230 5191 curn
1248 5127 1355 5192 Abra
1408 5125 1564 5192 censeat?
1594 5122 1719 5187 Eodem
1741 5123 1885 5205 pertinet
1905 5121 1991 5204 quod
2013 5122 2134 5186 Petrus
2163 5119 2251 5204 (Act.
2271 5120 2300 5195 2,
2321 5115 2377 5199 39)

381 5207 442 5270 hae
470 5207 659 5288 posteritate
682 5206 802 5269 initum
831 5209 937 5272 luerat
959 5231 978 5271 a
1001 5208 1082 5287 Dec,
1110 5212 1242 5275 irritum
1263 5213 1354 5276 nullo
1407 5208 1540 5276 Iudaeis
1568 5208 1754 5286 denuntiat,
1783 5208 1848 5273 illis
1875 5231 1912 5273 ae
1940 5207 2057 5273 semini
2079 5225 2211 5282 eorum,
2239 5201 2380 5267 foederis

379 5291 476 5356 modo
505 5292 577 5356 fieri
605 5312 714 5374 posse;
743 5312 811 5375 cap.
834 5298 881 5356 11.
911 5293 1076 5357 carnalem
1103 5294 1258 5360 Abrahae
1280 5318 1356 5380 cog·
1409 5298 1494 5372 iure,
1522 5291 1684 5374 evangelii
1705 5293 1899 5359 beneficium
1928 5292 2054 5371 deberi;
2082 5312 2119 5356 ae
2146 5290 2295 5372 proxime
2328 5307 2378 5352 se·

379 5379 548 5443 nationem
574 5399 639 5442 non
668 5399 739 5442 esse
762 5374 821 5443 sua
848 5377 1008 5463 dignitate
1031 5378 1233 5461 spoliandam
1255 5379 1356 5445 disse-
1410 5380 1522 5465 quenti
1552 5378 1657 5459 capite
1679 5377 1724 5461 (3,
1744 5379 1800 5464 25)
1828 5400 1883 5445 eos
1909 5378 2097 5444 testamenti
2124 5374 2216 5452 filios,
2245 5373 2306 5438 hoc
2328 5378 2380 5437 est

380 5466 432 5542 rit,
457 5465 548 5530 cuius
570 5464 727 5530 beneficio
749 5464 889 5530 Iudaeos
912 5463 1006 5529 docet
1028 5464 1151 5546 primos
1169 5484 1208 5529 ao
1228 5466 1357 5531 nativos
1411 5463 1567 5531 haeredes
1588 5473 1772 5547 nuncupat.
1817 5466 1849 5530 A
1869 5486 1933 5548 quo
1956 5465 2056 5530 etiam
2077 5482 2143 5525 non
2164 5460 2261 5541 longe
2283 5456 2378 5522 ablu·

380 5570 451 5615 esse
474 5550 636 5634 evangelii
664 5550 835 5629 haeredes,
859 5551 923 5615 nisi
953 5557 1115 5632 quatenus
1137 5571 1196 5615 sua
1217 5549 1357 5634 ingrati·
1382 5558 1386 5695 )
1411 5553 1459 5614 dit
1479 5549 1566 5613 alter
1588 5551 1725 5633 apostoli
1751 5572 1850 5635 supra
1873 5552 1993 5618 citatus
2021 5549 2112 5614 locus
2140 5543 2290 5630 (Epha,
2312 5542 2378 5623 11),

378 5637 502 5716 tudine,
526 5656 586 5701 eeu
607 5636 744 5722 indigni,
768 5637 909 5703 abdicati
925 5637 1067 5701 fuerunt
1101 5633 1158 5702 Sic
1178 5643 1359 5714 tumeant
1410 5636 1466 5701 ubi
1487 5636 1682 5718 impressam
1699 5637 1878 5704 infantibus
1900 5634 2178 5706 circumcisionem
2204 5651 2264 5716 pro
2283 5629 2378 5696 testi-
