5600 6809
1044 535 1059 580 t

443 759 506 822 888
873 706 878 725 ’
1087 749 1354 819 8888188888
1375 750 1481 818 1888.
1504 749 1686 818 enasse.
1711 754 1803 816 1888.
1992 800 2001 809 .
2386 753 2456 818 888

445 942 620 1010 necessarii
642 947 735 1022 sunt;
757 940 855 1005 multi
882 941 1003 1025 quippe
1025 939 1062 1005 in
1083 939 1228 1019 eeclesia,
1251 938 1421 1005 commoda
1474 941 1731 1016 observationes,
1760 938 1788 1002 si
1810 938 1863 1003 his
1891 940 2137 1005 meminerimus
2159 940 2299 1005 alterum
2321 962 2456 1024 semper

446 1039 578 1094 terrena
605 1034 776 1105 sectantes,
805 1025 978 1092 Christum
1004 1025 1204 1109 praedicant,
1233 1033 1267 1090 et
1286 1046 1346 1107 per
1367 1046 1422 1093 eos
1474 1048 1517 1091 ex
1549 1024 1675 1091 duobus
1704 1044 1775 1089 esse
1801 1025 2018 1108 propositum,
2048 1032 2309 1109 888888881888
2336 1027 2454 1092 simul:

445 1136 510 1181 vox
532 1112 660 1179 Christi
681 1113 822 1191 auditur,
846 1120 880 1176 et
901 1119 1085 1195 sequuntur
1106 1132 1183 1176 8888
1205 1132 1272 1175 888
1297 1130 1422 1189 8188888-
1475 1112 1568 1176 8818
1590 1131 1681 1177 sacro
1703 1108 1850 1174 fidelium
1872 1116 1967 1175 88888
1986 1109 2364 1196 decenterperegantur
2381 1133 2456 1176 om-

446 1201 591 1278 narium,
625 1198 684 1265 sed
716 1205 881 1282 pastorem
914 1219 973 1280 per
999 1197 1248 1262 mercenarium.
1300 1196 1422 1261 Audite
1474 1198 1532 1262 nia
1564 1203 1597 1261 88
1629 1217 1694 1279 888
1724 1196 1879 1260 convenit
1904 1195 2076 1278 dignitate3
2108 1203 2146 1260 88
2175 1198 2248 1281 1888
2279 1198 2457 1263 hominum

445 1285 665 1352 mercenarios
687 1285 728 1350 ab
750 1287 820 1368 ipso
842 1282 985 1349 Domino
1007 1283 1259 1347 demonstratos:
1288 1281 1422 1360 scribae,
1477 1283 1693 1348 communitas
1715 1281 1807 1347 velut
1828 1281 2023 1363 quibusdam
2046 1282 2260 1348 humanitatis
2284 1291 2318 1348 88
2337 1283 2458 1348 mode-

446 1373 563 1454 inquit‚
582 1376 617 1435 et
633 1370 806 1436 Pharisaei
824 1369 1015 1435 cathedram
1032 1368 1136 1434 Mosis
1157 1367 1317 1447 insideut;
1340 1389 1424 1449 quae
1476 1370 1613 1433 rationis
1641 1366 1782 1432 vinculis
1814 1368 1850 1432 in
1876 1365 1989 1431 ordine
2021 1368 2211 1434 retineatur.
2264 1369 2329 1435 Ubi
2360 1371 2457 1433 enim

447 1457 577 1537 (118888,
611 1457 724 1536 188188;
755 1476 837 1539 quae
865 1463 976 1519 autem
1003 1455 1143 1533 faciunt,
1177 1455 1284 1518 facere
1311 1454 1423 1518 nolite.
1477 1454 1577 1519 semel
1604 1453 1753 1537 publicae
1783 1453 1963 1517 honestatis
1990 1474 2089 1518 causa
2115 1456 2222 1536 posita
2246 1455 2301 1519 lex
2328 1455 2457 1520 iutelli-

448 1541 538 1624 Quid
565 1541 654 1606 aliud
683 1541 782 1619 dixit,
810 1541 876 1605 nisi
902 1562 962 1623 per
990 1541 1207 1605 mercenarios
1229 1559 1345 1604 vocem
1365 1560 1425 1622 pa-
1476 1542 1575 1624 gitur,
1598 1541 1665 1604 1881
1686 1538 1816 1604 sublata
1836 1550 1887 1604 est
1908 1538 2105 1621 superstitio,
2125 1540 2162 1604 in
2182 1561 2281 1623 quam
2301 1539 2458 1606 incidunt

448 1629 547 1694 storis
565 1625 695 1691 audite?
722 1625 862 1691 sedendo
880 1627 968 1691 enim
990 1627 1026 1690 in
1047 1625 1204 1690 8881188188
1230 1626 1338 1709 legem
1359 1624 1425 1689 Dei
1476 1627 1532 1708 qui
1553 1625 1708 1690 humanis
1729 1624 1874 1689 inventis
1894 1625 1959 1689 Dei
1981 1624 2105 1689 cultum
2126 1626 2316 1691 metiuntur.
2360 1627 2455 1690 Rur-

448 1714 578 1779 doeent:
608 1732 685 1795 ergo
712 1733 772 1795 888
793 1712 866 1778 11188
888 1712 980 1777 Deus
1007 1711 1113 1790 docet;
1142 1732 1202 1776 888
1227 1733 1306 1777 vero
1326 1713 1354 1776 si
1375 1710 1425 1774 illi
1477 1734 1560 1790 sum,
1579 1711 1635 1776 ubi
1658 1710 1699 1775 ad
1721 1730 1928 1775 communem
1947 1731 2047 1775 usum
2068 1719 2216 1793 spectare
2234 1711 2454 1795 cognoscitur,

449 1799 563 1865 dooere
597 1798 708 1876 velint,
741 1798 841 1862 nolite
875 1797 996 1876 audire,
1030 1797 1133 1861 nolite
1164 1799 1280 1884 facere.
1331 1797 1425 1860 Haec
1477 1818 1592 1863 888888
1613 1804 1664 1862 est
1683 1797 1767 1861 falsa
1787 1795 1845 1859 1118
1867 1795 2073 1879 obligationis
2102 1804 2136 1861 et
2156 1798 2359 1863 necessitatis
2380 1799 2456 1881 opi·

447 1883 664 1968 Augustinus.
1476 1884 1541 1961 nio,
1564 1903 1646 1964 quae
1672 1882 1841 1965 ingentem
1869 1888 2027 1945 terrorem
2049 1883 2254 1947 conscientiis
2274 1882 2454 1962 1811818888,

535 1973 598 2034 27„
631 1967 772 2048 Quando
799 1990 877 2033 8888
905 1969 1052 2052 imperiti
1079 1968 1236 2052 plerique,
1260 1967 1340 2031 dum
1362 1967 1425 2031 hu·
1476 1991 1577 2119 quum
1599 1974 1793 2051 putarentur
1811 1966 2002 2032 traditiones
2022 1966 2065 2031 ad
2082 1968 2221 2032 salutem
2238 1970 2453 2034 necessariae.

447 2056 555 2119 manis
602 2053 834 2119 traditionibus
867 2054 967 2137 impie
1008 2054 1107 2137 ligari
1139 2054 1312 2118 hominum
1347 2073 1426 2118 con·
1503 2054 1649 2138 iquidem
1670 2053 1725 2118 hic
1745 2052 1830 2116 nihil
1852 2054 2030 2134 quaeritur,
2052 2054 2117 2117 nisi
2138 2064 2176 2117 ut
2197 2055 2362 2119 communi
2378 2055 2455 2120 offi-

448 2139 601 2207 scientias
619 2147 653 2204 et
670 2141 793 2204 frustra
814 2141 924 2204 Deum
946 2139 1009 2204 8811
1026 2139 1172 2218 audiunt,
1192 2139 1307 2204 eudem
1323 2139 1425 2203 litura
1477 2142 1526 2205 cio
1559 2140 1666 2205 818888
1691 2141 1779 2203 inter
1810 2159 1870 2203 nos
1902 2140 2029 2203 8881888.
2075 2136 2143 2203 Sed
2164 2160 2281 2222 operae
2307 2141 2454 2222 pretium

447 2226 536 2310 leges
558 2245 671 2290 omnes
697 2223 858 2290 inducunt
887 2225 1005 2308 quibus
1027 2225 1181 2291 ecelesiae
1203 2225 1280 2290 ordo
1303 2225 1424 2289 consti-
1478 2232 1528 2291 est
1545 2226 1665 2291 clarius
1683 2225 1790 2289 adhuc
1812 2222 1947 2288 definire
1969 2223 2047 2306 quid
2070 2226 2130 2290 sub
2151 2225 2207 2289 1118
2225 2224 2342 2291 decoro
2364 2226 2452 2308 quod

447 2313 567 2390 tuitur,
600 2311 732 2375 illorum
759 2331 886 2392 quoque
920 2312 1023 2375 errori
1052 2310 1257 2376 commodum
1284 2310 1339 2376 hic
1371 2330 1424 2374 oe·
1477 2312 1603 2376 Paulus
1631 2307 1851 2388 commendat,
1879 2309 1957 2392 quid
1985 2311 2064 2373 item
2086 2311 2146 2375 sub
2168 2311 2281 2375 ordine
2303 2331 2453 2394 compre-

448 2396 648 2462 ourrendum
677 2404 735 2460 est.
780 2396 869 2460 Falli
896 2395 951 2459 hic
963 2396 987 2480 ¹)
1015 2417 1093 2462 8888
1122 2417 1280 2479 88888881
1302 2396 1424 2461 estlu-
1477 2395 1649 2462 hendatur.
1699 2397 1749 2461 Ao
1778 2393 1886 2460 decori
1916 2394 2048 2478 quidem
2076 2397 2152 2460 finis
2174 2404 2238 2475 est,
2261 2398 2383 2480 partim
2405 2406 2453 2477 ut,

446 2484 584 2561 brieum,
605 2483 682 2564 quia
703 2502 770 2545 non
791 2482 899 2564 prima
921 2484 1032 2546 statim
1052 2483 1135 2548 facie
1162 2489 1298 2565 apparet
1318 2503 1424 2564 quan·
1477 2481 1556 2548 dum
1579 2482 1777 2547 adhibentur
1797 2482 1881 2546 ritus
1898 2484 1954 2564 qui
1971 2482 2215 2547 venerationem
2232 2482 2330 2548 rcbus
2350 2484 2455 2549 sacris

448 2576 521 2633 tum
541 2567 719 2632 1888811188
737 2567 849 2631 ethes
871 2568 1008 2632 intersit.
1046 2565 1115 2633 Sed
1132 2588 1192 2651 ego
1214 2568 1261 2630 ita
1282 2566 1423 2633 dilucide
1476 2569 1663 2645 concilient,
1697 2567 1818 2633 talibus
1845 2566 2051 2640 adminiculis
2079 2567 2120 2639 ad
2147 2569 2304 2652 pietatem
2330 2570 2453 2634 excite-

446 2675 518 2718 rcm
536 2660 640 2718 totam
662 2654 772 2735 paucis
790 2653 971 2735 expediam,
993 2674 1036 2717 ne
1065 2654 1117 2718 oui
1139 2654 1286 2735 imponat
1308 2653 1424 2716 simili·
1475 2677 1565 2735 mur;
1587 2645 1709 2736 partim
1730 2653 1829 2717 etiam
1849 2665 1888 2717 ut
1904 2653 2065 2719 modestia
2085 2660 2119 2718 et
2136 2654 2291 2737 gravitas,
2311 2676 2394 2737 quae
2417 2657 2454 2719 in
2480 2704 2497 2735 ,

446 2737 535 2803 88818.
572 2738 645 2803 Hoc
662 2738 805 2820 primum
823 2738 1015 2806 habeamus:
1040 2739 1068 2802 si
1086 2739 1121 2801 in
1140 2739 1229 2803 omni
1251 2738 1424 2802 hominum
1476 2741 1625 2805 omnibus
1663 2739 1810 2804 honestis
1849 2739 2030 2804 actionibus
2067 2741 2207 2822 spectari
2240 2739 2350 2819 debet,
2384 2741 2453 2807 11118

446 2825 600 2890 societate
617 2824 834 2888 necessariam
852 2845 922 2889 esse
939 2824 1086 2906 politiam
1103 2824 1245 2907 aliquam
1263 2817 1423 2902 videmus,
1475 2826 1618 2890 maxime
1651 2824 1784 2890 eluceat
1840 2824 1882 2888 ln
1914 2824 2029 2889 ordine
2061 2824 2122 2891 hoc
2150 2827 2291 2908 primum
2321 2833 2384 2904 est,
2414 2835 2455 2891 88

447 2931 531 2994 quae
553 2906 593 2972 ad
615 2907 766 2973 alendam
785 2929 993 2974 communem
1014 2930 1136 2992 pacem,
1160 2917 1194 2975 et
1216 2909 1425 2974 retinendam
1476 2912 1534 2993 qui
1555 2917 1726 2993 praesunt,
1756 2910 1906 2993 regulam
1927 2930 1965 2975 ac
1993 2911 2100 2993 legem
2127 2910 2209 2975 bene
2236 2911 2368 2993 regendi
2391 2934 2454 2976 no·

446 2994 653 3060 concordiam
679 2995 802 3074 valeat;
830 2995 859 3059 81
880 2995 915 3058 18
936 2994 1035 3061 88888
1057 2995 1193 3079 agendis
1220 2997 1425 3079 8188888888·
1475 2997 1599 3077 verint3
1620 2997 1712 3079 plebs
1733 3010 1811 3061 8888
1834 3017 1917 3078 quae
1934 2996 2069 3079 regitur,
2090 2995 2133 3060 ad
2151 2996 2364 3061 obedientiam
2384 2998 2454 3062 Dei

438 3101 502 3161 per
518 3079 661 3162 aliquem
677 3080 787 3158 ritum,
809 3100 899 3161 quem
915 3101 977 3144 aon
997 3082 1105 3162 respui
1121 3081 1269 3164 publicae
1285 3081 1425 3146 8888888-
1476 3090 1662 3164 rectamque
1695 3081 1900 3164 disciplinam
1928 3082 2089 3146 assuefiat.
2140 3081 2267 3146 Deinde
2297 3089 2334 3147 ut
2365 3082 2454 3146 bene

444 3165 488 3231 818
508 3167 640 3244 interd,
663 3171 755 3246 atque
775 3167 851 3231 odeo
880 3165 1090 3232 humanitatis
1116 3168 1235 3249 188188
1258 3166 1292 3230 181
1313 3168 1349 3232 18
1371 3188 1423 3232 ee·
1476 3171 1652 3250 composito
1674 3168 1828 3234 ecclesiae
1853 3175 1941 3232 statu
1967 3168 2040 3250 8881
2062 3173 2097 3231 88
2123 3167 2349 3250 tranquillitati
2372 3188 2454 3233 con·

444 3250 553 3316 elesiis
570 3251 765 3334 praesertim
783 3251 1026 3317 observandum
1044 3273 1123 3331 esse,
1142 3273 1225 3337 quae
1243 3273 1320 3317 cum
1339 3253 1424 3317 bene
1476 3254 1613 3320 sulatur.
1894 3314 1897 3323 ,

444 3337 624 3419 composita
645 3358 758 3401 rerum
780 3338 929 3402 omnium
951 3339 1186 3403 constitutione
1208 3340 1329 3422 optime
1352 3361 1424 3404 sus-
1563 3344 1613 3404 29.
1657 3340 1824 3405 Decorum
1843 3359 1921 3422 ergo
1943 3359 2009 3402 non
2027 3338 2217 3404 vocabimus
2234 3338 2269 3402 in
2287 3359 2350 3420 quo
2368 3338 2454 3402 nihil

444 3423 607 3501 tinentur,
626 3431 698 3488 tum
721 3444 800 3488 8888
823 3424 895 3488 8188
917 3423 1089 3489 8888888118
1106 3425 1216 3489 881188
1234 3432 1313 3490 sunt
1329 3446 1423 3508 pror·
1475 3433 1606 3509 praeter
1638 3426 1736 3490 inane
1767 3424 2042 3489 oblectamentum
2068 3425 2182 3502 inerit,
2216 3424 2311 3508 quale
2339 3445 2453 3488 exem-

444 3529 510 3574 sus.
548 3508 771 3589 Quamobrem
787 3509 815 3574 si
837 3509 991 3575 ecelesiae
1009 3510 1224 3575 incolumitati
1241 3511 1325 3576 bene
1347 3531 1423 3594 pro-
1475 3512 1569 3595 plum
1589 3510 1740 3578 videmus
1760 3511 1795 3574 in
1817 3510 1873 3574 illo
1895 3510 2056 3576 theatrico
2084 3519 2328 3594 apparatuque
2351 3517 2453 3573 utun-

444 3599 594 3677 spectum
614 3594 775 3675 volumus,
804 3594 979 3679 diligenter
1006 3597 1139 3661 omnino
1167 3594 1350 3662 curandum
1372 3603 1424 3660 est
1475 3606 1531 3662 tur
1551 3598 1698 3681 88818888
1719 3597 1756 3660 18
1784 3597 1852 3660 8818
1874 3596 1990 3673 888818,
2019 3595 2075 3679 881
2097 3595 2183 3659 nihil
2203 3615 2303 3678 quam
2323 3595 2454 3660 inutilis

446 3680 533 3762 quod
550 3680 676 3746 Paulus
698 3680 798 3760 iubet,
821 3687 860 3744 ut
881 3680 1034 3746 decenter
1054 3683 1166 3747 omnia
1188 3689 1222 3745 88
1243 3681 1424 3747 secuudum
1476 3683 1657 3767 elegantiae
1679 3682 1772 3747 larva
1793 3688 1827 3747 et
1848 3681 1947 3746 luxus
1969 3683 2039 3747 sine
2061 3682 2170 3746 fructu
2193 3690 2336 3763 apparet
2383 3679 2453 3746 Sed

446 3765 596 3830 ordinem
617 3767 699 3830 fiant
721 3766 753 3851 (l
779 3765 853 3832 Cor.
880 3772 928 3847 14,
951 3769 1018 3853 40).
1063 3769 1109 3833 At
1131 3789 1232 3850 quum
1258 3769 1294 3831 in
1316 3767 1423 3832 homi·
1475 3768 1556 3834 illud
1577 3769 1671 3833 nobis
1690 3767 1844 3833 decorum
1865 3768 1937 3845 erit,
1958 3765 2047 3849 quod
2066 3768 2113 3831 ita
2135 3766 2199 3830 erit
2219 3765 2262 3830 ad
2283 3786 2454 3831 sacrorum

448 3871 531 3914 num
551 3851 695 3916 moribus
715 3858 809 3916 tanta
825 3853 906 3917 insit
925 3853 1107 3928 diversitas,
1130 3860 1225 3918 tanta
1245 3854 1282 3918 in
1304 3853 1423 3919 animis
1476 3856 1709 3938 mysteriorum
1727 3853 1944 3918 reverentiam
1967 3860 2089 3935 aptum,
2111 3859 2151 3916 88
2169 3854 2212 3917 sit
2231 3851 2388 3917 idoneum
2410 3852 2454 3917 ad

447 3935 599 4015 varietas,
623 3943 716 4000 tanta
736 3937 772 4002 in
793 3938 921 4004 iudiciis
942 3939 1149 4023 ingeniisque
1169 3960 1292 4023 pugna:
1318 3960 1423 4022 neque
1475 3941 1632 4024 pietatem
1658 3940 1866 4017 exercitium,
1894 3938 1947 4003 vel
1975 3938 2091 4002 saltem
2118 3937 2203 4021 quod
2231 3937 2272 4002 ad
2299 3944 2454 4002 ornatum

447 4020 562 4103 politia
583 4021 653 4086 ulla
674 4023 754 4088 satis
775 4025 872 4088 firma
901 4033 960 4103 est,
990 4026 1054 4090 nisi
1075 4026 1174 4091 certis
1195 4025 1324 4110 legibus
1346 4045 1424 4091 eon·
1476 4027 1574 4091 faciet
1607 4025 1727 4091 8881881
1761 4031 2009 4108 congruentem3
2042 4044 2149 4107 neque
2179 4025 2190 4088 i
2242 4024 2354 4106 ipsum
2381 4025 2454 4089 sine

448 4107 581 4185 stituta3
603 4129 664 4173 neo
693 4110 762 4173 sine
785 4116 871 4174 88888
899 4109 1040 4193 88881881
1066 4111 1172 4176 forma
1194 4113 1318 4177 servari
1340 4112 1424 4176 ritus
1476 4112 1600 4177 fructu:
1631 4110 1688 4177 sed
1715 4119 1755 4174 88
1782 4110 1894 4175 11818188
1924 4110 2097 4174 8818188888
2128 4117 2251 4193 quauta
2281 4108 2453 4188 modestia,

446 4193 606 4275 quispiam
634 4201 748 4275 potest
794 4195 870 4260 Huc
899 4217 976 4279 ergo
1003 4217 1087 4278 quae
1116 4195 1303 4262 conducunt
1324 4196 1422 4280 leges,
1476 4198 1642 4282 religione,
1661 4197 1877 4274 observantia,
1897 4216 1989 4261 sacra
2006 4203 2148 4261 tractare
2165 4194 2312 4260 debeant
2346 4195 2455 4260 Porro

446 4286 577 4343 tantum
599 4279 691 4344 abest
716 4289 755 4343 88
781 4278 983 4359 (1818888888,
1011 4289 1049 4345 88
1076 4283 1129 4348 818
1151 4283 1267 4348 8818818
1290 4282 1425 4348 (11888181
1476 4291 1515 4347 88
1533 4284 1662 4367 81888818
1690 4284 1846 4348 exercitia
1864 4282 1931 4346 sint
1952 4282 2190 4360 caeremoniae,
2213 4278 2255 4344 ad
2277 4279 2455 4346 Christum

447 4363 515 4429 suis
541 4364 653 4431 nervis
687 4365 838 4430 ecclesias
874 4375 1022 4448 totasque
1054 4366 1230 4433 deformari
1264 4390 1301 4434 88
1328 4367 1424 4433 (11881-
1476 4379 1566 4434 recta
1593 4392 1653 4435 nos
1674 4368 1838 4434 deducant
1864 4388 1996 4432 necesse
2019 4373 2076 4431 est.
2122 4365 2281 4431 Similiter
2302 4364 2454 4431 ordinem

446 4450 519 4532 pari
540 4450 783 4516 contendamus.
828 4451 941 4534 Neque
964 4454 1052 4517 enim
1075 4454 1189 4519 haberi
1211 4462 1318 4537 potest
1338 4451 1424 4536 quod
1475 4476 1542 4520 non
1574 4457 1808 4521 constituemus
1841 4454 1878 4516 in
1910 4452 1976 4516 illis
1998 4453 2179 4535 nugatoriis
2201 4453 2343 4534 pompis,
2366 4473 2453 4534 quae

445 4534 570 4600 Paulus
598 4537 714 4619 exigit,
748 4542 786 4599 88
813 4536 966 4602 (18888888
993 4539 1104 4604 881818
1131 4547 1164 4604 88
1191 4539 1304 4605 ordine
1330 4541 1422 4619 fiant,
1475 4541 1561 4605 nihil
1586 4541 1709 4606 habent
1736 4547 1867 4623 8888888
1888 4537 2066 4604 8888181881
2087 4537 2293 4619 splendorem
2300 4561 2308 4616 ;
2336 4537 2453 4602 sedin

445 4621 509 4685 nisi
540 4620 660 4685 additis
687 4622 975 4703 observationibus,
1007 4632 1167 4707 tanquam
1189 4625 1329 4692 vinculis
1351 4625 1423 4707 qui-
1475 4627 1510 4690 in
1538 4648 1577 4691 ea
1598 4627 1830 4709 compositione
1852 4646 1935 4706 quae
1957 4643 2088 4688 omnem
2109 4622 2346 4701 confusionem,
2374 4624 2453 4688 bar-

445 4704 592 4786 busdam,
611 4705 691 4771 ordo
709 4709 779 4790 ipse
801 4716 834 4772 88
854 4707 1007 4773 (18888881
1029 4712 1193 4777 consistat.
1228 4711 1269 4775 Id
1290 4718 1423 4775 tantum
1474 4712 1615 4791 8811818,
1637 4711 1888 4787 8888818881818,
1908 4710 2023 4774 turbas
2044 4729 2156 4772 omnes
2178 4715 2211 4772 88
2232 4707 2366 4774 dissidia
2386 4709 2452 4773 tol-

445 4812 574 4874 semper
595 4794 630 4856 in
652 4794 724 4857 istis
745 4793 1026 4860 observationibus
1048 4797 1276 4880 excipiendum
1298 4805 1356 4876 est,
1379 4818 1422 4861 ne
1474 4797 1531 4862 188.
1580 4799 1705 4863 Ρ818818
1738 4796 1867 4880 generis
1900 4794 2050 4878 exempla
2077 4801 2155 4859 sunt
2188 4794 2275 4877 apud
2306 4794 2452 4859 Paulum

447 4883 504 4939 aut
525 4877 567 4940 ad
585 4877 726 4942 salutem
744 4878 921 4944 credantur
939 4883 1151 4960 necessariae,
1171 4889 1269 4964 atque
1286 4883 1333 4947 188
1344 4903 1421 4948 oon·
1475 4883 1507 4966 (l
1528 4882 1603 4948 Cor.
1634 4886 1704 4966 11),
1736 4896 1774 4947 ut
1805 4902 1846 4945 ne
1885 4881 2021 4962 profana
2052 4880 2217 4965 symposia
2249 4900 2323 4944 cum
2357 4901 2453 4945 saera

447 4961 598 5026 scientias
626 4962 782 5046 religione
804 4966 1028 5050 obstringant;
1057 4974 1114 5031 aut
1142 4968 1183 5032 ad
1212 4968 1277 5032 Dei
1297 4968 1421 5033 cultum
1473 4969 1609 5034 Domini
1631 4988 1731 5033 coena
1749 4966 2036 5046 commisceantur;
2058 4988 2101 5031 ne
2118 4966 2271 5031 mulieres
2288 4966 2325 5029 in
2341 4966 2451 5048 publi·
2541 5041 2544 5046 ,

446 5046 667 5126 conferantur,
691 5056 787 5132 atque
809 5052 856 5114 188
877 5052 912 5115 18
933 5052 1000 5117 11118
1022 5048 1334 5142 8888118888818888.
1473 5075 1549 5119 cum
1581 5053 1645 5118 8181
1679 5052 1805 5119 velatae
1833 5051 2019 5135 procedant.
2069 5053 2116 5118 Et
2144 5052 2207 5116 alia
2238 5051 2381 5134 plurima
2413 5053 2450 5115 in

534 5135 583 5196 28.
627 5134 798 5201 Habemus
831 5157 908 5220 ergo
942 5138 1099 5220 optimam
1132 5147 1166 5204 88
1198 5138 1422 5204 fidelissimam
1473 5137 1661 5221 quotidiano
1683 5161 1747 5204 usu
1768 5139 1942 5204 habemus:
1964 5137 2060 5222 quale
2081 5146 2144 5217 est,
2167 5135 2254 5219 quod
2275 5138 2370 5202 flexis
2391 5158 2451 5219 ge-

445 5222 566 5297 notam,
589 5239 671 5301 quae
693 5220 780 5285 inter
801 5223 918 5303 impias
935 5222 1011 5287 illas
1033 5225 1282 5290 constitutiones
1305 5223 1421 5289 distin·
1473 5225 1570 5289 nibus
1590 5224 1742 5308 nudoque
1765 5225 1871 5308 capite
1900 5245 2046 5304 oramus;
2074 5221 2161 5306 quod
2181 5223 2319 5287 Domini
2339 5243 2449 5287 sacra-

446 5312 525 5386 guat
556 5303 690 5387 (quibus
717 5327 831 5371 veram
860 5306 1026 5372 obscurari
1054 5310 1247 5395 religionem
1278 5318 1312 5375 et
1344 5330 1422 5375 eon·
1472 5318 1585 5376 menta
1606 5332 1675 5376 non
1697 5310 1834 5389 sordide,
1859 5308 1917 5374 sed
1938 5331 2013 5375 oum
2034 5309 2144 5392 aliqua
2164 5308 2325 5392 dignitate
2342 5306 2450 5371 admi-

445 5389 598 5455 soientias
620 5392 766 5458 subverti
787 5391 912 5457 dictum
931 5393 996 5478 est)
1026 5401 1060 5459 et
1080 5395 1245 5481 legitimas
1266 5395 1421 5463 ecelesiae
1473 5397 1667 5479 nistramus;
1696 5396 1782 5482 quod
1816 5396 1852 5460 in
1886 5394 2080 5479 sepeliendis
2113 5394 2250 5459 mortuis
2283 5391 2449 5478 quandam

1473 5483 1677 5549 honestatem
1705 5482 1912 5560 adhibemus,
1947 5488 1981 5546 et
2006 5499 2090 5564 quae
2116 5479 2181 5545 alia
2206 5479 2321 5546 eodem
2346 5479 2450 5562 perti·

1473 5578 1562 5634 nent.
1606 5569 1648 5633 In
1676 5569 1779 5633 altero
1844 5587 1923 5631 nere
1949 5574 2028 5632 sunt
2048 5565 2147 5631 horae
2174 5564 2312 5649 publicis
2333 5585 2449 5648 preca·

514 5659 793 5728 1)hicomitt.1592
819 5662 903 5717 -1637,
1474 5654 1632 5735 tionibus,
1660 5654 1808 5722 concioni
1830 5672 1870 5717 us
1902 5658 1936 5717 et
1960 5651 2109 5738 mysticis
2135 5651 2318 5717 actionibus
2346 5650 2449 5716 desti-
