5600 6809
449 767 511 827 595
861 766 869 775 ’
1095 759 1361 827 fllS'PITUTIO
1383 761 1489 826 ΗΕΒ.
1513 758 1693 825 ΟΗΒΙΒΤ.
1720 762 1811 824 1559.
2050 854 2053 860 Ι
2233 771 2235 775 ’
2390 765 2452 825 596

448 959 543 1032 patcr
553 949 739 1027 introducit,
764 956 797 1014 et
813 950 847 1014 in
863 951 935 1033 ipso
948 957 1060 1015 tuetur
1077 957 1110 1014 et
1126 951 1305 1014 confirmat.
1339 946 1428 1028 Quia
1480 949 1580 1012 refert
1612 947 1795 1012 ambulasse
1828 946 1864 1010 in
1895 946 2029 1011 iustitiis
2061 945 2197 1010 Domini
2224 948 2320 1031 (Luc.
2350 954 2381 1026 1,
2408 951 2452 1034 6).

448 1036 538 1100 enim
560 1041 730 1117 peceatum
753 1035 941 1114 detestatur,
963 1036 1122 1100 iustitiam
1140 1043 1242 1114 amat;
1263 1055 1343 1118 quos
1365 1033 1428 1098 sibi
1480 1033 1569 1098 Sane
1591 1033 1669 1097 dum
1690 1033 1737 1096 ita
1758 1033 1909 1115 loquitur,
1932 1053 2030 1114 opera
2051 1032 2157 1115 magis
2179 1052 2221 1095 ex
2238 1032 2319 1116 legis
2335 1045 2455 1100 nature

448 1119 627 1203 coniungit,
651 1141 705 1185 eos
728 1121 845 1203 spiritu
864 1143 923 1186 suo
941 1122 1101 1203 purificat,
1125 1128 1162 1185 ut
1183 1122 1245 1186 sibi
1262 1140 1428 1202 regnoque
1480 1120 1632 1183 aestimat
1663 1138 1762 1201 quam
1795 1119 1926 1201 propria
1958 1119 2105 1200 ipsorum
2137 1117 2329 1184 conditione.
2379 1120 2454 1186 Etsi

448 1226 509 1270 suo
536 1205 653 1270 reddat
678 1208 868 1271 conformes.
912 1208 1002 1289 Ergo
1030 1207 1059 1270 si
1079 1209 1188 1289 prime
1209 1226 1307 1272 causa
1329 1225 1427 1288 quee—
1480 1204 1666 1269 rorastis
1687 1205 1909 1268 observoedam
1929 1203 2011 1283 qaod
2031 1223 2133 1282 caper
2154 1205 2239 1281 diei,
2267 1225 2306 1268 cc
2326 1207 2454 1271 maria

448 1298 552 1369 retur,
576 1290 664 1356 unde
682 1294 817 1373 patefiat
838 1294 959 1357 sanctis
977 1312 1125 1358 accessus
1146 1293 1258 1357 inDei
1278 1313 1426 1374 regnum,
1477 1292 1583 1375 praeci
1615 1291 1791 1372 interpretis
1821 1309 1882 1352 noa
1915 1309 1979 1353 esse
2010 1289 2207 1353 stotwtdam
2238 1290 2339 1372 lepore
2391 1292 2455 1356 Sed

449 1376 539 1442 unde
568 1377 711 1441 habeant
742 1388 780 1442 ut
806 1379 984 1443 consistant
1009 1378 1046 1441 in
1074 1400 1110 1442 eo
1139 1400 1177 1443 ec
1203 1385 1427 1460 permaneant,
1479 1376 1555 1458 qaia
1579 1376 1686 1441 Lucos
1716 1377 1751 1438 in
1777 1380 1900 1455 recepto
1927 1375 2064 1438 versione
2090 1374 2173 1439 nihil
2198 1381 2320 1440 matme
2345 1378 2452 1457 eaeo,

449 1471 602 1546 prompta
629 1469 679 1528 est
707 1465 886 1546 responsio:
917 1464 994 1546 quia
1013 1464 1178 1528 Dominus
1206 1485 1261 1529 eos
1283 1482 1343 1528 sua
1365 1463 1427 1527 mi·
1478 1482 1576 1542 aeque
1597 1482 1650 1544 epo
1670 1461 1857 1525 contendam.
1895 1460 1987 1524 Deus
2009 1461 2098 1523 enim
2119 1481 2158 1524 ea
2178 1481 2261 1542 quae
2281 1462 2354 1546 lege
2375 1485 2452 1528 con-

450 1549 626 1614 sericordia
652 1555 685 1613 et
711 1549 879 1631 adoptavit
906 1548 1022 1626 semel,
1055 1555 1089 1613 et
1115 1558 1274 1632 perpetuo
1307 1556 1425 1614 tuetur.
1478 1549 1628 1613 tinentur
1649 1546 1818 1611 mandavit
1839 1545 2026 1610 bominibus
2048 1546 2082 1609 in
2104 1546 2279 1626 iustitiam;
2300 1549 2358 1612 sed
2379 1570 2453 1612 eam

451 1631 490 1700 Si
511 1642 620 1700 autem
642 1633 681 1698 de
703 1631 799 1697 modo
821 1635 970 1717 quaestio
993 1643 1056 1709 est,
1085 1646 1156 1699 tum
1183 1635 1225 1700 ed
1253 1656 1426 1719 regenera-
1477 1635 1638 1698 iustitiam
1658 1654 1724 1697 non
1746 1631 1969 1714 exsequimur,
1997 1632 2061 1694 nisi
2090 1639 2192 1695 totam
2214 1631 2322 1715 legem
2343 1634 2452 1700 obser·

451 1718 575 1784 tionem
587 1728 636 1784 est
656 1718 918 1784 descendendum
940 1720 1075 1801 eiusque
1089 1721 1214 1785 fructus
1234 1722 1289 1803 qui
1301 1720 1427 1803 psalmo
1478 1720 1594 1786 vando.
1639 1717 1796 1799 Qualibet
1821 1719 1909 1781 enim
1935 1717 2194 1800 transgressione
2222 1721 2451 1802 corrumpitur.

448 1804 506 1869 illo
528 1814 747 1871 recensentur.
1480 1805 1591 1887 Quum
1620 1825 1697 1887 ergo
1725 1803 1779 1867 lex
1806 1802 1890 1867 nihil
1916 1804 1979 1867 nisi
2003 1803 2164 1866 iustitiam
2184 1805 2398 1886 praescribat,
2425 1807 2454 1871 si

539 1895 565 1954 7.
611 1892 658 1954 At
684 1912 763 1955 vero
792 1891 867 1973 plus
895 1892 993 1974 longe
1019 1890 1221 1956 difficultatis
1244 1912 1314 1956 esse
1335 1891 1426 1957 vide·
1479 1895 1515 1956 in
1546 1893 1652 1974 ipsam
1685 1889 1889 1972 respicimus,
1928 1888 2072 1953 iustitiae
2110 1896 2189 1953 sunt
2221 1890 2353 1973 singula
2384 1892 2454 1956 eius

449 1982 506 2041 tur
531 1976 566 2039 in
595 1976 647 2040 bis
673 1977 768 2054 loeis,
798 1978 852 2058 qui
881 1984 914 2039 et
940 1977 1025 2040 bona
1047 1997 1146 2058 opere
1166 1977 1309 2041 iustitiae
1331 1977 1427 2040 titulo
1478 1978 1650 2055 mandata3
1673 1977 1702 2040 61
1723 1975 1871 2039 homines
1894 1982 2079 2055 spectamus
2101 1996 2121 2037 a
2141 1975 2259 2056 quibus
2280 1977 2380 2055 fiunt,
2403 1977 2455 2041 iu·

448 2062 647 2146 insigniunt,
685 2072 718 2126 et
757 2062 922 2126 hominem
962 2062 1029 2125 illis
1067 2071 1218 2127 esserunt
1248 2064 1425 2128 iustificari.
1453 2131 1455 2138 ,
1480 2063 1588 2128 stitiae
1608 2061 1739 2151 laudem
1761 2060 1896 2124 minime
1923 2068 2166 2142 consequuntur
2192 2082 2234 2125 ex
2261 2082 2327 2125 uno
2350 2082 2456 2143 opere,

449 2147 591 2213 Plurimi
620 2155 698 2212 sunt
724 2149 841 2230 prioris
869 2148 1012 2231 generis,
1043 2148 1098 2212 ubi
1120 2147 1349 2213 mandatorum
1372 2149 1428 2213 ob·
1453 2160 1455 2209 3
1480 2152 1514 2213 in
1537 2149 1649 2212 multis
1672 2154 1945 2229 transgressores,
1974 2152 2008 2209 et
2036 2167 2077 2209 ex
2105 2167 2143 2210 eo
2170 2167 2266 2228 opere
2287 2147 2375 2229 quod
2397 2148 2457 2212 ali-

451 2235 667 2311 servationes,
707 2234 952 2298 iustificationes
986 2240 1149 2298 vocantur
1181 2257 1239 2299 seu
1272 2236 1427 2299 iustitiae.
1480 2256 1545 2317 qua
1567 2254 1696 2316 semper
1723 2253 1764 2296 ex
1791 2239 1885 2315 perte
1907 2239 2040 2314 propter
2060 2231 2339 2314 imperfectionem
2360 2234 2457 2297 vitio-

448 2319 596 2383 Alterius
624 2320 753 2400 generis
783 2319 968 2400 exemplum
999 2326 1062 2395 est,
1091 2318 1176 2400 quod
1204 2321 1290 2402 apud
1312 2322 1429 2385 Mosen
1481 2343 1555 2386 sum
1578 2327 1635 2383 est.

450 2402 565 2488 (Deut.
588 2408 622 2481 6,
642 2405 699 2486 25)
722 2404 875 2468 hebetur:
905 2406 968 2468 erit
995 2404 1076 2468 haec
1098 2404 1223 2471 iustitia
1245 2415 1371 2483 nostre,
1401 2407 1429 2469 si
1568 2411 1596 2470 8.
1631 2403 1698 2470 Sed
1720 2404 1818 2470 venio
1836 2403 1878 2467 ed
1895 2402 2076 2468 secundum
2094 2423 2206 2485 genus,
2229 2404 2346 2490 inquo
2363 2425 2458 2487 prae-

450 2489 701 2554 custodierimus
725 2498 899 2572 praecepta
925 2490 990 2554 iste
1015 2491 1132 2555 omnia
1177 2492 1227 2556 Ao
1257 2493 1283 2555 si
1296 2492 1321 2575 ¹)
1353 2513 1429 2574 pro-
1482 2493 1578 2574 cipua
1611 2500 1661 2555 est
1692 2489 1875 2555 difficultas.
1930 2487 2024 2552 Nihil
2055 2489 2160 2570 magis
2192 2489 2326 2553 firmum
2359 2490 2459 2555 habet

449 2575 639 2639 missionem
662 2596 732 2640 esse
754 2575 893 2658 legalem
914 2575 1072 2657 excipias,
1097 2597 1179 2659 quae
1202 2576 1329 2641 adnexa
1351 2598 1429 2642 con·
1481 2578 1607 2642 Paulus
1636 2575 1677 2640 ad
1704 2573 1905 2658 probandam
1932 2573 2009 2638 fidei
2036 2573 2209 2652 iustitiam,
2244 2595 2344 2656 quam
2371 2575 2457 2657 quod

451 2659 566 2724 ditioni
587 2661 780 2743 impossibili
802 2661 884 2724 nihil
906 2661 1035 2742 probet,
1065 2661 1229 2726 suntalia
1251 2662 1429 2746 dequibus
1482 2664 1521 2728 de
1541 2660 1712 2728 Abraham
1740 2659 1908 2739 scribitur,
1938 2659 2037 2724 fidem
2063 2659 2112 2722 illi
2138 2680 2232 2724 suam
2253 2681 2313 2742 pro
2334 2662 2458 2726 iustitia

450 2743 538 2809 idem
566 2746 761 2828 respondere
788 2767 854 2810 non
882 2747 1000 2828 possis,
1031 2747 1126 2828 quale
1153 2754 1204 2811 est
1232 2748 1314 2812 illud
1336 2750 1428 2831 (ibid.
1480 2751 1677 2831 imputatam
1705 2747 1813 2811 fnisse.
1864 2743 1979 2825 Quum
2011 2765 2088 2828 ergo
2120 2745 2245 2810 editum
2277 2747 2404 2812 facinus
2438 2769 2457 2811 a

454 2830 600 2915 24,13):
631 2833 755 2914 eritque
777 2831 837 2895 tibi
858 2830 892 2895 id
914 2852 973 2913 pro
995 2832 1121 2897 iustitia
1143 2853 1253 2898 coram
1275 2835 1428 2912 Domino,
1481 2835 1625 2900 Phineos
1646 2834 1845 2915 imputatum
1873 2831 1920 2895 illi
1948 2832 2048 2895 fuisse
2074 2830 2115 2895 ad
2137 2831 2296 2895 iustitiam
2318 2830 2454 2909 dicatu,

450 2915 587 2981 reddere
619 2917 754 2999 pauperi
787 2917 985 2998 depositum,
1015 2925 1074 2984 etc.
1109 2918 1206 2982 ‘Item
1240 2920 1325 3002 quod
1351 2941 1429 3004 pro·
1481 2920 1566 3004 quod
1588 2919 1628 2983 de
1649 2918 1713 2982 fide
1735 2916 1902 2983 contendit
1920 2917 2054 2995 Paulus,
2072 2916 2182 2981 licebit
2202 2916 2296 2980 nobis
2318 2915 2358 2980 de
2379 2937 2456 2998 ope-

473 3002 550 3066 heta
572 3001 650 3067 dicit
679 3003 780 3086 (Psal.
804 3002 878 3078 106,
899 3001 971 3086 30),
1005 3003 1127 3080 zelum,
1161 3005 1196 3068 in
1226 3005 1428 3071 venditando
1481 3005 1588 3071 ribus·
1603 3005 1798 3070 ratiocinari.
1842 3001 1987 3068 Proinde
2013 3002 2191 3067 adversarii
2219 3003 2335 3080 nostri,
2362 3004 2456 3083 quasi

486 3087 583 3152 raelis
604 3088 736 3170 probro,
765 3089 965 3170 imputatum
991 3087 1091 3153 fuisse
1111 3089 1256 3156 Phineas
1278 3093 1313 3156 in
1335 3093 1429 3157 iusti·
1481 3113 1516 3156 re
1539 3093 1658 3168 evicta,
1682 3088 1885 3155 constituunt
1906 3110 1966 3153 nos
1986 3086 2115 3171 quidem
2139 3088 2208 3152 sine
2229 3087 2294 3151 fide
2315 3108 2382 3151 non
2404 3088 2457 3151 iu·

449 3173 540 3237 tiam.
575 3173 692 3255 Itaque
713 3173 886 3238 Pharisaei
907 3174 1010 3238 nostri
1033 3176 1189 3257 temporis
1212 3178 1356 3259 amplam
1377 3179 1429 3243 in·
1482 3178 1631 3256 stifioari;
1654 3175 1711 3240 sed
1733 3196 1838 3258 neque
1859 3195 1918 3256 per
1940 3195 2012 3238 eam
2033 3173 2202 3239 iustificari
2222 3172 2335 3251 solam,
2358 3192 2459 3255 opera

449 3257 593 3323 saltandi
610 3259 784 3323 materiam
802 3259 858 3324 hic
876 3280 910 3323 se
928 3259 1050 3324 habere
1067 3269 1194 3342 putant.
1228 3262 1314 3326 Nam
1327 3285 1430 3345 quum
1482 3284 1552 3329 6666
1574 3284 1656 3346 quae
1678 3262 1838 3326 iustitiam
1859 3269 2007 3324 nostram
2023 3257 2190 3342 impleant
2223 3259 2295 3342 Ego
2317 3258 2371 3324 hio
2389 3261 2460 3341 pios

449 3343 610 3422 dicamus,
645 3352 752 3410 erecta
780 3344 858 3408 fidei
884 3345 1009 3409 iustitia
1036 3346 1150 3411 cedere
1177 3368 1312 3429 operum
1335 3350 1429 3413 iusti·
1482 3350 1633 3426 obtestor,
1655 3356 1695 3412 ut
1712 3349 1741 3412 si
1757 3366 1871 3412 veram
1889 3345 2031 3410 iustitiae
2048 3344 2198 3429 regulam
2214 3366 2256 3409 ex
2272 3344 2342 3409 sola
2357 3346 2459 3427 scrip·

450 3429 651 3508 ficationem,
680 3429 793 3495 eodem
818 3431 890 3494 iure
917 3439 1205 3514 argumentantur,
1235 3435 1263 3498 si
1291 3456 1332 3499 ex
1353 3457 1429 3518 ope·
1482 3443 1556 3499 tura
1574 3432 1751 3517 petendam
1770 3439 1908 3509 norunt,
1932 3451 2062 3496 mecum
2082 3430 2233 3514 religiose
2250 3437 2284 3494 et
2301 3431 2385 3494 serio
2403 3452 2460 3495 ex-

454 3516 546 3581 ribus
568 3516 709 3594 iustitie,
741 3537 819 3600 ergo
845 3516 966 3581 falsum
994 3524 1044 3582 est
1071 3539 1131 3583 nos
1159 3519 1229 3583 sola
1250 3519 1314 3584 fide
1336 3522 1430 3586 iusti-
1481 3519 1630 3604 pendant
1650 3517 1809 3602 quomodo
1832 3518 1895 3582 sori
1919 3525 1995 3580 tura
2016 3537 2128 3581 secum
2148 3517 2220 3599 ipsa
2240 3517 2311 3581 sine
2333 3516 2459 3581 cavillis

452 3602 552 3666 ficari.
606 3602 646 3667 Ut
666 3602 743 3680 dem,
765 3603 843 3685 lepis
859 3606 1323 3683 acemanecestriae,
1346 3606 1431 3671 nihil
1482 3607 1546 3671 rite
1563 3605 1728 3671 conciliari
1739 3604 1851 3686 possit.
1915 3623 1995 3666 uum
2014 3601 2111 3667 sciret
2123 3601 2258 3680 Paulus,
2277 3601 2354 3666 fidei
2366 3603 2459 3666 iusti-

452 3687 588 3750 mirum:
623 3696 702 3751 sunt
736 3688 824 3752 enim
857 3709 892 3752 re
925 3708 1012 3753 vera
1070 3690 1257 3772 Quanquam
1288 3694 1432 3758 monendi
1482 3691 1669 3757 ficationem
1698 3689 1878 3771 suffugium
1905 3709 1976 3752 esse
2004 3689 2059 3766 iis,
2093 3688 2149 3770 qui
2176 3687 2310 3771 proprie
2334 3687 2459 3753 iustitia

454 3777 527 3836 aaa
553 3771 690 3852 lectores,
727 3773 863 3838 Graecos
884 3795 1004 3854 parum
1032 3781 1102 3856 apte
1130 3797 1230 3840 eorem
1256 3775 1432 3843 liebroicem
1483 3775 1687 3854 definiuntur,
1711 3773 1864 3840 audacter
1875 3775 1982 3852 infert,
2005 3774 2132 3838 iustitia
2152 3795 2289 3856 operum
2310 3773 2459 3838 exclusos

455 3855 654 3942 HU01M2)
676 3860 804 3924 omissa
825 3856 1032 3939 δικαιώματα,
1050 3880 1113 3941 pro
1135 3862 1250 3926 edictis
1294 3862 1345 3928 De
1365 3885 1432 3930 voce
1483 3863 1667 3946 quicunque
1688 3861 1752 3925 fide
1771 3860 2001 3926 iustificantur.
2046 3857 2210 3939 Quoniam
2233 3881 2311 3925 vero
2332 3865 2461 3924 constat

455 3947 557 4006 tamea
583 3943 677 4024 facile
704 3945 787 4009 item
808 3945 934 4010 remitto.
978 3945 1092 4028 Neque
1113 3966 1185 4011 aero
1206 3946 1268 4013 hoo
1290 3949 1431 4034 denega·
1482 3949 1630 4011 omnium
1651 3946 1743 4011 illam
1765 3966 1835 4011 esse
1856 3945 2003 4010 fidelium
2022 3965 2243 4023 communem,
2266 3967 2308 4009 ex
2329 3965 2367 4009 eo
2388 3945 2460 4028 pari

454 4047 530 4094 mus
563 4028 627 4113 legi
653 4029 718 4095 Dei
750 4032 829 4113 quin
860 4031 1039 4112 perfectam
1071 4031 1230 4097 iustitiam
1259 4037 1429 4100 contineat
1483 4033 1604 4099 fiducia
1625 4032 1793 4098 constituit
1813 4031 1966 4114 operibus
1986 4033 2151 4097 neminem
2171 4031 2341 4096 iustificari
2348 4055 2356 4110 ;
2380 4032 2460 4112 quin

454 4114 600 4180 Tametsi
621 4117 723 4195 enim,
752 4116 828 4197 quia
850 4114 1012 4181 debitores
1038 4137 1153 4183 sumus
1180 4119 1327 4183 omnium
1348 4142 1431 4204 quae
1483 4140 1539 4183 me
1563 4119 1589 4182 ‘s
1618 4122 1747 4198 contra,
1774 4118 1865 4182 nullo
1892 4138 2029 4200 operum
2055 4116 2253 4182 adminiculo
2278 4116 2459 4181 iustificari

453 4202 618 4284 praecipit,
642 4202 742 4265 etiam
763 4201 861 4289 plena
877 4202 948 4266 eius
966 4201 1150 4268 obedientia
1167 4203 1320 4285 defuncti,
1344 4209 1432 4274 servi
1484 4140 1666 4270 Sedlaliud
1688 4211 1738 4269 est
1760 4203 1925 4288 disputare
1950 4203 2028 4286 quid
2054 4223 2113 4286 per
2140 4223 2174 4266 se
2197 4201 2329 4266 valeant
2350 4222 2458 4281 opera,

453 4285 586 4352 inutiles
620 4308 749 4366 sumus;
782 4287 859 4368 quia
891 4294 1004 4351 tamen
1036 4308 1107 4352 eam
1135 4289 1259 4355 honore
1287 4292 1431 4358 iustitiae
1484 4289 1574 4356 aliud
1606 4311 1670 4374 qno
1701 4289 1772 4356 loco
1799 4300 1873 4373 post
1902 4288 2080 4355 stabilitam
2107 4287 2184 4354 fidei
2212 4285 2371 4350 iustitiam
2398 4285 2459 4348 ha·

452 4372 616 4437 Dominus
649 4373 803 4455 dignatus
835 4379 900 4448 est,
933 4393 1001 4437 non
1029 4372 1231 4440 debebimus
1258 4377 1344 4458 quod
1375 4379 1432 4444 1116
1483 4376 1591 4442 benda
1611 4377 1687 4441 sint
1733 4374 1772 4441 Si
1797 4376 1949 4458 operibus
1970 4374 2180 4440 statuendum
2201 4381 2252 4435 est
2270 4390 2329 4451 pro
2351 4369 2459 4451 digni-

454 4456 553 4522 dedit.
599 4458 759 4522 Fatemur
780 4478 858 4540 ergo
880 4457 1028 4537 libenter,
1052 4459 1233 4524 absolutam
1253 4461 1336 4545 legis
1355 4465 1431 4529 obe-
1484 4471 1552 4527 tate
1584 4483 1644 4526 sua
1674 4462 1830 4545 pretium,
1862 4461 1999 4544 indigna
2025 4479 2096 4523 6666
2122 4456 2275 4533 dicimus,
2310 4474 2393 4536 quae
2420 4457 2457 4518 in

454 4542 613 4608 dientiam
634 4565 704 4609 esse
725 4544 885 4608 iustitiam
891 4567 899 4622 ;
922 4544 1071 4608 mandati
1092 4546 1351 4631 uniuscuiusque
1373 4552 1431 4616 ob-
1483 4556 1694 4630 conspectum
1710 4547 1775 4613 Dei
1791 4546 1964 4629 prodeant;
1985 4545 2058 4608 idco
2077 4541 2162 4606 nihil
2182 4562 2318 4623 operum
2335 4540 2457 4606 habere

446 4623 689 4706 servationem,
713 4650 783 4695 esse
805 4629 948 4693 iustitiae
968 4638 1096 4712 partem
1103 4653 1112 4709 ;
1139 4632 1298 4714 siquidem
1320 4635 1356 4699 in
1379 4659 1431 4702 re-
1483 4633 1664 4710 hominem,
1697 4653 1762 4717 quo
1795 4630 1883 4714 apud
1904 4633 2014 4695 Deum
2040 4627 2211 4712 glorietur;
2242 4626 2334 4705 inde,
2367 4627 2457 4691 omni

453 4713 551 4796 liquis
580 4716 679 4779 etiam
706 4715 853 4798 pertibus
881 4722 950 4779 tota
976 4716 1120 4781 iustitiae
1142 4738 1270 4782 summa
1292 4730 1429 4788 constet.
1483 4740 1619 4804 operum
1652 4717 1848 4783 adminiculo
1886 4724 2036 4793 exutum,
2075 4713 2144 4778 sola
2180 4712 2247 4778 fide
2278 4713 2455 4778 iustificari.

455 4797 524 4863 Sed
551 4808 680 4865 exstare
709 4821 847 4882 usquam
874 4801 974 4866 talem
1004 4802 1148 4866 iustitiae
1170 4804 1308 4869 formam
1330 4829 1431 4892 nega-
1482 4807 1568 4870 Eam
1598 4824 1696 4887 porro
1728 4802 1889 4868 iustitiam
1921 4801 2111 4878 definimus,
2145 4798 2230 4882 quod
2264 4800 2299 4863 in
2332 4799 2457 4864 christi

454 4902 537 4949 mus.
571 4886 680 4967 Atque
702 4885 774 4950 ideo
796 4886 878 4970 legis
899 4886 1058 4952 iustitiam
1079 4886 1233 4967 tollimus,
1256 4913 1323 4955 non
1344 4895 1431 4977 qnod
1483 4890 1744 4956 communionem
1766 4893 1918 4968 receptus
1935 4892 2084 4969 peccator
2101 4886 2172 4950 eius
2193 4885 2301 4969 gratia
2318 4888 2389 4950 Deo
2407 4905 2457 4948 re-

455 4988 573 5034 manca
604 4991 663 5053 per
695 4992 729 5035 se
760 4973 803 5035 sit
830 4992 867 5037 ec
895 4974 1026 5053 mutila,
1060 4972 1118 5039 sed
1145 4973 1231 5057 quod
1258 4975 1297 5040 ob
1322 4981 1430 5045 earnis
1483 4974 1689 5051 conciliatur,
1717 4972 1796 5037 dum
1823 4971 1913 5037 illius
1941 4971 2102 5056 sanguine
2129 4979 2291 5056 purgatus
2312 4977 2457 5054 peceato-

453 5062 586 5120 nostrae
608 5055 809 5122 debilitatem
830 5080 991 5141 nusquam
1010 5068 1203 5142 compareat.
1243 5061 1347 5145 Atqui
1363 5086 1430 5129 non
1483 5081 1558 5125 rum
1585 5058 1810 5123 remissionem
1829 5056 1968 5138 obtinet,
1995 5067 2029 5123 et
2054 5058 2180 5122 iustitia
2206 5077 2275 5123 non
2301 5078 2394 5124 secus
2421 5075 2458 5118 ac

454 5138 552 5213 modo
573 5150 747 5225 praecepte
768 5141 904 5208 Domini
932 5145 1121 5227 simpliciter
1148 5146 1309 5227 scriptura
1335 5149 1431 5214 iusti-
1482 5144 1615 5229 propria
1645 5143 1799 5224 vestitus,
1835 5165 1945 5210 coram
1976 5144 2108 5210 coelesti
2138 5143 2296 5209 tribunali
2326 5162 2460 5207 securus

454 5226 520 5293 tias
539 5236 651 5307 vocat,
686 5227 744 5292 sed
771 5228 921 5312 operibus
946 5251 1072 5314 quoqne
1100 5238 1288 5295 sanctorum
1315 5233 1431 5300 tribuit
1484 5231 1640 5296 subsistit
1684 5230 1879 5312 Praeposito
1906 5238 2113 5314 peecatorum
2137 5230 2341 5309 remissione,
2375 5247 2458 5310 quae

454 5310 518 5379 hoo
538 5335 665 5380 nornen.
705 5314 754 5380 Ut
774 5336 876 5398 quum
896 5315 1091 5382 Zachariam
1112 5322 1146 5381 et
1166 5315 1236 5380 eius
1257 5319 1430 5404 coniugem
1482 5319 1550 5383 iam
1569 5325 1751 5400 sequuntur
1770 5315 1857 5382 bona
1872 5337 1973 5402 opera
1989 5316 2087 5382 aliam
2107 5335 2207 5399 quam
2227 5336 2247 5379 a
2266 5337 2325 5381 suo
2341 5314 2459 5378 merito
2559 5368 2562 5373 .

455 5486 523 5494 m,
547 5491 605 5495 ,—
1483 5402 1897 5554 aestimationeghllriabenn
1919 5404 1996 5502 qnia
2015 5400 2173 5486 quidquid
2189 5400 2307 5549 irtrurrllis
2324 5407 2379 5547 estl
2394 5398 2458 5547 ima

523 5603 553 5671 1)
572 5603 647 5657 Edd.
664 5619 732 5657 rccc.
750 5603 940 5657 6666661616.-
962 5605 1000 5658 At
1017 5607 1047 5659 si.
1126 5606 1157 5677 a)
1175 5607 1250 5664 aaa
1268 5608 1344 5665 1654„
1363 5610 1431 5665 1667
1483 5490 1735 5674 mim,
1758 5490 2458 5674 ἐξβοξῖξᾮῗοὲᾝθῗῃωξῧῃώέᾞῧὲἓῦ

455 5667 542 5724 bime
558 5672 693 5726 1666661616
709 5672 848 5733 scribam
864 5670 1054 5728 tboluckr'oaae
1070 5675 1184 5732 tabmt:
1201 5677 1343 5735 (ibukkirn.
1483 5664 1581 5748 gitur,
1603 5680 1648 5725 ne
1668 5682 1704 5724 111
1725 5658 1838 5726 ruditu
1857 5659 1961 5726 divim
1982 5666 2204 5742 quaestionem
2224 5663 2366 5722 vemet.
2390 5653 2458 5722 Ob·
