5600 6809
359 778 418 839 631
588 774 695 840 .LIB.
717 777 782 842 ΙΠ.
826 776 890 842 DE
913 771 1049 839 MODO
1068 772 1419 841 PEROIPIENDAE
1442 772 1633 842 CHRISTI
1655 774 1873 839 attam.
1918 772 2018 840 OAP.
2040 773 2120 839 XX.
2302 779 2364 842 638

356 972 544 1029 nostrarum
568 965 734 1048 agnitione
758 964 967 1030 eonnectitur.
1016 962 1222 1043 Quantumvis
1250 964 1334 1027 enim
1385 964 1517 1043 vatdio,
1553 963 1677 1029 totidem
1708 967 1779 1028 ante
1811 961 1914 1028 acidas
1939 967 2060 1027 avaras
2084 961 2224 1045 fipunlur
2250 964 2365 1029 vexilla

355 1050 449 1133 pravi
469 1051 618 1116 scelerum
638 1050 724 1115 mole
753 1052 864 1134 premi.
886 1070 922 1115 ee
949 1048 1001 1115 vel
1029 1048 1177 1112 laborare
1198 1049 1335 1112 sentiant
1384 1069 1465 1130 quae
1483 1050 1571 1114 nabis
1596 1048 1748 1129 fiduciam
1768 1049 1930 1129 inspirent.
1978 1049 2174 1113 Temeritatis
2195 1055 2273 1114 esset
2288 1070 2364 1130 pra

356 1134 470 1216 fideles,
492 1156 545 1201 nec
560 1137 648 1201 moda
665 1136 763 1200 rebus
780 1136 931 1200 omnibus
948 1155 1068 1200 vaauos
1090 1153 1173 1215 quae
1194 1132 1333 1213 tanmem
1384 1155 1529 1217 rumpere
1549 1136 1586 1199 in
1607 1133 1671 1200 Dei
1693 1139 1892 1216 mumadam,
1914 1134 1981 1198 nisi
2001 1136 2069 1216 ipse
2090 1140 2288 1200 anteverteret
2308 1155 2365 1200 aas

358 1221 531 1286 consiliare
557 1221 644 1304 apud
670 1223 780 1287 Deum
806 1228 942 1304 queant,
975 1219 1030 1285 sed
1056 1223 1199 1284 oneratas
1225 1218 1333 1283 multis
1384 1222 1527 1287 vocando.
1563 1221 1675 1301 Itaque
1694 1221 1781 1284 viam
1801 1219 1891 1285 nabis
1910 1241 1973 1284 sua
1993 1239 2062 1284 voce
2076 1221 2228 1302 patefacit
2249 1221 2362 1304 (Zaeh.

355 1308 447 1370 noeis
466 1328 545 1388 quae
566 1328 636 1372 eum
655 1309 762 1372 nterito
781 1306 1011 1388 formidabilem
1031 1305 1176 1381 reddant,
1204 1325 1264 1367 non
1287 1309 1333 1368 ta
1388 1310 1437 1385 13,
1457 1306 1507 1389 9).·
1538 1308 1643 1372 dieam
1671 1307 1753 1383 illis,
1781 1306 1923 1387 populus
1949 1326 2036 1370 meus
2058 1327 2127 1383 vos;
2154 1307 2254 1371 dicent
2275 1307 2363 1385 mibi,

355 1411 425 1456 men
442 1393 587 1458 (tesiam
606 1414 639 1458 se
659 1395 776 1474 affare,
799 1413 906 1474 neque
927 1400 1029 1456 terret
1052 1411 1107 1454 eos
1130 1389 1183 1453 hie
1205 1411 1331 1468 seusus,
1384 1397 1419 1455 tu
1437 1392 1528 1457 Deris
1548 1397 1658 1458 noste-r.
1702 1391 1851 1456 Videmus
1871 1397 1907 1455 ut
1927 1392 2059 1457 caltores
2078 1413 2153 1457 suos
2168 1394 2363 1472 praevortant,

355 1478 529 1560 quominus
551 1479 594 1544 ad
612 1480 721 1561 ipsum
742 1478 983 1555 assentirent,
1016 1476 1143 1556 quando
1164 1496 1226 1538 non
1241 1476 1333 1540 alius
1384 1478 1515 1559 velitque
1536 1479 1691 1558 subsequi,
1720 1477 1848 1558 ideoque
1874 1478 2047 1542 timendum
2072 1499 2134 1542 nori
2155 1498 2221 1543 esse
2241 1500 2279 1542 ne
2303 1499 2365 1558 pa

356 1564 458 1629 estad
475 1584 546 1628 eum
563 1565 733 1647 inpressas.
769 1564 884 1646 Neque
906 1564 994 1628 enim
1016 1562 1168 1625 instituta
1189 1571 1239 1625 est
1259 1581 1332 1624 ora-
1384 1583 1457 1627 rum
1482 1565 1593 1628 atavis
1617 1566 1662 1628 sit
1689 1562 1764 1626 baec
1784 1564 1918 1627 melodia
1946 1584 2041 1644 quam
2067 1565 2134 1645 ipse
2161 1564 2263 1628 dictat.
2308 1563 2364 1628 Iu

355 1649 411 1727 tio,
440 1671 505 1731 qua
531 1671 591 1715 noe
613 1659 806 1733 arroganter
828 1670 938 1714 earam
960 1649 1031 1713 Deo
1059 1646 1247 1724 efferamus,
1276 1653 1332 1710 aut
1384 1649 1471 1731 sapae
1492 1651 1682 1739 praesertim
1708 1649 1791 1713 illud
1810 1647 1874 1713 Dei
1901 1650 2034 1730 elopiam
2060 1650 2147 1713 nabis
2174 1651 2210 1713 in
2236 1655 2365 1714 menam

356 1733 534 1817 quidquam
554 1744 704 1801 nostrum
720 1755 842 1818 magua
860 1735 1076 1811 aestimemus,
1101 1729 1158 1795 sed
1178 1754 1243 1814 qua
1263 1752 1332 1796 rea·
1383 1735 1501 1813 veniat,
1531 1756 1590 1815 qno
1617 1736 1693 1816 freti
1721 1735 1828 1798 munia
1848 1735 2006 1799 obstacula
2027 1735 2114 1799 rridlr
2134 1737 2252 1817 nepotis
2273 1756 2364 1816 supc-

232 1812 236 1819 ’
355 1825 428 1884 tum>
446 1826 586 1885 nostrum
612 1822 757 1902 carsessi,
784 1840 955 1885 amumaas
982 1829 1111 1884 nostras
1140 1817 1228 1900 apud
1255 1839 1332 1882 eum
1383 1820 1526 1885 rabimus
1543 1820 1645 1906 (Psal.
1660 1825 1710 1897 65,
1731 1819 1782 1904 3).·
1799 1825 1834 1883 tu
1855 1819 1942 1885 Deus
1958 1821 2130 1884 exaudiens
2141 1822 2364 1919 precationem:

356 1903 575 1989 deploremus3
602 1906 874 1988 quemadmodum
901 1905 962 1969 filii
989 1903 1077 1987 apud
1104 1910 1256 1986 parentes
1283 1905 1331 1967 fa-
1384 1907 1427 1971 ad
1459 1912 1618 1987 te‘nsque
1645 1907 1746 1970 omnis
1779 1925 1851 1969 cara
1882 1908 1989 1970 venia.
2042 1907 2126 1987 Quid
2150 1908 2235 1970 enim
2260 1927 2364 1989 maprs

355 1992 529 2056 miliariter
549 1992 698 2075 querelas
720 2013 797 2057 suas
819 1990 993 2074 deponunt.
1030 1987 1122 2069 Quin
1143 1990 1253 2073 potius
1274 1991 1332 2054 irn-
1384 1992 1518 2057 amabile
1535 1993 1583 2057 vel
1599 1992 1749 2056 blandum
1765 2011 1861 2070 quarn
1871 1989 1976 2056 Deum
1997 1991 2052 2057 boc
2072 1993 2162 2056 titulo
2184 1993 2284 2071 indui,
2305 1993 2361 2074 qui

355 2097 461 2143 mensa
491 2078 646 2142 malorum
671 2084 846 2143 nastrmum
876 2078 1031 2159 conpertas
1063 2076 1245 2141 calcaribus
1278 2074 1332 2140 vel
1383 2079 1525 2143 certiores
1552 2098 1610 2142 iras
1634 2077 1759 2154 reddat,
1792 2076 1873 2140 nibil
1903 2079 2007 2159 mauis
2034 2099 2100 2142 esse
2126 2083 2260 2142 naturae
2292 2080 2361 2143 nus

355 2163 496 2233 stimulis
517 2164 632 2245 referta
654 2185 724 2230 esse
753 2162 857 2241 debet,
883 2182 962 2243 quae
988 2183 1045 2227 nos
1072 2162 1115 2227 ad
1136 2162 1332 2244 precandum
1377 2165 1549 2245 proprium
1569 2184 1665 2244 quarn
1690 2162 1870 2242 supplicum
1896 2165 1976 2228 votis
1996 2164 2159 2228 annuae?
2204 2164 2290 2227 Hinc
2310 2165 2360 2227 ia-

355 2248 487 2313 inaitent.
534 2251 676 2330 Qualiter
698 2251 793 2314 ctiam
813 2269 870 2314 nos
891 2269 947 2313 suo
968 2247 1118 2330 exemplo
1141 2246 1235 2312 daaet
1254 2268 1327 2331 pro·
1383 2270 1482 2313 auam
1497 2253 1606 2330 palere
1628 2248 1743 2329 catat
1757 2248 1910 2327 propbeta
1931 2270 1994 2313 noa
2009 2251 2141 2331 paucis,
2169 2249 2224 2313 sed
2244 2250 2361 2314 canetis

354 2334 455 2418 pheta
472 2333 574 2418 (Psal.
593 2341 650 2414 41,
671 2328 718 2417 5)':
750 2356 831 2399 sana
855 2336 999 2398 animam
1016 2354 1138 2411 meam,
1160 2333 1237 2415 quia
1253 2355 1329 2415 pea-
1382 2335 1583 2412 mortalibns;
1606 2335 1683 2416 quia
1704 2334 1798 2398 etiam
1814 2354 1918 2399 munes
1933 2335 1990 2400 bac
2006 2355 2075 2399 voce
2090 2335 2249 2416 compellat
2267 2334 2359 2416 (ibid.
2479 2330 2486 2340 '

355 2420 428 2485 bavi
459 2420 526 2484 tibi.
571 2419 687 2486 Fateor
717 2422 841 2503 quidem
872 2421 906 2484 in
938 2421 982 2485 iis
1008 2419 1125 2483 andeis
1152 2420 1331 2500 mortiferas
1384 2420 1528 2505 50,15).·
1556 2422 1665 2485 invoca
1691 2440 1739 2483 me
1764 2421 1800 2482 in
1828 2420 1880 2484 die
1907 2421 2103 2502 afflictionis,
2129 2441 2238 2484 ernam
2264 2427 2305 2500 te,
2333 2426 2361 2484 et

353 2504 420 2588 fore
435 2507 627 2603 punctiones,
649 2507 714 2605 nisi
736 2506 826 2604 Deus
846 2511 1052 2603 succurrerem
1073 2525 1178 2569 verum
1200 2525 1261 2602 pra
1282 2505 1330 2568 in
1379 2506 1570 2589 planificubis
1600 2527 1657 2569 me.
1703 2504 1882 2604 deomedum
1907 2506 1993 2605 ‘banc
2017 2507 2167 2605 repularn.
2186 2505 2296 2605 David
2324 2506 2359 2590 (2

353 2591 1330 2759 tltl‘llttttlltttlttttttttttttl
1381 2590 1479 2742 tlt
1494 2596 1598 2758 tlt
1607 2591 2362 2757 tttttttlttlttltttstt

353 2781 448 2826 curas
467 2763 593 2842 leniens,
614 2769 711 2827 maus
733 2763 924 2844 abderama,
946 2763 1069 2826 aorniter
1089 2783 1146 2826 aas
1166 2762 1210 2826 ad
1230 2782 1264 2826 se
1284 2760 1331 2825 al·
1380 2764 1445 2842 tui,·
1458 2767 1625 2844 propterea
1645 2763 1763 2825 invenit
1782 2781 1892 2825 savus
1911 2769 1985 2829 tuus
2008 2784 2059 2828 cor
2078 2784 2181 2827 suam
2194 2769 2229 2828 ut
2250 2768 2361 2828 oraret.

353 2847 470 2925 lieeret,
498 2848 560 2912 imo
580 2851 745 2929 soapaas
763 2869 866 2914 amites
887 2847 1008 2927 tabens,
1029 2848 1143 2913 νιεᾶννννν
1161 2846 1327 2925 obstacula,
1376 2848 1476 2929 ,aaa
1502 2848 1679 2930 collipimus
1702 2846 1860 2927 pavidum
1879 2848 1990 2928 fuisse,
2020 2851 2086 2913 nisi
2112 2855 2265 2931 quatemus
2290 2869 2361 2913 eum

351 2932 476 3015 {aeden
497 2935 583 2997 viam
604 2939 757 2999 stnneret
1374 2934 1547 3014 prommsio
1568 2938 1714 2999 meana.
1750 2931 1806 2998 Sic
1827 2932 1906 2996 alibi
1928 2934 2030 3018 (Psal.
2054 2941 2123 3012 145,
2147 2935 2200 3019 18)
2220 2934 2361 3017 penerali

443 3022 490 3082 13.
541 3019 623 3102 ¹)Ac
644 3022 752 3102 prima
774 3019 898 3100 pridem
919 3039 1010 3083 arare
1031 3039 1087 3083 nas
1107 3019 1230 3097 iubens,
1258 3019 1328 3099 ipsa
1379 3021 1522 3086 doctrina
1549 3041 1582 3084 se
1607 3019 1751 3083 instruit:
1783 3019 1966 3084 voluntatem
1994 3022 2169 3085 timentium
2195 3040 2228 3084 se
2258 3021 2359 3101 faciet.

348 3109 512 3186 praecepto
532 3125 589 3170 nos
610 3107 749 3188 coarpnit
770 3106 888 3184 impiae
909 3105 1132 3182 coutuntaciae,
1160 3105 1226 3168 nisi
1248 3105 1328 3169 abse-
1381 3104 1451 3169 Ima
1477 3106 1552 3170 ltaec
1571 3107 1607 3169 in
1630 3104 1773 3169 Psalmis
1799 3104 2046 3170 animadvertere
2073 3107 2156 3184 licet,
2187 3107 2280 3186 quasi
2306 3105 2359 3179 ab

353 3189 488 3270 quimur.
525 3190 620 3255 Nibil
639 3193 743 3275 mauis
757 3192 903 3271 praecise
923 3190 1072 3255 mandari
1088 3194 1213 3269 poterat
1233 3208 1328 3270 quarn
1379 3196 1470 3272 rupto
1500 3191 1615 3256 orandi
1647 3195 1787 3255 contecta
1818 3192 1987 3256 transitum
2016 3192 2087 3273 fieri
2113 3211 2195 3255 iruna
2223 3192 2266 3257 ad
2296 3188 2360 3254 Dei

353 3275 434 3356 quad
461 3275 589 3339 turbetur
608 3278 644 3340 in
667 3276 796 3342 Psalmo
817 3275 884 3360 (50,
908 3275 977 3360 15).·
1004 3277 1114 3341 invoca
1141 3296 1188 3339 me
1215 3277 1251 3340 in
1277 3275 1329 3338 die
1374 3278 1561 3359 potentiam,
1582 3296 1665 3342 nunc
1686 3277 1730 3341 ad
1750 3277 1926 3355 bonitatum,
1949 3298 2031 3342 nunc
2052 3279 2095 3343 ad
2114 3277 2209 3357 {iden
2224 3277 2360 3358 prornis-

352 3359 570 3426 tribalationis.
616 3361 678 3427 Sed
709 3364 786 3443 quia
812 3363 894 3426 inter
919 3363 1049 3442 pietatis
1075 3361 1179 3442 officia
1205 3360 1329 3425 nullam
1379 3363 1511 3429 sianum
1563 3362 1672 3427 Videri
1691 3367 1800 3443 posset
1827 3364 2037 3444 intempestive
2057 3362 2169 3427 David
2189 3363 2360 3426 sententias

352 3444 545 3528 frequentius
565 3450 776 3514 mmnrendaut
796 3449 985 3528 scripturae,
1013 3468 1075 3512 non
1096 3447 1244 3527 estquod
1266 3447 1329 3511 lon·
1380 3449 1457 3514 illas
1477 3451 1632 3526 inserens,
1655 3469 1765 3529 preces
1785 3448 1915 3513 mutilas
1936 3450 2079 3530 reddere‚·
2100 3449 2155 3514 sed
2175 3469 2239 3512 usu
2259 3453 2286 3512 et
2307 3467 2359 3511 ea·

350 3532 426 3615 pins
445 3530 495 3596 bic
516 3533 670 3598 immorer.
699 3534 822 3613 Petite,
845 3535 948 3616 inquit
968 3534 1116 3616 mapister
1138 3530 1273 3630 <Madia
1299 3537 1327 3610 7,
1374 3535 1533 3616 pertenue
1560 3539 1745 3616 compertum
1766 3533 1877 3598 babent
1904 3534 2020 3616 fideles,
2046 3537 2242 3616 lanpuesccre
2268 3534 2371 3616 ardo-¹

355 3616 405 3701 7),
435 3620 657 3699 etaccrpietis,·
682 3621 880 3700 pulsatc‚,et
905 3621 1064 3701 aperietur
1084 3619 1177 3683 votis.
1224 3618 1329 3699 Qaan-
1379 3641 1461 3699 rem,
1495 3621 1562 3684 nisi
1589 3619 1754 3686 adhibeant
1780 3640 1861 3684 nova
1889 3620 2040 3701 fomenta,
2073 3622 2200 3701 ideoque
2230 3619 2360 3684 minime

353 3723 448 3784 quam
464 3703 515 3767 bia
529 3710 692 3786 pracoepta
709 3707 897 3788 adinnpitur
913 3707 1007 3771 etiam
1019 3705 1198 3786 promissio,
1221 3710 1256 3768 ut
1277 3724 1329 3768 ne-
1380 3707 1461 3771 inter
1471 3708 1668 3787 precandum
1683 3725 1879 3788 supervacua
1894 3713 1940 3771 est
1955 3712 2020 3771 tum
2035 3712 2168 3772 naturae
2183 3704 2249 3770 Dei
2265 3725 2361 3786 quam
2466 3729 2469 3732 “

353 3794 495 3854 aesseest.
528 3789 602 3854 Etsi
612 3793 694 3855 enim
709 3797 875 3873 praecepto
891 3811 957 3857 esse
977 3790 1177 3856 obediendum
1192 3790 1329 3871 fatertur
1379 3793 1465 3857 verbi
1484 3793 1651 3857 meditatio.
1696 3790 1799 3872 Atque
1825 3793 1872 3856 ita
1898 3793 2035 3874 eaenpla
2057 3793 2199 3858 Dante
2227 3793 2360 3855 inserere

274 3925 278 3932 .
353 3893 470 3952 annes,
498 3876 601 3941 maior
627 3882 729 3941 tamen
750 3897 833 3958 pars
859 3877 1011 3960 resaperet
1032 3877 1137 3941 Deum
1164 3881 1328 3955 aaronem
1380 3899 1420 3944 ne
1434 3879 1545 3961 pipant
1565 3899 1645 3959 quae
1666 3876 1834 3960 lanpuidos
1850 3879 1973 3943 annuas
1989 3900 2067 3943 novo
2084 3879 2188 3960 vipore
2208 3877 2359 3957 reficiant.

352 3959 418 4023 nisi
446 3981 479 4024 se
505 3961 691 4026 exorabilem
722 3965 857 4043 adeoque
884 3963 1006 4028 obvium
1035 3963 1103 4044 sore
1128 3962 1328 4043 promitteret.
1470 3969 1517 4028 14.
1563 3964 1613 4039 Ac
1629 3964 1748 4027 mirina
1764 3968 1808 4026 est
1829 3968 1918 4028 tanta
1931 3964 2181 4046 promissionum
2202 3963 2362 4028 dulcedine

352 4044 419 4110 His
449 4047 573 4128 quidem
599 4047 718 4113 duobus
749 4050 884 4129 positis,
922 4054 1038 4114 mum
1073 4052 1119 4113 est
1155 4049 1329 4129 quiaunque
1381 4050 1431 4115 vel·
1447 4051 1575 4133 tripide,
1596 4050 1645 4113 vel
1666 4049 1753 4112 nullo
1772 4048 1838 4130 fere
1859 4051 1949 4115 mado
1966 4071 2022 4115 nas
2043 4049 2140 4131 affici,
2163 4054 2199 4111 ut
2213 4070 2275 4131 per
2295 4069 2361 4113 am·

352 4133 607 4214 terpiversautur‚
631 4155 669 4199 ne
695 4140 778 4198 recta
799 4135 843 4198 ad
863 4135 967 4200 Deum
989 4135 1129 4211 veniant,
1156 4154 1219 4198 nan
1240 4135 1329 4198 mado
1380 4136 1473 4218 bapes
1492 4136 1634 4218 vapando
1650 4135 1729 4198 bona
1743 4155 1828 4214 pars
1849 4135 1939 4200 malit
1958 4136 2065 4200 relicto
2081 4155 2238 4216 aquamm
2259 4135 2361 4199 viver

352 4237 416 4282 esse
442 4218 565 4284 rebelles
590 4225 618 4285 et
643 4221 871 4303 immoriperas,
897 4221 953 4286 sed
977 4222 1072 4285 etiam
1099 4218 1330 4283 incredulitatis
1380 4223 1460 4286 tium
1489 4223 1572 4303 fonte
1602 4220 1665 4285 sibi
1694 4220 1801 4301 sedere
1831 4221 1943 4300 aridas
1974 4218 2140 4299 cisternas,
2171 4240 2267 4300 quam
2294 4217 2359 4282 Dei

352 4305 499 4382 mam-nai,
521 4306 599 4386 quia
608 4305 873 4388 promissionibus
891 4305 1048 4388 diffidunt.
1084 4304 1329 4386 Quadeamapis
1380 4307 1599 4372 liberalitatem
1624 4307 1706 4372 ultro
1733 4305 1795 4370 sibi
1820 4304 1954 4372 ablatam
1982 4308 2133 4389 amplecti.
2177 4304 2251 4368 Ara
2273 4305 2359 4387 inev-
2492 4308 2495 4314 '

352 4391 521 4455 natandum
537 4397 590 4470 est,
612 4393 690 4473 quia
706 4391 892 4474 bppaoritac,
911 4391 1103 4457 humilitatis
1120 4394 1147 4454 et
1163 4391 1329 4455 modestiae
1374 4393 1562 4476 pnpnabilis
1588 4413 1698 4457 nomen
1719 4390 1867 4472 Domini,
1893 4394 1998 4473 inquil
2027 4392 2148 4457 Solomo
2170 4390 2283 4474 (Prov.
2308 4391 2356 4468 18,

345 4480 526 4555 praetecta,
557 4481 622 4542 tam
651 4477 782 4560 superbe
809 4482 1002 4542 mntemnunt
1030 4477 1095 4542 Dei
1119 4480 1328 4557 praeceptum,
1384 4480 1448 4562 10),
1471 4479 1514 4542 ad
1531 4500 1600 4543 eam
1616 4478 1768 4560 confupiet
1784 4478 1897 4558 iustus,
1920 4478 2146 4544 damnabitur.
2192 4474 2258 4538 Ioel
2277 4493 2357 4553 aero,

352 4579 447 4639 quam
470 4561 564 4641 fidem
592 4565 739 4648 benipnae
765 4565 945 4638 invitationi
972 4563 1137 4646 abropant,·
1169 4563 1231 4626 imo
1258 4582 1344 4626 eum
1374 4570 1543 4647 postquam
1570 4566 1608 4629 de
1633 4563 1777 4629 horribili
1803 4585 1884 4646 quae
1906 4564 2042 4629 instabat
2062 4561 2147 4627 clade
2168 4560 2359 4624 vaticinatus

349 4642 502 4725 fraudant
516 4652 692 4733 praecipua
712 4651 814 4717 culus
834 4651 889 4714 sui
904 4655 1006 4731 parte.
1047 4649 1135 4713 Nam
1155 4649 1210 4712 ubi
1230 4650 1329 4713 sacri-
1380 4656 1438 4729 est,
1471 4650 1699 4716 memmabilem
1730 4649 1821 4715 illam
1848 4651 2033 4736 sententiam
2058 4647 2184 4711 subluit
2211 4645 2256 4729 (2,
2286 4646 2359 4729 32).-

349 4728 426 4810 ficia
447 4734 623 4811 repudiavit
642 4739 679 4801 in
700 4737 814 4820 quibus
831 4742 904 4800 tunc
920 4735 1082 4801 videbatur
1099 4736 1163 4798 sita
1178 4754 1248 4810 esse
1265 4739 1328 4799 tota
1380 4737 1527 4818 quisquis
1543 4736 1730 4802 invocaverit
1746 4756 1855 4800 nomen
1871 4735 2013 4812 Domini,
2036 4731 2145 4796 salvus
2166 4731 2241 4795 erit:
2262 4750 2358 4811 qnam

352 4817 517 4893 tantillas,
543 4817 598 4884 lca
617 4842 773 4887 summum
794 4842 859 4887 esse
880 4828 908 4886 et
929 4821 992 4887 sibi
1012 4842 1094 4904 prae
1115 4820 1329 4900 atttspruto
1379 4823 1498 4887 scimus
1522 4823 1655 4904 proprie
1685 4822 1728 4887 ad
1759 4842 1887 4887 cursum
1913 4818 2067 4900 evanpelii
2097 4821 2243 4898 spectare.
2294 4815 2358 4880 Vin

351 4922 423 4966 snm
442 4902 591 4980 declarat,
612 4906 752 4972 invocari
772 4909 808 4972 in
835 4908 887 4973 die
903 4909 1102 4974 necessitatis.
1150 4907 1253 4988 (lime
1274 4906 1329 4971 ubi
1380 4911 1563 4975 centesimus
1582 4910 1713 4990 quisque
1732 4912 1880 4984 mevam,
1909 4911 1944 4968 ut
1965 4905 2000 4969 in
2021 4922 2181 4967 accursum
2201 4901 2270 4966 Dea
2284 4923 2360 4983 pro-

354 4989 436 5068 quad
456 5008 550 5052 suum
570 4995 615 5055 est
635 4993 746 5074 eripit,
773 4998 801 5057 et
828 4995 871 5058 ad
892 4996 1030 5076 parendi
1057 4993 1251 5060 alacritatem
1272 5012 1330 5058 aas
1380 4996 1460 5061 deal.
1506 4994 1635 5061 Clamat
1659 4996 1727 5077 ipse
1746 5013 1808 5074 per
1830 4991 1971 5056 [esaiam
1993 4990 2060 5073 (65,
2079 4986 2152 5071 24):
2177 4987 2361 5054 invocabitis

353 5074 489 5152 animal,
521 5074 602 5140 nulli
623 5081 695 5140 aurit
714 5082 780 5140 tam
800 5079 930 5158 speciosi
950 5080 1116 5145 dubitandi
1137 5079 1252 5145 colores
1274 5079 1330 5160 qui
1380 5101 1438 5160 nte,
1457 5083 1666 5146 ateaaudiam
1674 5100 1745 5157 aaa·
1761 5079 1824 5142 imo
1840 5082 2005 5156 uunquam
2020 5075 2161 5140 clametis
2175 5072 2360 5155 respondebo

354 5180 411 5223 nas
437 5166 586 5224 excusent.
633 5162 836 5242 Quantaque
860 5184 931 5245 erpa
951 5169 1079 5244 passim
1105 5171 1270 5230 occurram
1292 5167 1329 5229 in
1379 5167 1479 5233 vobis
1509 5168 1578 5232 Hac
1598 5186 1716 5248 quoque
1737 5164 1839 5228 eodcrn
1859 5162 1970 5226 bonore
1991 5161 2068 5226 alibi
2084 5165 2179 5225 totam
2199 5159 2359 5225 ecclesiam

354 5247 522 5328 scripturis
542 5247 724 5326 testimonia,
741 5246 856 5329 quibus
876 5249 965 5314 nabis
979 5251 1180 5332 praecipitur
1197 5252 1261 5317 Dei
1281 5253 1329 5316 in
1380 5255 1580 5318 communiter
1596 5253 1762 5334 dipnatur3
1782 5248 1876 5313 murti
1898 5250 1941 5315 ad
1956 5248 2064 5313 anna
2081 5244 2200 5312 Glrristi
2221 5243 2359 5310 membra

1374 5341 1518 5420 pertinet.
1553 5335 1832 5413 camoenam,
1848 5334 2198 5400 exaudiameummum
2207 5332 2359 5413 ipsosum

357 5437 558 5447 “w“
1380 5425 1417 5488 in
1438 5424 1649 5502 tribrdatim,
1675 5427 1712 5486 ut
1732 5421 1868 5502 etapium
1889 5440 1959 5485 ann
1980 5419 2082 5504 (PeaL
2107 5422 2157 5495 91,
2183 5417 2247 5501 15).
2293 5413 2358 5479 Νε-

355 5553 1329 5692 1515551555,
1380 5516 1573 5672 tlt
1593 5508 1818 5694 tlt-‚lt
1837 5507 2300 5686 llfntlvbmlmi

355 5691 479 5747 aaran.
1378 5672 2359 5763 maenamumnmanuratameltesattaac
