5600 6809
401 777 462 838 709
617 771 707 836 LIB.
730 771 793 835 ΠΙ.
836 771 901 836 ΒΕ
924 769 1059 837 MODO
1081 769 1433 837 Pnssofffflnnffl
1455 769 1646 838 CHRISTI
1666 770 1886 838 annm.
1931 772 2031 840 OAP.
2054 773 2190 841 xxm.
2280 716 2284 720 ῃ
2344 782 2408 842 710

398 963 437 1027 de
458 962 646 1042 correptione
672 964 700 1024 et
724 961 830 1042 pratia
858 950 901 1023 ad
930 958 1144 1038 Valentinum,
1170 958 1261 1023 cuius
1289 958 1377 1022 lectio
1427 957 1481 1023 ilie
1497 959 1778 1040 corporearum
1792 964 1946 1040 portamus
1960 959 2164 1041 faciendum?
2188 983 2287 1028 noune
2298 965 2409 1045 potius

272 1082 276 1090 ·
392 1050 467 1131 pios
495 1066 600 1112 mnnes
625 1052 653 1110 et
679 1046 792 1111 dociles
817 1045 912 1127 facile
937 1045 1085 1127 plenrabit
1136 1044 1247 1109 Pauca
1273 1049 1376 1107 lamen
1427 1049 1471 1109 est
1487 1044 1654 1109 dicendum
1670 1065 1787 1124 oerum,
1804 1051 1841 1108 ut
1856 1047 1912 1127 arri
1923 1051 2024 1126 potest
2040 1067 2156 1129 capere,
2176 1050 2295 1130 capiat;
2311 1071 2407 1131 quam

398 1133 448 1199 bic
469 1134 584 1210 libabo,
610 1152 705 1213 quae,
733 1136 767 1194 ut
787 1152 891 1212 spero,
913 1131 1025 1212 probis
1050 1136 1079 1195 et
1100 1150 1161 1195 non
1181 1129 1377 1195 contentiosis
1427 1131 1603 1208 tacendum,
1630 1136 1666 1194 ut
1686 1151 1748 1194 non
1768 1132 1870 1196 solum
1888 1133 1924 1196 id
1948 1133 2037 1197 ambo
2058 1154 2121 1197 non
2141 1135 2277 1214 capiant,
2299 1157 2407 1200 oerum

398 1220 598 1300 satisfacient.
641 1220 741 1298 §nram
758 1223 886 1296 apertus
906 1217 1070 1294 eluendis
1085 1236 1200 1297 praeco
1221 1216 1377 1280 electionis
1427 1217 1520 1280 etiam
1537 1217 1593 1297 qui
1609 1222 1654 1281 est
1670 1217 1897 1300 intellipentior,
1919 1218 1972 1283 ille
1987 1221 2030 1281 sit
2041 1221 2141 1299 peior,
2163 1221 2218 1300 qui
2235 1222 2266 1286 si
2283 1223 2408 1286 audiret

396 1306 553 1390 pratuitae
578 1303 676 1385 fuerit
697 1302 836 1382 Paulus,
858 1309 930 1368 ante
955 1305 1060 1367 cisum
1080 1307 1141 1381 est,·
1162 1321 1205 1365 an
1225 1301 1295 1365 ideo
1314 1320 1376 1364 mo
1427 1307 1610 1383 etcaperet‚
1634 1324 1695 1383 pcr
1723 1323 1793 1366 eum
1819 1306 1913 1368 etiam
1934 1304 2046 1384 plures
2071 1306 2244 1370 discerent?
2278 1306 2322 1370 Et
2350 1327 2407 1371 nos

397 1393 496 1455 nendo
513 1396 541 1455 et
557 1390 706 1454 bortando
726 1389 889 1472 friardus?
914 1388 1081 1470 Conferant
1098 1388 1170 1452 boni
1189 1388 1245 1451 isti
1263 1386 1376 1450 eelotae
1427 1389 1526 1453 dicere
1558 1388 1719 1467 nolumus,
1752 1390 1835 1469 quod
1865 1394 1936 1454 teste
1968 1391 2126 1471 scriptura
2158 1393 2258 1457 dicere
2289 1393 2406 1456 licebat.

398 1478 465 1541 eins
485 1476 651 1540 oebementi
672 1497 704 1538 rn
725 1495 794 1540 cum
816 1496 886 1553 sua,
906 1475 1022 1558 plaeies
1038 1475 1074 1538 in
1094 1475 1177 1554 ipsis
1204 1473 1375 1554 reperietur
1430 1474 1590 1538 Timernus
1606 1476 1689 1538 enim
1709 1476 1850 1539 uidelicet
1865 1496 1903 1540 ne
1919 1476 2110 1556 loquentibus
2126 1477 2215 1542 nobis
2231 1479 2407 1559 offendatur

392 1583 475 1646 prae
492 1497 672 1626 turmioni
683 1561 773 1625 illins
781 1561 910 1642 fervore.
936 1560 980 1624 Et
994 1565 1071 1624 certe
1078 1559 1277 1640 principium
1294 1558 1375 1622 illud
1426 1559 1482 1640 qni
1502 1580 1610 1641 capere
1631 1581 1693 1624 non
1709 1565 1825 1641 potest,·
1850 1582 1912 1625 non
1933 1567 2035 1626 autem
2062 1565 2207 1626 timemus
2227 1585 2278 1644 ne,
2305 1569 2405 1629 tacen-

397 1648 562 1728 scrupulos
577 1667 682 1712 omnes
702 1647 788 1724 tollit,
810 1668 871 1711 non
886 1666 952 1712 esse
972 1667 1029 1711 nos
1045 1651 1165 1711 uocatos
1180 1646 1223 1709 ad
1239 1645 1374 1707 immun
1426 1645 1507 1709 tibus
1527 1646 1625 1724 nobis,
1647 1648 1703 1727 qui
1720 1649 1878 1712 ceritatem
1895 1653 1994 1727 potest
2014 1668 2122 1729 capere
2137 1650 2277 1729 falsitate
2297 1653 2407 1732 capia·

397 1736 519 1812 ditiem,
548 1733 601 1798 sed
627 1734 811 1814 utquisque
839 1752 896 1796 aas
916 1751 1010 1796 sunm
1025 1732 1187 1813 possideat
1207 1732 1243 1794 in
1264 1729 1374 1793 bonore
1425 1735 1486 1795 tur.
1540 1732 1642 1812 9999
1668 1734 1852 1797 sententiam
1878 1732 2003 1798 breoirn
2031 1736 2156 1798 tandem
2181 1738 2405 1819 perstrinpens,

398 1819 430 1904 (1
452 1820 565 1884 Thoos.
585 1824 619 1896 4,
641 1817 691 1902 Ἰ),
720 1823 779 1897 etc,
807 1818 917 1882 deinde
937 1839 994 1882 nos
1014 1838 1080 1883 esse
1101 1817 1165 1882 Dei
1184 1817 1372 1898 bpmentum,
1426 1818 1546 1882 clarius
1568 1818 1662 1881 etiarn
1682 1820 1851 1900 confirmat.
1870 1820 1895 1902 ¹)
1942 1820 2154 1900 Quamobrem,
2175 1822 2206 1885 si
2227 1823 2358 1902 apostoli
2378 1829 2407 1886 et

360 1914 362 1918 ’
397 1911 514 1970 creatos
540 1905 582 1970 ad
608 1906 687 1968 bona
712 1924 805 1985 opera
833 1924 912 1984 9999
934 1904 1156 1985 praeparauit,
1181 1908 1215 1966 ut
1244 1904 1280 1966 in
1307 1902 1374 1966 illis
1426 1905 1481 1984 qui
1502 1923 1552 1967 eos
1578 1905 1699 1982 sequuti
1726 1910 1800 1968 sunt
1823 1906 1964 1969 eccleciae
1985 1907 2120 1971 doctores
2146 1912 2311 1988 utrumque
2330 1908 2408 1989 fece·

314 2009 317 2020 ·
397 1992 588 2056 ambicionis
605 1990 705 2073 (Eph.
720 1993 748 2066 2,
765 1989 828 2072 10).
852 1989 895 2053 In
911 2010 1035 2053 summa
1052 1991 1107 2071 qui
1117 1990 1312 2054 mediocriter
1322 2007 1374 2051 ec·
1426 1994 1507 2067 runt,
1529 1993 1564 2051 ut
1581 1989 1618 2053 de
1639 1995 1765 2054 aeterna
1782 1991 1846 2055 Dei
1863 1991 2005 2054 electione
2015 1994 2071 2071 pie
2089 1993 2283 2070 dissererent,
2304 1999 2333 2057 et
2349 1994 2407 2058 sub

396 2077 517 2141 amur·
536 2077 665 2140 suntin
684 2075 794 2154 Paulo,
813 2076 926 2155 absque
946 2076 1037 2158 brrrpa
1051 2076 1308 2140 demonstratione
1324 2074 1373 2136 in·
1419 2076 1498 2156 piae
1518 2076 1599 2138 vitae
1619 2075 1790 2156 disciplina
1810 2077 1997 2141 continerent
2015 2078 2134 2157 fideles,
2162 2079 2239 2158 quid
2260 2085 2305 2142 est
2326 2080 2408 2159 quod

395 2162 528 2245 tellipent
548 2181 644 2242 quam
661 2167 731 2242 apte
750 2162 889 2226 conciliet
916 2181 995 2242 9999
1011 2163 1068 2226 isti
1092 2159 1214 2244 finpunt
1241 2163 1322 2225 inter
1342 2178 1375 2222 se
1426 2162 1541 2224 inoleta
1551 2161 1688 2225 conclusi
1697 2160 1842 2224 violentia
1853 2163 1994 2226 omitotis
2005 2163 2056 2228 illi
2067 2166 2165 2229 nostri
2178 2185 2211 2228 se
2220 2169 2298 2228 recte
2307 2166 2409 2229 dicere

391 2268 543 2331 pupnarc.
590 2247 750 2328 Praecipit
769 2246 911 2312 Obristus
931 2252 966 2311 ut
986 2249 1022 2311 in
1043 2267 1076 2312 se
1097 2249 1258 2326 credatm;
1281 2265 1375 2326 neque
1426 2246 1616 2324 existimant,
1638 2267 1699 2310 non
1719 2266 1784 2310 esse
1799 2247 1919 2327 populo
1934 2250 2200 2328 promicandum,
2221 2251 2280 2314 etsi
2300 2271 2408 2314 oerum

396 2340 500 2398 tannen
511 2335 559 2398 oel
568 2333 654 2415 falsa
670 2339 714 2398 est
724 2335 793 2405 eius
803 2334 952 2414 definitio,
970 2334 1017 2398 oel
1027 2339 1192 2415 praecepto
1207 2331 1374 2411 contraria,
1427 2333 1477 2409 sit,
1498 2332 1579 2411 qecod
1599 2333 1637 2396 de
1651 2333 1935 2413 praedestinatione
1955 2335 2098 2398 dicitur?
2132 2335 2202 2400 Irno
2216 2336 2408 2415 praedr'can·

397 2419 452 2483 ubi
473 2419 548 2483 dicit
566 2418 694 2503 (Ioann.
710 2422 738 2496 6,
757 2418 831 2503 44)·
853 2440 940 2485 nemo
950 2424 1050 2500 potest
1064 2421 1169 2484 venire
1186 2419 1229 2482 ad
1244 2438 1292 2481 me
1308 2417 1375 2483 nisi
1426 2419 1503 2482 dum
1524 2423 1568 2481 cst
1584 2439 1736 2499 prorsus:
1757 2423 1792 2482 ut
1813 2419 1869 2499 qui
1890 2418 1979 2484 babet
1999 2441 2094 2485 aures
2115 2422 2264 2486 audiendi
2286 2422 2405 2486 audiat.

397 2506 448 2569 cui
469 2505 577 2568 datrnn
596 2505 695 2586 fuerit
715 2526 736 2568 a
759 2505 856 2569 Patre
882 2526 956 2570 meo.
1003 2504 1140 2570 Gcnsnrm
1161 2505 1261 2588 ipitnr
1281 2524 1375 2568 suum
1431 2504 1510 2584 Quis
1531 2508 1635 2567 antem
1651 2503 1747 2582 babet,
1767 2505 1876 2568 sinon
1898 2507 2012 2587 accepit
2029 2506 2068 2569 ab
2086 2527 2119 2571 eo
2137 2508 2192 2586 999Ι
2208 2527 2241 2570 se
2258 2508 2409 2570 daturum

396 2591 506 2654 babeat
521 2592 725 2671 praedicatio,
747 2611 828 2671 qnae
850 2592 984 2655 adducat
1003 2590 1142 2655 bomines
1161 2592 1204 2655 ad
1223 2590 1325 2670 sideru,
1348 2595 1376 2655 et
1421 2589 1604 2668 promitit?
1640 2588 1725 2653 Certe
1746 2590 1801 2670 qui
1822 2611 1882 2654 non
1903 2592 2023 2671 accipit,
2046 2594 2186 2671 reiiciat,
2208 2593 2284 2656 dum
2305 2599 2408 2656 tamen

308 2706 313 2715 ·
396 2677 540 2740 continuo
566 2675 710 2758 profectu
737 2678 772 2739 in
790 2678 1026 2757 perseverantia
1058 2678 1216 2741 contineat.
1265 2676 1375 2758 Neque
1427 2675 1482 2754 qui
1502 2675 1601 2756 capit,
1626 2679 1730 2737 sumat
1748 2680 1776 2739 et
1796 2674 1893 2754 bibat,
1920 2676 2004 2740 bibat
2025 2683 2053 2741 et
2078 2681 2171 2742 ciaet.
2218 2677 2305 2742 Sicut
2325 2679 2408 2742 enirn

396 2767 499 2826 tamen
531 2762 720 2843 impediatur
745 2764 1044 2842 praedestinationis
1075 2764 1221 2844 oopnitio,
1253 2767 1288 2826 ut
1319 2763 1376 2843 oui
1422 2759 1640 2840 praedicanda
1666 2766 1711 2824 est
1732 2762 1854 2840 pietas,
1882 2767 1917 2825 ut
1944 2765 2003 2827 rite
2031 2765 2150 2828 colatur
2177 2763 2281 2842 Deus,
2309 2765 2408 2827 itaet

397 2849 539 2912 obediam
560 2867 622 2911 non
642 2853 792 2927 tanquam
812 2849 850 2912 de
872 2869 928 2913 suo
954 2849 1150 2928 snperbiam,
1178 2849 1232 2913 sed
1253 2848 1289 2913 in
1310 2848 1376 2913 Da
1421 2846 1676 2927 praedestinatio,
1699 2851 1734 2909 ut
1755 2848 1810 2926 qui
1831 2847 1919 2911 babet
1940 2869 2035 2913 aures
2056 2851 2220 2927 erudiendi,
2243 2851 2282 2914 de
2300 2851 2409 2932 pratia
2519 2924 2521 2929 ,
2551 2920 2570 2933 ι,

397 2935 482 2997 mino
500 2933 681 3015 plorientnr.
719 2933 792 2998 Non
814 2934 870 2998 abs
891 2955 925 2998 re
942 2934 1018 2998 dicit
1036 2932 1195 2998 Obristns:
1216 2935 1271 3015 qui
1287 2933 1376 2999 babet
1428 2931 1493 2997 Dei
1513 2932 1549 2995 in
1570 2930 1647 3009 Deo,
1670 2933 1732 2995 999
1753 2933 1788 2995 in
1807 2952 1840 2996 se
1858 2933 2014 3015 plorietur.

397 3039 492 3084 aures
514 3019 664 3082 andiernli
684 3020 799 3083 audiat
818 3019 954 3103 (matth.
977 3023 1024 3098 13,
1045 3019 1088 3102 9).
1125 3020 1211 3101 Erpa
1231 3021 1307 3083 dum
1324 3041 1375 3084 ec·
1518 3022 1565 3080 14.
1602 3016 1647 3081 Et
1666 3022 1770 3082 tamen
1785 3022 1821 3080 ut
1841 3019 2002 3100 sinputare
2018 3020 2247 3100 aedificationis
2267 3021 2410 3084 studium
2498 3030 2503 3047 ·’
2589 3012 2593 3019 ’

397 3105 559 3168 domamur
584 3109 613 3168 et
633 3105 868 3185 praedicamus,
897 3107 953 3188 qui
980 3105 1112 3170 auribus
1128 3107 1271 3187 praediti
1292 3113 1374 3186 sunt,
1427 3107 1532 3168 sancto
1558 3105 1627 3166 niro
1652 3104 1729 3184 suit,
1755 3105 1802 3167 sic
1828 3105 1955 3168 docendi
1981 3107 2047 3168 neri
2073 3107 2225 3170 rationem
2250 3111 2408 3186 temperat,

397 3190 524 3255 ubenter
551 3190 709 3270 obediunt·
735 3191 886 3272 quivero
913 3196 1029 3270 carent,
1063 3192 1099 3254 in
1125 3191 1192 3255 illis
1219 3192 1375 3273 impletur,
1428 3194 1463 3253 ut
1478 3190 1649 3270 pnrdenter
1669 3194 1814 3253 caueatur
1835 3191 1939 3270 quoad
1961 3191 2030 3255 licet
2051 3192 2184 3271 offensio.
2221 3191 2307 3255 Nam
2330 3211 2410 3272 9999

397 3276 478 3356 quod
494 3276 646 3355 scriptum
662 3281 707 3340 est
723 3275 800 3361 (Iee.
816 3279 844 3354 6,
865 3278 909 3361 9),
927 3282 961 3341 nt
978 3278 1138 3342 audientes
1154 3297 1216 3340 non
1233 3279 1374 3343 audiant.
1428 3295 1497 3338 oere
1523 3275 1683 3354 dicuntur,
1711 3281 1911 3358 eonprueuter
1938 3277 2038 3340 simul
2052 3297 2147 3357 posse
2172 3278 2237 3341 dici
2259 3278 2408 3341 99999999.

400 3360 465 3425 Gur
482 3367 592 3439 antem,
611 3363 713 3442 inquil
728 3361 931 3445 Aupustinus
944 3362 978 3445 ¹),
996 3363 1045 3427 illi
1063 3362 1203 3442 babeant,
1220 3364 1272 3428 illi
1289 3364 1374 3428 reon?
1431 3360 1469 3425 si
1489 3361 1562 3442 quis
1583 3361 1629 3424 ita
1647 3361 1765 3441 piebem
1791 3362 1959 3441 compellet:
1985 3364 2015 3425 si
2041 3383 2103 3426 999
2123 3362 2264 3442 creditis,
2285 3364 2353 3427 idco
2372 3362 2411 3442 rit

368 3464 375 3470 ·
398 3448 469 3528 quis
497 3449 631 3529 copnooit
656 3467 781 3512 sensum
801 3448 960 3513 Domini?
989 3451 1142 3530 numquid
1169 3451 1236 3514 ideo
1263 3470 1376 3533 99999-
1428 3447 1505 3527 quia
1526 3447 1594 3511 iam
1615 3448 1770 3512 diuinitus
1791 3449 1886 3512 eonio
1905 3449 2054 3513 destinati
2075 3449 2164 3527 estis,
2185 3450 2215 3512 is
2236 3469 2298 3514 non
2319 3449 2410 3513 modo

318 3580 321 3585 -
397 3535 474 3599 dum
495 3538 539 3596 est
559 3533 640 3613 quod
660 3539 804 3614 apertum
824 3541 877 3614 est,
898 3537 975 3616 quea
997 3535 1210 3616 comprehendi
1231 3556 1292 3600 non
1310 3539 1377 3617 pot-
1428 3533 1591 3615 99999999
1609 3533 1702 3614 fovet,
1731 3533 1899 3597 sedetiam
1920 3534 2058 3616 indulpet
2079 3535 2227 3599 malitiae.
2275 3534 2313 3598 Si
2337 3535 2411 3617 qun

398 3619 547 3699 estquod
574 3618 721 3682 oocedtum
747 3619 816 3684 est?
861 3621 948 3686 Haec
974 3621 1106 3703 fideliter
1131 3641 1170 3686 en
1196 3621 1376 3704 Aupustino
1429 3620 1464 3683 in
1489 3618 1635 3700 futurum
1660 3639 1780 3700 999999
1803 3624 1925 3700 ternpus
1950 3621 2133 3684 sententiam
2155 3621 2305 3700 armam,
2328 3620 2411 3701 quod

397 3705 505 3783 retuli,
536 3704 591 3768 sed
618 3706 695 3784 quic
716 3705 793 3787 plns
818 3708 897 3788 forte
924 3709 1104 3772 autoritatis
1129 3707 1280 3771 nabebunt
1307 3708 1376 3772 eius
1428 3725 1490 3768 non
1517 3705 1582 3769 sint
1607 3706 1757 3769 credituri
1784 3706 1839 3786 qui
1865 3706 2013 3784 audiunt,
2039 3706 2117 3787 quia
2142 3707 2298 3788 reprobati
2325 3711 2408 3782 sunt,

396 3790 488 3855 cerba
516 3809 611 3870 qnam
637 3811 720 3869 mea,
746 3793 879 3873 apedum
901 3794 1056 3873 prodeant
1077 3795 1112 3856 in
1139 3795 1276 3858 medium
1297 3813 1376 3874 quae
1427 3791 1610 3871 imprecatio
1637 3792 1697 3855 erit
1722 3791 1828 3872 mapis
1851 3812 1947 3871 quam
1977 3793 2126 3856 doctrino.
2179 3793 2273 3857 Tales
2304 3794 2410 3873 itaque

397 3877 485 3958 apud
510 3876 616 3954 ipsum
641 3876 793 3958 lepuntur.
840 3874 1006 3959 Numquid
1031 3880 1061 3942 si
1089 3879 1143 3944 boc
1169 3879 1276 3944 audito
1301 3899 1377 3943 non-
1428 3876 1630 3959 Aupustinus
1657 3897 1718 3939 non
1744 3877 1897 3941 immerito
1924 3883 2075 3958 tanlquam
2099 3879 2148 3942 cel
2174 3879 2313 3944 insulsos
2339 3879 2410 3944 aco

397 3961 478 4026 nulli
505 3962 540 4023 in
566 3966 718 4042 torporem
744 3965 961 4045 sepnitiemoue
987 3970 1159 4045 notantur,
1181 3971 1209 4030 et
1231 3988 1252 4029 a
1273 3965 1376 4029 labore
1427 3968 1522 4041 tores,
1546 3963 1594 4026 nel
1620 3963 1767 4025 sinistros
1795 3967 1823 4025 et
1849 3964 2003 4028 ominosas
2023 3963 2192 4045 propbetas
2217 3964 2256 4027 ab
2282 3964 2411 4029 ecclesia

391 4047 546 4129 proclives
568 4048 611 4111 ad
630 4046 790 4112 libidinem
807 4055 879 4129 post
898 4051 1161 4131 concupiscentias
1180 4057 1264 4129 cant,
1281 4071 1377 4131 prop
1428 4048 1511 4112 iubet
1527 4048 1686 4129 facessere.
1722 4048 1899 4113 Tenendum
1920 4050 2046 4128 quidem
2066 4070 2135 4114 nere
2152 4049 2230 4114 alibi
2248 4049 2409 4129 contendit,

397 4141 481 4197 terea
502 4135 540 4198 de
555 4134 769 4212 praescientia
790 4134 854 4199 Dei
879 4136 1001 4217 falsum
1024 4137 1204 4217 pellandum
1229 4136 1376 4216 estquod
1428 4135 1510 4216 quod
1540 4139 1611 4197 tnnc
1643 4135 1822 4198 correctione
1847 4135 1973 4217 proficit
1997 4135 2084 4199 bomo
2117 4156 2215 4217 quum
2245 4137 2410 4199 miseretur

397 4221 515 4284 dictum
531 4219 600 4283 est?
636 4219 748 4282 Nonne
762 4221 793 4283 si
811 4220 902 4285 Dens
918 4222 990 4285 illos
1005 4222 1098 4285 bonos
1117 4222 1185 4303 fore
1195 4222 1376 4303 praescivit,
1429 4226 1520 4300 estque
1541 4219 1672 4283 adiuvat
1692 4220 1747 4298 qni
1765 4219 1843 4300 facit
1869 4240 1945 4301 quos
1971 4221 2101 4285 voluerit
2129 4225 2223 4286 etiam
2250 4222 2318 4285 sine
2345 4239 2409 4282 cor·

400 4306 469 4369 boni
492 4310 598 4382 murt,
626 4305 661 4368 in
682 4306 871 4386 qnamatibct
891 4327 975 4373 nunc
996 4307 1120 4372 malitia
1138 4312 1313 4386 versertur,
1340 4312 1376 4385 et,
1428 4307 1565 4385 reptione
1576 4305 1736 4386 proficere.
1773 4304 1836 4371 Sed
1856 4327 1955 4388 qnare
1976 4309 2031 4371 isti
2052 4309 2107 4384 sic,
2127 4308 2178 4371 illi
2199 4306 2307 4369 aliter:
2329 4304 2410 4369 absit

399 4393 429 4455 si
457 4392 555 4456 malos
580 4392 649 4472 sore
670 4393 858 4471 praescivit,
891 4393 969 4457 mali
995 4398 1100 4471 eruent,
1128 4394 1163 4457 in
1188 4392 1379 4473 orcantalibet
1429 4397 1464 4455 ut
1485 4392 1628 4456 dicamus
1647 4392 1800 4455 iudicium
1818 4393 1877 4458 luti
1896 4413 1961 4458 esse
1976 4414 2038 4457 non
2053 4393 2151 4475 fipuli.
2189 4391 2269 4454 Ilem
2285 4395 2411 4471 postea:

399 4498 481 4540 nnnc
496 4478 626 4541 bonitate
642 4479 832 4542 cernantur?
861 4478 1030 4559 Numquid
1046 4499 1115 4562 erpo
1126 4485 1256 4560 propter
1269 4478 1378 4542 inius-
1429 4497 1525 4559 99999
1546 4477 1685 4542 tornines
1699 4499 1759 4558 per
1785 4480 2004 4560 correptionem
2024 4481 2061 4542 in
2081 4479 2167 4541 oiam
2193 4477 2334 4541 iustitiae
2355 4497 2411 4541 sen

399 4564 484 4625 ncodi
504 4583 633 4640 causas,
654 4583 733 4644 9999
754 4565 791 4629 de
806 4567 1018 4645 praescientia
1039 4565 1103 4631 Dei
1124 4586 1200 4629 oera
1218 4565 1376 4643 dicuutur,
1429 4565 1558 4627 veniunt
1588 4584 1643 4627 seu
1674 4569 1885 4645 revertuntur,
1918 4566 1991 4646 quis
2024 4569 2169 4643 operatur
2198 4563 2234 4624 in
2266 4562 2411 4627 cordibus

400 4647 446 4711 cel
467 4648 610 4727 9999919
630 4655 704 4714 sunt
724 4651 772 4714 oet
791 4651 943 4716 tacenda?
966 4657 1038 4717 tnnc
1057 4652 1173 4716 scilicet
1193 4651 1325 4731 quarulo,
1347 4651 1378 4714 si
1429 4670 1536 4714 eornm
1556 4649 1695 4730 satutem,
1717 4653 1784 4715 nisi
1804 4651 1857 4716 ille
1878 4652 1933 4732 qni
1953 4649 2083 4730 quolibet
2098 4648 2262 4727 plantante
2282 4652 2311 4711 et
2332 4648 2411 4712 irri-

400 4754 461 4795 999
483 4732 636 4811 dicamur,
658 4737 692 4797 in
721 4736 801 4801 alios
825 4738 893 4803 itur
919 4737 1062 4802 errores?
1101 4737 1195 4815 Alia,
1225 4737 1377 4820 inanit,²)
1427 4741 1522 4818 ponte
1552 4737 1608 4800 dot
1639 4737 1888 4801 incrementum?
1928 4737 1978 4799 cui
2010 4733 2120 4798 nolani
2153 4732 2278 4796 salvum
2308 4734 2410 4814 facere

400 4818 483 4883 ratio
501 4821 544 4879 est
564 4838 672 4881 oerum
689 4823 819 4901 tacendi,
842 4824 918 4902 alia,
939 4844 1048 4888 oerum
1064 4824 1188 4888 dicendi
1204 4824 1377 4887 necessitas.
1430 4822 1554 4886 rentium
1581 4821 1717 4886 bominis
1743 4824 1861 4887 resistit
1886 4821 2017 4885 liberum
2044 4818 2220 4882 arbitrium.
2266 4818 2340 4883 Non
2366 4825 2411 4884 est

404 4904 526 4968 Causas
552 4922 661 4965 omnm
688 4909 807 4970 tacendi
834 4910 960 4993 lonpum
986 4915 1062 4975 esset
1089 4929 1192 4974 omnes
1213 4928 1379 4989 quaerere3
1430 4909 1536 4988 itaque
1556 4906 1778 4985 dubitandum,
1805 4906 1955 4970 voluntati
1975 4903 2040 4968 Dei
2069 4902 2198 4988 (quiin
2224 4905 2304 4970 coelo
2325 4910 2353 4970 et
2373 4907 2410 4970 in

345 5008 348 5015 ·
401 5009 536 5070 quarum
557 4993 659 5051 tamen
680 4995 725 5053 est
746 4991 819 5056 baec
839 5015 918 5074 una,
931 5016 978 5059 ‘ne
994 4997 1118 5076 peiores
1138 4996 1219 5074 nane
1239 4996 1294 5076 qni
1316 5015 1378 5058 999
1431 4999 1517 5058 terra
1538 5013 1736 5074 9999999999
1757 4993 1853 5056 coluit
1871 4991 1952 5071 fecit,
1973 4995 2001 5053 et
2018 4991 2073 5070 oui
2089 4991 2183 5053 etiarn
2199 5011 2279 5071 quae
2297 4990 2412 5072 futura

401 5076 587 5157 intelliount,
609 5075 685 5139 dum
700 5077 843 5141 oduinus
859 5100 910 5143 eos
926 5083 982 5160 qni
998 5082 1172 5164 intellipunt
1190 5081 1293 5162 facere
1310 5083 1379 5146 doc·
1431 5085 1504 5144 sunt
1517 5079 1604 5164 fecit)
1622 5080 1777 5143 bumanas
1796 5076 1963 5140 noluntates
1979 5096 2039 5139 999
2055 5096 2149 5156 posse
2164 5077 2316 5155 resistere,
2338 5097 2411 5157 999

402 5164 510 5239 tiores,·
532 5161 587 5241 oui
608 5159 698 5224 nobis
718 5161 778 5225 tale
799 5163 924 5242 alicuid
943 5166 1121 5229 dicentibus
1141 5167 1290 5230 doctiores
1311 5168 1380 5248 qui·
1431 5167 1538 5229 minus
1546 5167 1646 5247 saciat
1656 5161 2302 5243 ipsequodoult5quandoquidemdeipsis
2311 5162 2409 5226 bomi-

402 5248 470 5311 dem
488 5267 549 5310 non
563 5246 652 5326 fiunt,
671 5247 725 5311 sed
741 5265 796 5310 nec
811 5248 986 5312 redduntur
997 5251 1129 5329 peiores.
1156 5252 1259 5331 Quum
1276 5258 1380 5316 99999
1432 5271 1508 5314 num
1523 5250 1728 5315 oolrrntatibus
1740 5247 1991 5328 quodvultsacit.
2020 5246 2115 5311 Item:
2131 5268 2226 5328 quum
2237 5247 2410 5310 9999999-

402 5352 452 5398 res
472 5354 548 5397 vera
570 5333 616 5396 ita
637 5353 670 5397 se
691 5332 792 5410 babet,
820 5337 856 5396 ut
873 5333 932 5414 fiat
945 5334 1051 5413 peior,
1078 5334 1168 5399 nobis
1188 5356 1257 5399 earn
1276 5338 1379 5401 dicen-
1432 5357 1497 5400 cere
1525 5335 1675 5409 tornines,
1699 5332 1852 5412 numquid
1880 5332 2093 5412 corporalibus
2117 5334 2251 5398 vinculis
2271 5331 2407 5414 albicat?

403 5418 499 5497 tibus,
525 5419 580 5500 qui
606 5440 715 5501 capere
740 5440 800 5484 non
817 5424 933 5500 potcst,·
961 5416 1050 5482 nobis
1077 5423 1180 5482 autern
1203 5421 1379 5499 tacentibus,
1432 5422 1518 5485 intus
1533 5421 1606 5502 opit,
1629 5419 1715 5482 intus
1731 5418 1825 5483 eorda
1842 5424 1933 5499 tenet,
1956 5420 2042 5484 intus
2059 5420 2154 5484 corda
2170 5421 2278 5495 movet,
2300 5436 2409 5497 eosque

474 5694 501 5759 1)
520 5695 593 5746 99.
612 5694 645 5746 ne
664 5695 898 5764 conopoeum
918 5693 959 5747 a.
1029 5690 1166 5759 9919.
1332 5667 1342 5680 “
1502 5693 1531 5758 1)
1549 5693 1641 5746 niusa
1659 5693 1723 5745 nnn
1740 5709 1761 5745 a
1780 5692 1822 5746 no.
