5600 6809
418 758 483 854 4911
1027 791 1029 796 ·
1064 747 1330 814 INSTITUTIO
1352 748 1456 814 REL.
1480 749 1661 816 CHRIST.
1687 755 1776 815 1559.
2364 756 2425 816 500

419 941 501 1005 16161
524 939 655 1021 spiritu,
680 941 838 1021 sequitur,
862 941 1016 1023 spiritum
1038 960 1107 1003 esse
1130 938 1241 1021 ignem
1263 937 1397 1000 illuma
1449 941 1478 1000 61
1509 938 1644 1002 saeculis
1678 938 1820 1002 munibus
1852 939 1937 1002 iusta
1963 939 2065 1020 fuisse
2090 938 2191 1002 soluta
2219 941 2365 1015 mortuis,
2399 947 2428 1004 et

420 1048 483 1176 ppo
504 1025 738 1109 probabuntur.
784 1024 887 1090 Ouius
909 1024 1134 1108 probationem
1156 1030 1251 1087 vocat
1272 1022 1397 1086 Paulus
1450 1023 1603 1086 lustratas
1622 1025 1789 1104 quotannis
1808 1023 1909 1104 fuisse
1930 1045 2037 1089 aarum
2053 1025 2188 1088 animas.
2232 1023 2306 1088 Etsi
2327 1031 2429 1091 autem

445 1112 508 1175 'em
534 1111 686 1189 Domini,
715 1111 849 1195 vulgato
878 1113 1057 1193 scripturae
1085 1131 1157 1174 666.
1202 1108 1283 1172 Dies
1310 1108 1397 1172 enim
1449 1107 1501 1172 1116
1516 1109 1704 1191 praestipiis
1725 1109 1834 1174 statim
1860 1110 2005 1174 mortales
2028 1109 2141 1174 delusit
2161 1113 2268 1187 satan,
2295 1112 2428 1191 1111166111

419 1196 557 1262 Domini
583 1217 654 1260 esse
682 1196 800 1261 dieitur
828 1198 954 1279 quoties
983 1218 1076 1260 suam
1098 1195 1315 1277 praesentiam
1338 1193 1397 1257 ho·
1449 1199 1552 1257 tamen
1572 1195 1759 1260 occasimem
1785 1215 1824 1258 66
1853 1201 1932 1260 recto
1948 1196 2109 1277 principio
2130 1197 2278 1277 sumpsit:
2304 1203 2429 1261 mortun

421 1282 567 1346 minibus
597 1282 704 1364 aliquo
731 1282 826 1345 modo
849 1283 1043 1346 manifestat.
1089 1282 1176 1346 Tum
1197 1301 1275 1346 vero
1297 1279 1398 1361 potis·
1450 1299 1512 1343 non
1533 1299 1599 1344 esse
1619 1281 1793 1359 1616111661,
1816 1281 1870 1345 sed
1891 1282 2059 1347 transitum
2080 1301 2118 1345 66
2139 1281 2196 1346 baa
2217 1283 2282 1346 uita
2303 1283 2429 1348 inulte

422 1369 542 1434 simum
573 1369 671 1432 166166
704 1370 774 1432 6166
807 1368 907 1444 16661,
940 1367 996 1431 ubi
1024 1368 1146 1432 veritas
1175 1367 1245 1430 eius
1277 1364 1396 1429 illucet.
1449 1384 1529 1428 ram.
1563 1365 1629 1429 Nec
1649 1364 1781 1431 11611616
1802 1372 1846 1430 661
1867 1367 1944 1446 9616
1962 1368 2090 1450 perutiles
2111 1368 2206 1431 eliam
2226 1368 2299 1447 ipsa
2321 1389 2429 1449 super·

422 1455 495 1518 Iam
518 1455 660 1518 evictum
678 1462 736 1532 est,
760 1475 826 1516 non
843 1453 944 1516 alium
959 1475 1029 1518 esse
1041 1454 1152 1535 ignem
1163 1452 1277 1529 Paulo,
1300 1472 1398 1532 quam
1450 1451 1534 1515 stitia
1556 1453 1707 1516 conuictos
1727 1452 1814 1534 apud
1831 1450 1895 1516 Dei
1915 1453 2053 1517 tribunal
2073 1457 2180 1532 166661,
2202 1455 2283 1534 quod
2303 1454 2430 1536 suturae

424 1541 557 1622 spiritus
580 1540 685 1604 sancti
702 1559 848 1603 examen.
883 1537 1056 1618 Quomodo
1079 1545 1190 1603 autem
1211 1537 1399 1620 perignem
1451 1537 1541 1615 citae,
1563 1557 1659 1618 quam
1675 1557 1708 1600 se
1724 1538 1845 1602 61611616
1859 1536 2096 1619 profitebantur,
2114 1559 2222 1603 curam
2238 1540 2430 1623 negligerent.

423 1625 520 1688 illum
546 1625 628 1689 salvi
657 1626 754 1703 fiunt,
789 1626 845 1706 qui
877 1626 983 1706 operis
1015 1625 1177 1689 iactmam
1204 1619 1397 1706 patiuntur?
1453 1621 1526 1686 Iam
1542 1643 1581 1686 ne
1597 1622 1760 1688 deteriores
1777 1629 1876 1688 esseut
1887 1624 2035 1706 91616616
2051 1624 2227 1689 bominibus
2246 1623 2430 1705 Christiani,

424 1710 465 1775 Id
487 1713 595 1792 ipsum
615 1710 797 1792 intelligere
817 1731 885 1774 non
907 1711 970 1774 erit
992 1709 1135 1787 difficile,
1165 1709 1194 1773 si
1216 1706 1399 1772 considere·
1445 1708 1565 1791 9611611
1591 1728 1641 1772 666
1666 1708 1790 1772 nullium
1815 1711 1949 1774 61611616
1977 1710 2116 1792 officium
2138 1716 2316 1791 praestare,
2344 1713 2432 1787 acsi

424 1818 499 1861 mus
526 1795 566 1859 de
592 1815 669 1876 quo·
684 1816 805 1878 genere
833 1796 1004 1860 hominum
1025 1796 1185 1877 loquatur.
1231 1791 1400 1876 Siquidem
1446 1795 1575 1876 9661166
1595 1794 1739 1858 exstincti
1758 1794 1867 1874 serent.
1902 1793 1987 1860 Hinc
2008 1796 2088 1860 61616
2110 1796 2250 1860 cornuta
2267 1797 2433 1862 sedulitas:

425 1901 481 1946 eos
503 1881 656 1944 ecelesiae
679 1881 873 1946 architectos
896 1889 991 1946 notat
1011 1882 1081 1963 qui,
1104 1887 1231 1945 retento
1253 1878 1400 1962 legitimo
1453 1880 1529 1960 quia
1550 1880 1580 1942 si
1595 1881 1688 1963 piqri
1709 1884 1808 1944 essent
1828 1881 1864 1943 16
1885 1881 2038 1945 curandis
2057 1881 2238 1961 funeribus,
2266 1883 2302 1946 16
2331 1883 2432 1964 666116

424 1960 651 2043 hindam'ente,
683 1965 845 2048 disparem
872 1968 1044 2032 materiam
1067 1972 1311 2049 superstruunt:
1340 1965 1401 2027 hoc
1453 1971 1480 2030 et
1507 1965 1725 2043 6116116611616,
1754 1966 1909 2046 putabant
1936 1986 2104 2050 66166966
2121 1968 2235 2047 probro
2257 1971 2432 2049 expositum

426 2061 489 2129 661,
518 2053 575 2133 qui
593 2072 661 2116 non
683 2051 890 2117 deflectentes
912 2074 932 2116 a
952 2054 1136 2136 praecipuis
1157 2059 1191 2116 et
1211 2050 1403 2115 necessariis
1453 2052 1507 2116 iri.
1554 2051 1641 2131 Quod
1673 2055 1777 2115 661616
1809 2071 1847 2114 ex
1874 2072 2027 2132 peruersa
2059 2053 2264 2118 aemulatione
2286 2056 2430 2134 1116116161,

425 2137 502 2202 fidei
524 2138 693 2219 capitibus,
715 2139 751 2200 in
769 2139 957 2218 minoribus,
980 2160 1040 2202 nec
1056 2140 1105 2202 ita
1121 2137 1311 2220 periculosis
1329 2135 1402 2199 hal·
1453 2137 1544 2202 661116
1564 2135 1695 2201 66116116
1711 2137 1906 2201 incrementis
1927 2139 1973 2203 sic
1990 2143 2115 2203 auctmn
2131 2144 2183 2217 661,
2205 2144 2240 2203 ut
2255 2141 2431 2220 praecipua

424 2223 628 2301 lueinantur,
663 2231 848 2288 commenta
874 2246 935 2289 sua
955 2225 1021 2289 Dei
1047 2224 1146 2289 verbo
1175 2223 1400 2287 admiscentes.
1453 2223 1605 2288 sanctitas
1616 2227 1759 2302 papatus
1775 2223 1961 2287 6116611616
1978 2223 2190 2288 laborantibus
2207 2246 2295 2306 opem
2309 2226 2430 2306 6116116.

426 2309 532 2387 Tales,
554 2309 700 2391 inquam,
728 2310 835 2391 operis
857 2311 1017 2375 iacturam
1039 2311 1303 2391 laceremportet,
1326 2307 1403 2371 abo·
1454 2309 1581 2372 Verum
1603 2306 1692 2372 aliud
1713 2307 1865 2371 solatium
1886 2308 1984 2392 longe
2002 2309 2120 2374 melius
2142 2330 2180 2374 aa
2197 2311 2332 2376 solidius
2354 2333 2431 2393 sup-

426 2394 493 2459 litis
520 2415 634 2458 eorum
655 2397 865 2475 commentis;
894 2397 957 2478 ipsi
980 2403 1089 2460 autem
1112 2396 1196 2460 salvi
1216 2396 1317 2471 fiunt,
1345 2390 1403 2457 sed
1455 2392 1580 2477 peditat
1602 2394 1771 2474 scriptura,
1794 2416 1896 2476 quum
1914 2394 2024 2460 beatos
2041 2404 2187 2461 mortuos
2204 2403 2354 2474 testatur,
2376 2397 2431 2479 qui

426 2481 520 2562 quasi
540 2501 599 2561 per
620 2480 745 2563 ignem,
780 2480 841 2546 hoe
864 2490 927 2557 est,
960 2502 1028 2546 non
1054 2481 1140 2564 quod
1169 2500 1283 2544 eorum
1308 2480 1403 2562 igno-
1453 2482 1491 2544 in
1512 2479 1656 2543 Domino
1678 2479 1864 2543 moriuntur
1885 2479 2002 2564 (Apoc.
2025 2486 2073 2558 14,
2095 2481 2159 2566 13).
2203 2483 2250 2546 Et
2270 2483 2432 2547 rationem

425 2567 535 2630 rantis
557 2572 591 2628 et
612 2565 823 2630 hallucinatio
851 2587 960 2631 661616
982 2568 1125 2633 Domino
1145 2567 1189 2631 sit
1209 2563 1401 2647 probabilis;
1455 2563 1560 2630 addit:
1603 2565 1680 2646 quia
1718 2586 1759 2629 ex
1793 2585 1831 2629 eo
1865 2568 2072 2649 requiescunt
2105 2589 2126 2632 6
2157 2567 2323 2634 laboribus
2355 2570 2430 2632 suis.

425 2650 483 2716 sed
504 2651 581 2732 quia
603 2652 737 2732 spiritus
759 2654 864 2717 saneti
886 2654 992 2736 gratia
1012 2661 1046 2717 et
1066 2654 1188 2718 virtute
1210 2651 1250 2715 ab
1272 2650 1331 2714 illa
1351 2662 1403 2713 re·
1455 2650 1570 2715 Amori
1598 2657 1707 2714 autem
1734 2657 1846 2714 nostro
1874 2672 1941 2716 non
1962 2652 2119 2718 debemus
2141 2675 2179 2718 66
2201 2676 2303 2736 usque
2323 2654 2432 2718 indul-

425 2743 618 2819 purgantur.
663 2736 807 2802 Proinde
828 2739 1011 2821 quicunque
1034 2759 1167 2803 auream
1190 2735 1293 2802 divini
1311 2734 1404 2802 verbi
1455 2757 1547 2820 gere,
1575 2743 1614 2798 ut
1639 2757 1832 2849 perversum
1860 2736 1975 2802 orandi
2000 2760 2124 2803 61616111
2147 2741 2181 2804 16
2206 2741 2341 2805 ecclesia
2368 2740 2431 2804 eri-

426 2822 602 2904 puritatem
624 2823 686 2886 isto
707 2823 890 2906 purgatorii
912 2831 1052 2888 stercore
1074 2825 1274 2901 infecerunt,
1297 2822 1404 2904 operis
1455 2843 1580 2906 gamus.
1628 2822 1713 2886 terte
1734 2823 1881 2904 quisquis
1902 2824 2050 2889 mediocri
2069 2825 2239 2908 prudentia
2255 2825 2360 2905 pollet,
2379 2825 2430 2905 fa

425 2908 586 2972 iacturam
608 2909 713 2972 facere
735 2929 867 2973 neeesse
890 2916 947 2973 est.
1455 2909 1512 2974 cile
1534 2909 1680 2990 69666611,
1702 2908 1856 2988 quidquid
1877 2908 1915 2972 de
1935 2909 2048 2974 16616
2069 2912 2181 2993 1691161
2201 2911 2288 2991 apud
2308 2915 2429 2986 6616166,

515 2997 562 3056 10.
609 2995 654 3057 At
686 2995 908 3059 vetustissima
939 2995 1001 3058 fuit
1029 2995 1181 3060 eeclesiae
1210 2993 1403 3059 observatio.
1450 2991 1576 3078 publico
1596 2995 1676 3056 mori
1696 2999 1725 3057 et
1742 2995 1827 3076 66191
1844 2995 2020 3077 inperitiae
2035 2996 2136 3076 fuisse
2153 2995 2269 3059 1161661.
2298 2995 2430 3074 Abrepti

426 3079 523 3143 Hanc
545 3079 759 3143 abiectionem
781 3079 879 3146 solvit
900 3080 1036 3159 Paulus,
1062 3081 1140 3145 dum
1163 3102 1256 3144 suam
1278 3099 1404 3163 quoque
1456 3079 1552 3144 etiam
1572 3079 1651 3158 ipsi,
1679 3080 1795 3160 fateor,
1823 3080 1859 3143 iu
1878 3100 2015 3145 errarem
2029 3080 2171 3161 1661661·
2203 3083 2314 3161 uernpex
2327 3085 2361 3143 ut
2382 3081 2430 3143 im

426 3171 566 3228 aetatem
585 3165 620 3226 in
638 3184 676 3229 ea
693 3167 855 3230 sententia
873 3166 1128 3248 comprehendit,
1147 3165 1204 3230 ubi
1221 3165 1403 3242 denuntiat,
1456 3165 1652 3230 6666116616
1683 3165 1851 3230 aeacidae
1871 3167 2005 3247 priamo
2031 3166 2148 3230 iudicia
2176 3166 2250 3231 solet
2271 3166 2432 3230 1166116616

426 3250 585 3313 iacturam
620 3250 726 3332 operis
752 3252 803 3315 sui
830 3252 937 3317 faeere
964 3259 1113 3333 oportere
1141 3272 1254 3317 omnes
1283 3253 1339 3334 qui
1368 3251 1404 3313 in
1456 3255 1577 3314 mentes.
1621 3248 1748 3315 Interea
1775 3270 1870 3331 quam
1896 3251 2084 3324 (1611166161
2092 3271 2201 3331 preces
2216 3273 2279 3332 pro
2300 3252 2433 3316 martiris

426 3335 581 3400 ecclesiae
609 3343 773 3401 structura
802 3337 924 3420 aliquid
952 3337 1164 3402 fundamento
1189 3338 1300 3401 minus
1326 3357 1403 3401 con·
1456 3335 1662 3401 commerdent
1682 3335 1860 3417 1661161966
1878 3336 2073 3401 demmstrat.
2118 3336 2280 3403 Mouieam
2301 3342 2433 3401 matrem

426 3428 619 3486 sentaneum
652 3423 829 3505 posuerint.
885 3422 998 3503 Quum
1030 3444 1108 3507 ergo
1140 3423 1222 3488 mihi
1249 3424 1406 3489 obiiciunt
1456 3441 1549 3486 suam
1576 3421 1730 3486 inlibris
1749 3422 1975 3504 assessionem
1996 3421 2198 3507 Augustinus
2217 3428 2329 3487 661161
2350 3422 2434 3486 66116

427 3506 615 3585 adversarii,
642 3517 717 3572 ante
736 3508 827 3572 mille
849 3515 1065 3575 61116666166
1087 3528 1404 3590 annosusurecep·
1455 3511 1573 3572 menter
1592 3527 1717 3590 rogasse
1743 3512 1778 3571 ut
1805 3508 1858 3572 661
1882 3508 2034 3572 mensoria
2059 3510 2096 3573 iu
2115 3509 2305 3593 peragendis
2325 3514 2433 3590 619616-

427 3599 499 3658 1661
520 3594 629 3671 1111666,
652 3601 693 3658 ut
712 3595 914 3676 precationes
935 3597 1053 3659 fierent
1074 3616 1133 3678 pro
1155 3595 1324 3674 defunctis,
1349 3614 1404 3657 eos
1455 3595 1517 3657 riis
1540 3592 1690 3674 116161611
1712 3593 1820 3658 611616.
1864 3593 1961 3659 Anile
1984 3594 2221 3662 sucu-raum
2242 3595 2434 3675 9661111166

428 3679 571 3744 vicissim
592 3679 773 3763 interrogo,
796 3701 860 3762 quo
882 3681 948 3745 Dei
969 3682 1083 3761 verbo,
1106 3701 1171 3764 qua
1193 3681 1403 3758 revelatione,
1455 3699 1518 3742 666
1548 3679 1648 3760 erepit
1679 3679 1722 3743 611
1748 3698 1892 3745 narniam
1918 3680 2106 3762 6666116166,
2137 3683 2192 3748 sed
2212 3701 2276 3761 pro
2303 3686 2435 3744 6616166

428 3783 491 3845 quc
514 3765 663 3847 exemplo
686 3767 868 3831 1661616611.
904 3767 1018 3849 Neque
1039 3768 1127 3847 66161
1149 3767 1203 3831 hic
1225 3767 1405 3847 6611616166
1457 3765 1567 3846 affectu
1581 3763 1717 3844 probari
1738 3764 1815 3830 aliis
1835 3766 1939 3831 uoluit.
1980 3767 2076 3832 1111161
2097 3773 2200 3832 auum
2221 3769 2259 3832 de
2279 3788 2356 3831 eura
2372 3785 2434 3846 pro

429 3849 614 3913 testimonia
636 3849 753 3916 desunt
774 3859 921 3931 tantum,
950 3853 1007 3918 sed
1028 3873 1241 3935 quaecunque
1267 3852 1334 3917 11116
1357 3851 1404 3915 le·
1455 3851 1589 3915 mortuis
1611 3850 1740 3932 6966116,
1762 3852 1801 3916 ab
1822 3873 1856 3916 eo
1872 3853 2057 3935 6666661166
2075 3857 2117 3918 161
2133 3853 2351 3918 166616116666
2368 3871 2434 3916 acu

429 3941 555 4018 guntur
587 3944 772 4000 sanctorum
805 3939 972 4022 exempla,
1005 3939 1089 4003 nihil
1118 3938 1184 4002 tale
1216 3937 1403 4002 ostendunt.
1457 3937 1545 4015 11661,
1572 3940 1607 3999 61
1627 3955 1685 4000 suo
1709 3935 1828 4020 frigore
1855 3939 1964 4003 merito
1991 3939 2096 4003 11611661
2116 3938 2433 4003 616111661166161616

428 4020 481 4084 Ι)6
502 4019 593 4084 16616
615 4027 648 4084 61
670 4023 775 4088 officio
797 4025 987 4107 sepulturae
1009 4024 1172 4089 habentur
1192 4024 1260 4089 11116
1281 4023 1404 4088 multae
1457 4022 1662 4105 6661169666,
1685 4024 1716 4087 61
1737 4025 1809 4104 qius
1828 4028 2020 4088 mortuorum
2035 4030 2192 4104 patronus
2213 4045 2277 4088 esse
2298 4025 2431 4103 appetat,

429 4112 462 4171 et
481 4104 648 4169 interdum
671 4107 788 4190 longae
806 4112 1010 4174 narrationes
1017 4134 1026 4190 ;
1048 4110 1089 4175 de
1110 4110 1260 4192 precibus
1281 4130 1325 4174 ne
1345 4110 1405 4173 mi·
1454 4107 1588 4190 frigidis
1617 4113 1694 4173 66116
1717 4108 2044 4175 uerisimilitudimbns
2074 4130 2196 4179 securos
2227 4109 2342 4183 16111161,
2376 4106 2432 4184 qui

428 4191 556 4256 nimum
585 4191 716 4274 quidem
744 4195 869 4275 apicem
890 4195 1011 4260 videas.
1054 4195 1157 4279 Atqui
1186 4216 1250 4278 quo
1270 4195 1405 4260 maioris
1450 4195 1549 4276 prius
1570 4200 1658 4258 61661
1677 4194 1810 4261 solliciti.
1842 4195 1930 4261 Haec
1949 4196 2033 4260 enim
2052 4217 2119 4261 666
2139 4195 2331 4276 6611611616,
2355 4191 2432 4270 quia

428 4277 589 4340 momenti
611 4299 663 4343 res
685 4287 750 4358 est,
778 4301 816 4344 eo
842 4282 948 4364 magis
970 4281 1126 4346 1161166161
1148 4281 1404 4347 commemorari
1456 4279 1593 4345 inuoluit
1612 4281 1796 4346 6666661616
1816 4286 1852 4344 ut
1869 4301 1978 4362 preces
1993 4280 2197 4346 adhibeantur
2211 4299 2275 4358 pra
2290 4277 2431 4351 mortuis,

429 4363 539 4445 Atque
567 4363 631 4445 ipsi
659 4365 759 4429 etiam
781 4373 910 4430 veteres
932 4367 988 4449 qui
1009 4388 1122 4451 preces
1143 4367 1324 4433 fundebant
1345 4388 1405 4450 pro
1456 4385 1518 4429 non
1539 4386 1604 4431 esse
1624 4367 1832 4447 6961666166
1852 4366 1906 4432 boc
1927 4366 2071 4449 6111616111.
2117 4364 2284 4440 Caeterum,
2308 4368 2342 4424 61
2363 4382 2432 4426 com

429 4449 581 4528 mortuis,
611 4457 645 4513 ct
665 4450 819 4515 mandato
840 4452 920 4530 Dei,
949 4460 983 4516 et
1011 4453 1156 4536 legitimo
1179 4453 1329 4536 exemplo
1351 4453 1405 4518 1116
1457 4451 1564 4517 tedam
1584 4454 1713 4517 66166116
1734 4453 1876 4518 ecclesiae
1897 4450 2099 4532 semptembris
2121 4451 2215 4532 pium
2242 4469 2307 4512 esse
2328 4449 2432 4510 6161161

429 4554 465 4599 66
492 4534 624 4600 destitui
652 4535 815 4602 videbant.
861 4537 930 4602 Our
961 4560 1039 4622 6166
1069 4538 1252 4604 audebant?
1297 4539 1340 4603 In
1368 4560 1405 4603 eo
1457 4538 1632 4621 mffrapari
1651 4540 1797 4616 16611616,
1823 4538 1933 4620 169616
1959 4535 2433 4618 66616116166696116666161

430 4617 500 4684 dico
523 4621 645 4703 aliquid
667 4621 805 4688 humani
826 4645 939 4706 passos
961 4645 1046 4705 esse;
1074 4625 1210 4708 ideoque
1232 4625 1274 4689 611
1295 4626 1406 4689 161116-
1457 4624 1588 4688 umam
1608 4628 1660 4702 est,
1680 4625 1736 4705 sas
1753 4642 1814 4687 666
1835 4624 1952 4687 666616
1964 4621 2109 4704 precibus
2128 4621 2244 4685 nostris
2261 4620 2434 4699 quidquam

429 4707 552 4770 tionem
570 4707 769 4772 trahendum
790 4729 857 4773 non
880 4731 950 4775 esse
968 4709 1127 4776 contendo
1145 4710 1231 4794 quod
1248 4712 1405 4776 16661661.
1457 4709 1569 4790 afferre
1583 4711 1761 4789 proprimn,
1783 4709 1838 4773 sed
1852 4713 1923 4773 6616
1939 4706 2225 4772 6661161161116116
2242 4705 2434 4769 6611166616

429 4791 516 4856 Nam
537 4813 638 4874 quum
659 4794 742 4857 nihil
762 4796 868 4877 operis
886 4796 1026 4862 debeant
1047 4797 1182 4881 aggredi
1198 4796 1320 4874 fideles,
1343 4796 1407 4860 nisi
1458 4814 1537 4858 esse:
1563 4795 1640 4874 qur'a
1661 4814 1759 4874 penes
1785 4793 1853 4858 6166
1873 4792 2043 4856 arbitrium
2063 4798 2109 4858 est
2122 4792 2336 4874 praescribere
2357 4791 2434 4871 quid

431 4884 519 4940 certa
541 4880 746 4959 conscientia,
769 4889 809 4945 ut
825 4882 948 4947 Paulus
970 4884 1129 4965 praecipit
1145 4882 1255 4966 (Rom.
1277 4887 1324 4959 14,
1338 4881 1405 4965 23),
1451 4880 1520 4960 peti
1539 4879 1619 4944 66111.
1663 4878 1758 4944 Nunc
1778 4897 1873 4958 quum
1893 4883 1956 4943 1616
1976 4878 2027 4943 166
2048 4884 2077 4942 61
2096 4877 2289 4960 euangelium
2309 4897 2348 4940 66
2368 4897 2435 4940 una

430 4962 466 5024 in
498 4964 643 5028 oratione
676 4967 882 5047 potissimum
913 4970 1092 5050 requiritur
1125 4969 1206 5032 haec
1233 4965 1404 5032 certitudo.
1459 4965 1582 5044 96111661
1603 4964 1726 5046 syllaba
1752 4964 1921 5028 libertatem
1947 4971 2113 5046 supperunt
2143 4964 2255 5027 6166111
2272 4983 2336 5043 pra
2356 4982 2435 5025 mor-

424 5044 596 5112 (lredibile
617 5056 728 5114 tamen
756 5060 806 5117 est
835 5053 944 5136 aliqua
965 5054 1092 5119 ratione
1115 5052 1156 5117 ad
1178 5051 1212 5115 id
1234 5052 1404 5133 impulsos:
1459 5049 1534 5126 tuis,
1551 5050 1733 5131 profanatio
1755 5049 2032 5115 166666116616Β661
2048 5055 2093 5115 661
2113 5054 2229 5115 1661616
2244 5049 2323 5128 plus
2340 5068 2435 5128 quam

430 5153 548 5215 nempe
575 5135 726 5198 solatium
753 5140 1042 5222 quaerebantque
1070 5139 1281 5205 sublevarent
1308 5158 1407 5201 suum
1458 5135 1547 5199 nobis
1570 5136 1758 5217 praecipiat.
1808 5136 1936 5199 Verum
1965 5156 2008 5200 ne
2041 5137 2223 5220 glorientur
2255 5133 2434 5198 adversarii

430 5239 628 5297 moerorem,
656 5229 690 5284 61
713 5223 931 5289 inhumanum
953 5225 1213 5291 videbaturnon
1235 5222 1406 5287 61161666-
1457 5220 1562 5285 nostri
1594 5223 1685 5303 quasi
1715 5229 1860 5287 veterem
1889 5221 2059 5287 ecclesiam
2086 5222 2205 5287 erroris
2233 5219 2285 5283 sui
2312 5219 2433 5282 sociam

430 5326 502 5370 ram
523 5306 596 5370 Deo
619 5306 747 5388 aliquod
769 5331 848 5374 suae
871 5313 949 5394 61611
969 5319 1115 5375 mortuos
1137 5307 1319 5374 dilectionis
1340 5315 1405 5372 tes-
1458 5305 1616 5386 habeant,
1639 5307 1711 5374 dico
1734 5329 1805 5373 esse
1826 5307 1962 5391 longum
1979 5306 2164 5372 discrimen.
2209 5304 2363 5386 Agebant
2384 5303 2433 5365 illi

429 5391 612 5456 timonium.
659 5393 713 5457 Ad
740 5395 828 5460 hunc
850 5397 1003 5461 aflectum
1024 5419 1122 5480 quam
1144 5397 1187 5461 sit
1207 5415 1406 5477 propensum
1458 5395 1650 5458 memoriam
1682 5401 1901 5472 mortuorum,
1934 5415 1975 5457 ne
2008 5394 2199 5459 viderentur
2230 5409 2361 5453 omnem
2393 5388 2432 5452 de

431 5477 572 5541 hominis
600 5480 785 5562 ingenium,
815 5502 926 5545 616666
949 5484 1169 5566 experiuntur.
1215 5479 1293 5545 Fuit
1314 5481 1407 5544 etiarn
1458 5480 1538 5561 ipsis
1559 5499 1671 5545 euram
1694 5479 1862 5558 abiecisse
1892 5479 1949 5543 sed
1977 5479 2075 5543 simul
2101 5475 2286 5542 fatebantur
2314 5495 2349 5537 se
2372 5473 2432 5537 du-

432 5562 533 5625 166161
558 5565 639 5644 facis
661 5571 778 5646 recepta
800 5569 995 5645 aarrsuetudo,
1024 5591 1103 5649 quae
1132 5570 1275 5634 ardorem
1299 5566 1408 5630 616116
1458 5567 1564 5631 bitere
1587 5567 1627 5632 de
1647 5567 1791 5648 ipsorum
1813 5572 1909 5629 statu.
1954 5565 2007 5629 De
2027 5560 2214 5646 purgatorio
2243 5566 2329 5623 66116
2353 5559 2433 5624 adeo

431 5667 504 5709 rum
536 5651 653 5713 6611616
686 5651 832 5715 1111166161.
881 5651 1006 5717 Scimus
1034 5655 1119 5734 apud
1145 5659 1270 5721 6661166
1295 5657 1407 5736 aare,
1459 5653 1545 5717 611111
1572 5654 1774 5730 asserebant,
1803 5660 1841 5716 ut
1866 5671 1925 5733 pro
1951 5671 1988 5713 re
2013 5650 2137 5714 incerta
2159 5643 2327 5710 haberent.
2372 5647 2433 5710 Isti
