5600 6809
287 878 350 939 405
546 873 636 938 LIB.
660 872 720 937 ΠΙ.
765 875 829 938 DE
852 873 988 940 MODO
1010 875 1360 942 PEROIPIENDAE
1384 874 1574 942 CHRISTI
1597 875 1815 942 GRATIAE.
1861 876 1959 941 OAP.
1982 877 2028 941 H.
2222 885 2285 947 400

287 1062 324 1127 16
355 1082 429 1128 eam
457 1062 524 1127 nisi
557 1061 779 1139 conferantur,
817 1063 954 1144 perdere
987 1083 1080 1127 suam
1112 1065 1261 1146 gratiam.
1315 1065 1385 1129 eius
1416 1065 1470 1129 vel
1499 1063 1655 1145 probrum
1681 1064 1734 1130 vel
1767 1071 1996 1148 contemptum.
2042 1066 2286 1153 Qualiscunque

286 1148 341 1215 Ad
379 1148 413 1212 id
451 1146 657 1231 probandum
687 1146 916 1212 distributione
955 1149 1072 1225 utitur,
1112 1157 1263 1231 repetens
1315 1156 1425 1215 autem
1450 1149 1508 1214 illa
1535 1156 1585 1213 est
1612 1151 1770 1226 assensio,
1804 1150 1846 1214 ad
1873 1172 1928 1215 cor
1952 1153 2061 1235 ipsum
2092 1176 2195 1236 usque
2223 1156 2286 1219 mi·

287 1234 400 1301 eadem
421 1233 480 1298 illa
501 1254 583 1314 quac
605 1233 753 1314 superius
770 1242 979 1299 recensuerat
1000 1231 1093 1311 dona,
1116 1234 1173 1299 sed
1191 1235 1263 1300 aliis
1314 1236 1403 1299 nime
1421 1242 1580 1318 penetrat,
1603 1242 1641 1298 ut
1661 1235 1728 1301 illic
1749 1235 2022 1316 defixaresideat3
2045 1244 2078 1303 et
2099 1260 2285 1322 quanquam

287 1318 482 1387 nominibus.
526 1318 593 1383 Pro
622 1317 735 1382 eodem
762 1325 870 1383 autem
897 1327 1036 1402 usurpat
1063 1321 1202 1385 virtutes
1230 1329 1263 1384 et
1314 1320 1440 1387 radices
1467 1321 1572 1403 egisse
1594 1320 1759 1385 interdum
1779 1321 1924 1401 videtur,
1952 1324 2046 1387 vivae
2073 1332 2184 1389 16666
2210 1326 2285 1391 illae

286 1407 395 1484 fidem,
416 1425 535 1486 nempe
557 1425 616 1485 pro
633 1401 833 1468 edendorum
850 1405 1082 1470 miraculorum
1099 1405 1260 1470 16611616.
1314 1428 1380 1471 666
1408 1412 1492 1472 sunt.
1538 1406 1601 1470 Tot
1626 1407 1782 1471 vanitatis
1809 1427 1954 1473 recessus
1982 1409 2095 1487 habet,
2123 1416 2172 1474 tot
2193 1433 2285 1477 men·

286 1490 400 1573 Quum
430 1512 508 1574 ergo
536 1489 616 1553 haec
645 1489 714 1554 sivo
741 1489 848 1555 virtus
872 1492 940 1554 sive
962 1490 1043 1556 fides
1065 1491 1261 1573 particulare
1313 1490 1396 1558 dacii
1418 1491 1552 1556 latebris
1574 1502 1677 1556 scatet
1697 1514 1753 1557 cor
1774 1493 1970 1571 humanum,
1992 1502 2059 1558 tam
2080 1496 2287 1561 frandulenta

286 1577 331 1644 611
362 1576 486 1640 donum
518 1575 596 1653 Dei,
632 1595 697 1655 quo
730 1575 850 1657 impius
882 1576 1042 1658 quispiam
1075 1586 1108 1640 ct
1140 1576 1261 1658 pollere
1314 1578 1478 1662 hypocrisi
1505 1578 1668 1641 obtectum
1701 1586 1767 1657 est,
1801 1586 1840 1641 61
1865 1601 1900 1643 66
1927 1581 2034 1660 ipsum
2061 1602 2156 1663 saepe
2183 1583 2284 1647 fallat.

286 1672 385 1747 queat
406 1670 439 1726 et
459 1661 558 1738 abuti,
581 1668 620 1723 nt
641 1659 725 1724 dono
747 1660 945 1744 linguarum,
968 1669 1007 1725 ut
1022 1662 1200 1743 prophetia,
1223 1670 1262 1726 ut
1313 1665 1361 1727 At
1382 1685 1460 1728 vcro
1482 1663 1537 1745 qni
1561 1662 1680 1727 talibus
1702 1664 1779 1728 fidoi
1802 1665 1986 1729 simulacris
2008 1665 2205 1748 gloriantur,
2234 1670 2285 1732 in·
2356 1738 2362 1746 ,

286 1749 361 1815 aliis
382 1746 647 1823 charismatibus,
677 1768 743 1809 non
770 1749 890 1811 mirum
918 1747 946 1810 si
970 1768 990 1809 6
1011 1748 1146 1812 caritate
1168 1769 1260 1830 sepa·
1286 1786 1288 1821 ,
1314 1749 1465 1832 telligant
1486 1747 1622 1812 diabolis
1646 1749 1747 1813 nihilo
1770 1749 1860 1816 sein
1883 1750 1944 1814 hac
1966 1761 2058 1832 parte
2080 1752 2284 1834 praecellere.

286 1848 386 1899 retur.
432 1834 534 1896 Totus
563 1838 673 1895 autom
695 1832 831 1895 istorum
853 1853 944 1896 error
965 1832 1001 1895 in
1023 1842 1147 1909 oo'ost,
1176 1832 1261 1914 quod
1313 1835 1446 1898 Priores
1474 1839 1560 1898 corto
1582 1833 1629 1896 illi
1651 1841 1728 1897 sunt
1748 1835 1852 1899 multo
1874 1836 2055 1913 inferiores,
2084 1839 2141 1918 qui
2164 1839 2286 1921 stupidi

285 1940 387 2003 quum
409 1917 605 1984 vocabulum
628 1915 705 1980 fidei
733 1919 776 1981 sit
796 1909 983 1999 aetiopiam,
1012 1918 1185 2000 significati
1212 1918 1261 1982 di·
1313 1918 1454 1984 andiunt
1476 1928 1509 1982 et
1529 1918 1734 2000 intelligunt,
1762 1941 1901 2003 qnorum
1927 1922 2043 1985 6611116
2067 1922 2187 1987 diaboli
2210 1947 2286 1989 eon-

286 2006 443 2071 versitate
456 2024 523 2067 non
544 2003 723 2082 observata,
745 2003 880 2085 perinde
902 2012 1051 2086 pugnant
1061 2024 1098 2068 ao
1108 2004 1136 2067 si
1148 2003 1261 2068 eadem
1313 2006 1506 2070 tremiscunt
1523 2004 1602 2087 (Iao.
1617 2008 1645 2082 2,
1668 2004 1737 2087 la);
1760 2006 1813 2070 alii
1836 2007 1871 2069 in
1893 2006 1953 2071 hoo
1971 2028 2066 2089 pares
2085 2017 2176 2088 sunt,
2199 2009 2285 2091 quod

286 2091 406 2174 ubique
428 2091 511 2154 foret
531 2089 682 2169 acceptio.
727 2089 837 2154 Locus
859 2089 976 2167 Iacobi,
999 2110 1095 2170 quem
1117 2091 1152 2153 in
1174 2091 1261 2154 eius·
1312 2091 1548 2172 qualiscunque
1575 2110 1705 2168 sensus,
1738 2112 1801 2172 quo
1834 2100 2030 2174 tanguntur,
2064 2094 2099 2156 in
2127 2102 2284 2159 terrorem

286 2176 361 2241 dem
382 2176 503 2240 erroris
523 2173 742 2256 patrocinium
763 2183 941 2251 accersunt,
963 2174 1041 2239 alibi
1059 2174 1258 2240 discutietur.
1312 2176 1446 2240 tandem
1468 2175 1537 2240 exit
1558 2181 1590 2238 et
1612 2178 1913 2242 consternationem.

286 2261 483 2344 Quanquam
497 2259 521 2342 ¹)
552 2280 623 2325 vero
644 2260 755 2341 plures
782 2270 859 2324 essa
874 2259 950 2324 fidoi
978 2261 1099 2324 formas
1125 2260 1261 2325 docendi
1401 2266 1449 2325 11.
1496 2260 1568 2325 Soio
1589 2262 1775 2342 quibusdum
1796 2263 1911 2326 durum
1931 2264 2033 2328 videri
2058 2264 2113 2328 601
2136 2265 2216 2345 fides
2239 2286 2287 2329 re-

286 2369 386 2414 oausa
416 2344 636 2422 concedimus,
670 2345 748 2409 dum
780 2346 931 2409 volumus
960 2345 1129 2411 ostendere
1156 2346 1261 2428 qualis
1307 2347 1417 2428 probis
1443 2347 1606 2425 tribuitur,
1639 2368 1735 2428 quum
1765 2347 1890 2413 Paulus
1913 2348 1944 2433 (l
1966 2349 2078 2413 Thess.
2102 2351 2188 2435 1,4)
2216 2371 2284 2415 eom

287 2434 332 2499 sit
361 2434 398 2497 in
428 2431 537 2514 impiis
568 2432 633 2495 Dei
665 2432 794 2508 notitia,
827 2433 958 2496 unicam
990 2439 1100 2495 16666
1133 2433 1261 2514 piorum
1310 2433 1447 2514 16661666
1469 2433 1621 2496 6166116616
1643 2453 1707 2497 esse
1728 2439 1856 2498 6666661.
1883 2434 1965 2515 ‘Qui
1992 2441 2095 2498 166166
2116 2437 2285 2518 66616616

285 2518 400 2595 fidem,
429 2525 467 2582 ut
489 2518 651 2597 scriptura
673 2515 779 2593 docct,
809 2518 1013 2599 agnoscimus
1041 2527 1075 2581 et
1095 2517 1261 2598 praedica
1311 2518 1369 2582 6116
1389 2518 1536 2582 soluitur:
1558 2518 1635 2597 6616
1655 2520 1712 2583 6161
1733 2520 1769 2583 16
1788 2518 1882 2599 tidem
1902 2540 1964 2583 666
1984 2520 2211 2600 illuminantur,
2231 2541 2285 2586 666

285 2626 367 2669 mus.
412 2602 562 2668 Credunt
592 2610 680 2665 certe
705 2601 836 2684 plurimi
863 2604 973 2666 Deum
1001 2625 1086 2681 osse,
1120 2622 1261 2685 evange·
1312 2603 1661 2684 6666661116106661616
1688 2624 1758 2668 vere
1785 2607 1934 2683 seruiunt,
1962 2606 2028 2669 6161
2050 2606 2285 2687 66166666νά1-

286 2689 384 2757 lioam
405 2689 576 2753 historiam
604 2708 642 2751 ao
668 2688 810 2769 reliquas
833 2689 1012 2769 scripturae
1034 2696 1145 2770 partes
1167 2708 1260 2752 voras
1312 2690 1380 2752 6611
1406 2693 1479 2752 suut
1502 2688 1713 2768 6616616166·
1739 2692 1930 2770 experientia
1956 2695 2059 2755 tomen
2084 2693 2214 2756 66166111
2239 2713 2285 2757 re

286 2796 358 2841 6666
384 2773 598 2852 arbitrantur;
625 2773 720 2855 quale
746 2775 813 2837 fere
834 2773 993 2839 iudicium
1015 2796 1085 2838 esse
1107 2774 1190 2838 solet
1220 2773 1260 2837 de
1309 2773 1422 2856 probos
1443 2773 1600 2837 interdum
1620 2774 1721 2838 6161111
1747 2776 1813 2857 sere
1839 2798 1932 2841 66666
1954 2776 2285 2859 616666166166616161,

284 2861 327 2927 iis
347 2881 430 2944 quae
450 2859 504 2925 vel
526 2859 603 2923 olim
625 2865 718 2941 gesta
739 2865 925 2937 narrantur,
949 2859 1003 2924 vel
1024 2860 1086 2942 ipsi
1108 2879 1260 2942 praesen·
1311 2866 1347 2923 ut
1375 2880 1413 2922 66
1439 2879 1495 2922 666
1522 2858 1646 2939 quidem
1672 2859 1790 2924 16611616
1817 2863 1990 2943 quidquem
2017 2862 2055 2926 60
2076 2862 2178 2926 6166116
2200 2864 2286 2944 diffe-

285 2954 336 3011 166
364 2946 591 3028 spectavimus.
637 2943 724 3009 Sunt
751 2945 851 3008 etiam
877 2946 931 3026 qui
959 2945 1046 3009 ultra
1067 2943 1260 3028 procedunt:
1312 2947 1393 3009 root.
1441 2944 1545 3023 Quare
1565 2942 1648 3007 61011
1669 2944 1799 3009 absurdi
1826 2952 1871 3010 est
1899 2948 1980 3027 66661
2001 2948 2174 3012 6661661166
2195 2950 2287 3013 61666

285 3052 363 3096 nam
389 3040 422 3094 et
444 3029 508 3094 Dei
536 3051 719 3094 sermonem
747 3051 805 3111 pro
832 3031 1012 3095 certissimo
1039 3030 1162 3095 habent
1189 3051 1260 3094 ora·
1312 3050 1385 3095 rum
1404 3033 1514 3111 666166
1534 3028 1573 3092 60
1595 3030 1743 3111 apostolo,
1772 3032 2096 3112 6116666666116116166
2118 3056 2139 3097 6
2163 3032 2286 3100 0061616

285 3116 366 3194 6616,
388 3137 449 3181 666
471 3117 541 3180 eius
562 3122 736 3197 praecepta
755 3136 889 3197 prorsus
907 3116 1090 3198 negligunt,
1113 3127 1146 3180 et
1162 3116 1261 3180 minis
1313 3117 1380 3182 11116
1402 3114 1605 3178 6166101166
1628 3115 1792 3194 66666661
1812 3117 1876 3178 olm
1896 3118 2077 3196 spiritualis
2095 3121 2219 3199 prutioe
2240 3140 2286 3184 66

284 3210 320 3269 61
341 3201 611 3286 promissionibus
638 3210 802 3282 utcunque
830 3209 1085 3266 commoventur.
1127 3199 1260 3265 Talibus
1312 3203 1375 3267 lide
1396 3202 1575 3281 percipiunt
1600 3221 1637 3264 66
1665 3206 1779 3263 catum
1805 3201 1880 3280 fidei
1902 3201 2018 3279 turrea,
2048 3204 2102 3267 sed
2124 3206 2200 3284 quio
2222 3204 2287 3269 Do

286 3287 416 3373 quidem
442 3286 519 3351 fidei
546 3287 768 3351 testimonium
795 3287 966 3365 tribuitur,
1000 3285 1057 3351 sed
1084 3308 1143 3369 per
1171 3285 1260 3365 66τοὶ·1
1312 3289 1433 3365 minua,
1461 3291 1496 3350 ut
1516 3288 1619 3368 666616
1641 3287 1789 3351 6661616166
1809 3292 1837 3350 61
1857 3286 2083 3351 inexcusabiles
2104 3290 2228 3366 reddet,
2255 3310 2288 3353 66

284 3395 403 3459 meir:
431 3373 584 3455 quoniam
604 3372 669 3435 Dei
689 3372 826 3436 verbum
848 3393 916 3435 non
936 3373 1134 3455 impugnant
1155 3373 1260 3435 mani·
1312 3373 1456 3437 16616661
1483 3373 1518 3435 16
1545 3393 1650 3436 eorum
1676 3378 1803 3451 arorites,
1835 3377 1985 3452 66616666
2016 3373 2084 3436 6166
2112 3374 2287 3454 adoptionis

285 3460 368 3527 fisa
393 3459 577 3540 impietate,
603 3457 657 3522 vel
677 3458 837 3537 reiieiuut,
865 3458 917 3522 vel
946 3464 1172 3535 contemnunt,
1203 3457 1260 3521 sed
1312 3458 1429 3539 spiritu
1452 3458 1578 3539 pustori
1599 3463 1700 3539 potest
1726 3460 1795 3523 6166
1822 3458 1950 3522 0661166.
1997 3458 2034 3521 Si
2061 3458 2287 3539 661660116161,

285 3543 450 3629 quandam
472 3544 581 3626 potius
602 3543 805 3607 obedientiae
825 3544 964 3625 speciem
986 3564 1063 3625 prae
1085 3564 1120 3606 se
1139 3543 1258 3607 ferunt.
1312 3543 1395 3608 61011
1416 3545 1515 3626 161166
1537 3544 1675 3624 emplius
1696 3548 1812 3609 restore
1831 3543 1975 3624 fidelihus
1996 3545 2077 3608 66616
2098 3550 2175 3607 cerlo
2193 3544 2286 3625 66166

374 3635 421 3694 10.
454 3629 622 3713 2)116666
644 3630 724 3694 haec
746 3628 821 3693 fidei
845 3651 902 3693 seu
920 3628 1044 3706 umbra,
1067 3650 1124 3692 seu
1141 3629 1259 3711 imago,
1312 3632 1426 3694 tionem
1446 3649 1539 3693 suom
1560 3630 1728 3709 oestinrent,
1749 3630 1922 3712 respondeo,
1944 3631 2089 3709 quarn-uis
2109 3650 2226 3712 oropus
2247 3631 2288 3702 sit

286 3722 325 3781 ut
341 3715 464 3781 nullius
486 3723 537 3779 est
557 3717 728 3792 momenti,
752 3716 800 3779 ita
819 3714 958 3798 indigna
980 3728 1030 3779 est
1050 3713 1127 3778 fidei
1149 3714 1260 3797 appol·
1312 3715 1486 3781 similitudo
1518 3720 1546 3779 et
1573 3716 1717 3797 61061166
1742 3715 1822 3779 irater
1843 3715 1908 3778 Dei
1934 3716 2054 3793 6166166,
2089 3720 2117 3779 61
2146 3716 2201 3794 661
2226 3714 2288 3795 fide

285 3802 420 3880 latione;
450 3823 470 3865 a
496 3802 589 3864 cuius
618 3798 720 3865 solida
743 3801 882 3865 66611616
910 3822 1008 3882 6666
1032 3800 1146 3882 procul
1167 3801 1260 3879 absit,
1311 3802 1431 3866 eudueu
1457 3801 1501 3865 661
1527 3806 1647 3881 tenipus
1680 3801 1846 3879 donentur,
1879 3801 1981 3881 cipere
2011 3805 2113 3864 166166
2145 3802 2180 3864 in
2211 3802 2288 3867 66116

285 3888 416 3953 1666161
441 3907 519 3950 mox
540 3886 646 3950 fusius
666 3885 842 3963 videbitur,
876 3886 961 3950 nihil
988 3894 1098 3950 tamen
1125 3885 1262 3968 impedit
1312 3888 1414 3952 616116
1432 3886 1583 3967 fiduciam
1611 3886 1700 3950 illem
1726 3907 1820 3966 quum
1848 3885 1976 3951 6616οι61
2001 3885 2125 3950 Paulus
2147 3886 2237 3970 (Gal.
2256 3892 2286 3967 4,

286 3995 374 4039 nuno
395 3972 500 4036 obiter
522 3971 668 4036 indica-ri.
706 3971 891 4036 Crodidisse
914 3972 1035 4037 dicitur
1053 3969 1168 4036 Simon
1190 3992 1260 4035 ma·
1314 3972 1364 4058 0),
1385 3977 1422 4036 ut
1435 3972 1529 4053 pleno
1549 3992 1600 4036 ore
1622 3972 1767 4045 61666661,
1788 3971 1874 4050 6006,
1891 3977 1993 4052 poter.
2037 3971 2133 4055 Erpo,
2155 3977 2191 4036 ut
2209 3973 2288 4040 66166

286 4080 365 4142 666,
403 4059 457 4140 661
491 4066 603 4122 16666
636 4078 731 4121 6666
766 4057 1028 4122 incredulitatem
1060 4058 1156 4139 paulo
1188 4065 1262 4139 post
1313 4059 1418 4123 6166166
1438 4059 1554 4121 sentire
1574 4057 1804 4137 incorruptibili
1824 4057 1914 4122 Deus
1941 4059 1976 4120 16
1998 4063 2185 4139 perpetuum
2206 4080 2287 4142 repe

284 4142 395 4228 prodit
420 4141 721 4227 (aetatula).
773 4142 870 4222 Quod
902 4142 983 4207 fides
1015 4143 1082 4206 illi*
1096 4144 1259 4220 tribuitur,
1313 4148 1415 4222 uerat,
1442 4148 1663 4225 utrumquem
1691 4143 1847 4221 dispereat
1872 4163 1974 4207 666666
1994 4144 2076 4208 61166
2096 4164 2201 4208 eorum
2223 4165 2287 4210 eor·

284 4250 353 4295 non
378 4229 592 4311 intelligimus
621 4250 696 4293 oum
723 4229 931 4309 quibusdam,
961 4229 1131 4293 simulasse
1153 4229 1261 4293 verbis
1312 4230 1405 4294 ilibus
1427 4229 1572 4306 insitum,
1600 4229 1646 4292 116
1673 4228 1770 4291 6611616
1796 4229 1924 4292 inillis
1950 4229 2091 4312 60616661
2111 4230 2286 4311 adoptione

284 4336 386 4399 quam
407 4316 443 4379 in
464 4314 560 4378 corde
583 4314 707 4377 nnllam
730 4314 879 4392 haberet;
908 4314 965 4378 sed
993 4315 1100 4396 potius
1123 4313 1261 4378 arbitra·
1312 4335 1388 4379 6666
1408 4315 1553 4396 potiora,
1575 4318 1610 4376 ut
1631 4313 1900 4379 61601116666616
1917 4314 1966 4379 sit.
2001 4314 2062 4379 See
2082 4315 2137 4379 066
2157 4316 2285 4379 rii-inimo

284 4421 361 4467 mur
378 4400 539 4483 evangelii
556 4400 726 4464 maiestate
745 4400 868 4464 victum
889 4400 1146 4481 qualemcunque
1163 4399 1261 4463 fidem
1312 4401 1410 4465 606161
1430 4401 1507 4480 6616
1527 4399 1586 4465 1116
1605 4399 1737 4480 inferior
1754 4401 1888 4480 spiritus
1903 4402 2040 4480 operatio
2053 4420 2179 4463 6666666
2192 4420 2285 4463 ,nium

285 4485 483 4563 adhibuisse,
507 4496 604 4567 atque
626 4487 673 4549 116
695 4486 879 4562 Christum,
903 4486 990 4549 vitae
1012 4494 1045 4549 ot
1067 4485 1181 4549 salutis
1203 4505 1261 4548 au·
1312 4485 1421 4549 160661
1452 4487 1546 4549 etiarn
1577 4486 1612 4548 16
1643 4486 1789 4564 reprobis.
1841 4486 1966 4550 Interea
1997 4486 2141 4549 61666606
2169 4485 2283 4565 fideles,

283 4580 388 4639 torem
410 4572 597 4654 agnovisse,
620 4582 658 4634 ut
678 4571 817 4635 libenter
838 4571 886 4634 illi
908 4592 1025 4634 nomon
1049 4570 1150 4634 daret.
1194 4572 1261 4634 Eo·
1313 4571 1441 4636 661116116
1468 4576 1497 4635 61
1524 4570 1685 4635 lumiliter
1714 4591 1747 4635 66
1773 4573 1859 4653 ipsos
1883 4576 2033 4648 66661666,
2062 4591 2100 4634 ue
2121 4590 2184 4648 pro
2209 4570 2284 4649 fidei

283 4656 359 4725 11616
380 4657 476 4721 modo
498 4656 629 4721 credere
652 4655 693 4721 ad
716 4664 843 4738 tompus
865 4656 1017 4721 dicuntur
1038 4657 1073 4719 in
1091 4656 1260 4740 evangelio
1313 4657 1493 4721 certitudine
1525 4656 1647 4739 obrepat
1678 4659 1784 4722 666616
1810 4658 1968 4722 senarius.
2012 4654 2213 4734 Addaquod
2239 4676 2285 4719 re-

283 4743 396 4809 Lucaa
418 4745 463 4828 (8,
484 4746 511 4806 7.
535 4742 602 4826 14),
625 4743 660 4805 16
682 4743 797 4824 quibus
819 4742 912 4807 verbi
934 4763 1060 4819 semen,
1084 4749 1260 4824 antequam
1307 4741 1400 4823 probi
1426 4763 1588 4824 uunquam
1615 4762 1740 4808 6616666
1765 4744 1889 4827 6661166
1914 4741 1978 4804 uisi
2004 4741 2165 4822 wilfricum
2181 4743 2285 4820 peroi-

281 4830 470 4905 fruotificet,
499 4828 717 4910 praefocatur;
746 4836 803 4892 661
830 4829 930 4892 etiam
957 4827 1056 4892 nullis
1079 4828 1158 4892 dnm
1180 4829 1261 4893 actis
1306 4825 2283 4910 161661,616160666666116666660661666666666161661

281 4912 447 4981 radicibus
474 4915 593 4978 arescit
621 4935 697 4977 mox
725 4921 758 4977 et
779 4913 914 4995 deperit.
960 4914 1055 4978 Tales
1077 4935 1143 4976 non
1166 4913 1261 4978 dubi·
1312 4934 1438 4995 eorpus:
1465 4915 1542 4995 6616
1556 4921 1752 4995 6666616666
1773 4914 1985 4977 remissionem
2006 4911 2139 4992 spiritus
2154 4914 2286 4994 proprie

282 5007 393 5067 166166
425 4999 565 5082 quodam
597 4999 690 5063 verbi
729 5007 826 5082 gustu
859 5000 992 5063 affectos
1024 5000 1133 5082 ipsum
1166 4998 1261 5064 avide
1312 5000 1348 5061 iu
1369 5000 1445 5063 66116
1465 5001 1564 5064 616116
1585 5001 1736 5079 60616661,
1760 5005 1796 5062 61
1817 5018 1885 5062 eom
1906 4996 2034 5077 speciali
2053 4995 2116 5076 fide
2137 4998 2172 5061 in
2192 5018 2284 5062 unna

283 5087 444 5169 arripere,
478 5093 512 5150 et
547 5085 693 5148 divinam
725 5086 796 5149 eius
829 5086 984 5149 virtutem
1012 5086 1260 5167 persentiscer03
1311 5105 1406 5150 66666
1423 5086 1582 5167 applicent.
1616 5085 1731 5148 Merito
1751 5089 1853 5147 166666
1874 5083 2020 5145 dicuutur
2041 5082 2164 5162 reprobi
2180 5084 2284 5148 Deum

282 5180 321 5237 61
352 5171 461 5237 fallaci
498 5171 575 5236 fidei
608 5171 814 5235 simulatione
853 5193 920 5235 non
955 5172 1124 5235 hominum
1158 5171 1260 5236 oculis
1312 5171 1433 5235 eredere
1465 5171 1526 5235 sibi
1552 5172 1742 5252 propitium,
1776 5171 1852 5249 6616
1881 5168 1994 5232 dorium
2019 5169 2284 5247 6666661116116616,

281 5257 380 5341 modo
401 5258 590 5340 imponant,
619 5256 676 5321 sed
701 5257 768 5321 suis
790 5257 935 5338 ipsorum
959 5257 1085 5321 animis.
1131 5256 1261 5339 Ipsissi-
1312 5257 1380 5321 11661
1401 5256 1526 5337 6661666
1546 5277 1600 5321 666
1621 5258 1700 5319 setis
1721 5255 1878 5334 6116116616,
1906 5253 2097 5334 suscipiunt:
2123 5276 2184 5320 666
2206 5255 2287 5337 66661

281 5362 373 5409 mam
394 5344 482 5407 onim
493 5344 648 5425 pietatem
670 5364 741 5406 esse
762 5342 821 5406 sibi
844 5342 1041 5423 persuadent
1061 5343 1152 5407 illam
1162 5365 1260 5425 quam
1312 5342 1451 5406 eiusdem
1482 5342 1529 5404 661
1558 5342 1649 5422 fidei,
1686 5341 1729 5403 661
1759 5341 1998 5422 repererutr'onis
2024 5342 2286 5420 participerant

281 5426 349 5495 Dei
370 5429 470 5493 verbo
500 5427 650 5493 deferunt
677 5428 910 5505 reverentiam,
939 5429 1015 5508 quia
1042 5428 1168 5492 nullam
1190 5450 1260 5493 esse
1312 5447 1382 5491 curu
1401 5427 1480 5508 filiis
1493 5426 1565 5506 Dei,
1587 5427 1641 5491 sed
1662 5427 1738 5505 quie
1759 5445 1914 5490 commune
1930 5447 2000 5491 enm
2018 5426 2086 5491 11116
2100 5426 2175 5505 fidei
2190 5426 2283 5504 priu-

280 5515 483 5599 impietatem
507 5522 674 5596 reputant,
705 5514 769 5576 nisi
790 5513 999 5577 manifestum
1022 5521 1055 5577 ct
1077 5515 1259 5578 confessum
1312 5514 1430 5594 cipium
1456 5511 1566 5577 060666
1590 5513 1749 5590 6161616166,
1777 5512 1833 5577 tub
1859 5513 2060 5596 irrtepunrerito
2084 5511 2284 5592 hypocriseos

1314 5598 1380 5663 Neo
1407 5619 1477 5663 uero
1504 5619 1578 5682 nepo
1605 5599 1681 5679 quin
1707 5598 1864 5680 16666666
1889 5620 1996 5664 eorum
2020 5601 2134 5661 6666166
2155 5596 2285 5660 16661161

1220 5760 1222 5765 y
1312 5683 1410 5762 Deus,
1432 5689 1468 5747 ut
1486 5686 1556 5748 eius
1573 5685 1713 5766 pretium
1733 5690 1918 5767 6666666116
1937 5684 1991 5748 6661
2012 5702 2138 5746 senam
2155 5681 2244 5745 111666
2265 5703 2286 5747 6

351 5788 383 5856 1)
403 5787 487 5841 Redit
505 5788 543 5840 66
560 5790 583 5852 6.
601 5788 626 5840 a.
696 5785 726 5845 2)
748 5786 816 5841 0166
839 5786 904 5853 Cap.
931 5787 958 5838 V.
977 5787 999 5851 ξ.
1018 5784 1041 5838 3.
1305 5770 1466 5851 peculiari
1492 5769 1661 5835 1661166116
1690 5771 1772 5851 qued
1797 5771 1899 5836 reddit
1926 5769 1994 5835 suis
2019 5768 2135 5846 6166116,
2166 5769 2212 5833 itu
2238 5768 2287 5833 611
