5600 6809
436 769 499 832 895
1074 761 1341 832 INsuluuulo
1360 763 1466 832 ΗΕΒ.
1488 758 1669 828 olimst.
1694 764 1785 828 1559.
2372 765 2442 827 896

435 973 513 1019 nam
534 951 617 1016 tales
638 958 815 1033 nequeunt,
838 951 919 1035 quin
939 952 999 1016 fiat
1019 958 1053 1016 et
1074 949 1208 1016 Christo
1235 959 1269 1017 ot
1295 972 1408 1018 saerao
1547 954 1575 1013 5.
1612 946 1680 1014 Sed
1701 949 1764 1014 hoo
1786 970 1914 1033 quoque
1931 970 1974 1015 ox
1995 949 2131 1016 adverso
2153 951 2439 1033 operaepretium

435 1039 506 1104 eius
527 1036 729 1101 institutioni
756 1037 887 1102 iniuria
931 1036 978 1101 Et
1000 1036 1062 1103 hoc
1084 1037 1228 1119 postulat
1250 1039 1348 1116 ratio,
1370 1046 1409 1102 ut
1459 1041 1510 1100 est
1526 1033 1647 1113 videro,
1669 1035 1743 1116 quis
1760 1035 1860 1100 fuerit
1881 1035 1959 1100 olim
1980 1057 2079 1103 verus
2095 1057 2177 1100 usus
2199 1035 2438 1116 ecclesiasticae

434 1123 489 1206 qui
511 1121 681 1187 ecclesiam
703 1123 839 1188 offendit
860 1123 946 1187 malo
967 1122 1126 1205 exemplo,
1148 1123 1275 1188 solenni
1295 1124 1408 1206 poeni·
1459 1119 1703 1197 iurisdictionis,
1726 1126 1760 1185 et
1781 1128 1922 1203 quantus
1940 1121 2060 1188 abusus
2077 1101 2269 1204 obrepserit:
2292 1129 2330 1186 ut
2351 1123 2439 1187 scia-

434 1208 556 1272 tentiao
590 1205 810 1274 declaratione
845 1207 1089 1287 offendiculum,
1128 1206 1214 1291 quod
1241 1209 1407 1287 excitavit,
1458 1227 1533 1271 mus
1561 1203 1641 1287 quid
1667 1205 1890 1290 abrogandum
1918 1208 1970 1286 sit,
1999 1214 2033 1271 et
2065 1206 2145 1290 quid
2172 1228 2214 1272 ex
2240 1209 2441 1291 antiquitate

434 1293 536 1359 tollat
585 1294 686 1359 Ratio
715 1315 814 1377 quam
836 1291 1003 1359 adducunt
1030 1293 1079 1357 illi
1106 1294 1163 1376 qui
1192 1301 1307 1359 contra
1334 1315 1408 1359 sen·
1459 1289 1708 1369 restituendum,
1736 1292 1765 1356 si
1792 1291 1952 1372 volumno,
1975 1314 2088 1372 everso
2113 1314 2215 1376 regno
2238 1293 2437 1373 antichristi,

433 1380 532 1457 tiunt,
555 1379 653 1445 nimis
673 1386 725 1443 est
746 1379 872 1464 frigida
917 1377 1106 1457 Mandabat,
1128 1379 1289 1462 inquiunt,
1309 1378 1409 1444 Chri·
1460 1398 1576 1441 verum
1593 1375 1719 1442 Christi
1736 1397 1877 1460 regnum
1893 1379 2013 1443 iterum
2036 1380 2180 1462 erigere.¹
2205 1379 2356 1443 Primum
2378 1379 2438 1443 hie

435 1473 506 1530 stus
528 1465 589 1530 has
611 1472 721 1547 partes
744 1465 906 1543 ecelesiae,
928 1484 1029 1546 quum
1047 1486 1114 1529 non
1132 1473 1218 1530 esset
1233 1465 1408 1548 magistra·
1460 1482 1576 1544 scopus
1598 1469 1657 1540 est,
1681 1462 1722 1526 ut
1739 1463 1901 1528 scandalis
1919 1465 2048 1530 obviam
2069 1472 2178 1543 eatur;
2198 1463 2285 1547 quod
2305 1466 2333 1530 si
2355 1463 2439 1547 quid

435 1559 490 1615 tus
524 1551 579 1632 qui
613 1560 852 1633 exsequeretur.
909 1547 978 1615 sed
1011 1549 1128 1614 accidit
1164 1571 1407 1632 saepenumero,
1461 1547 1606 1612 scandali
1632 1556 1785 1613 exortum
1810 1550 1861 1628 sit,
1884 1548 2060 1614 aboleatur.
2110 1550 2152 1614 In
2175 1572 2236 1614 usu
2265 1549 2328 1615 duo
2356 1558 2440 1615 sunt

435 1644 475 1700 ut
501 1636 545 1701 sit
571 1637 768 1720 negligentia
819 1636 1044 1719 magistratum,
1076 1636 1142 1699 imo
1173 1657 1309 1701 nonnun
1331 1657 1409 1700 uam
1461 1632 1710 1698 consideranda:
1745 1643 1783 1698 ut
1814 1657 1834 1699 a
1865 1635 1937 1699 iuro
1991 1633 2069 1699 ladii
2099 1656 2233 1718 prorsus
2265 1643 2440 1718 separetur

435 1722 518 1787 forte
539 1727 583 1785 ut·
598 1722 641 1786 sit
663 1721 801 1803 ipsomet
822 1720 1041 1804 castigandus,
1065 1720 1151 1803 quod
1172 1729 1205 1785 ot
1227 1657 1408 1787 Thooqdosio
1460 1718 1543 1783 haec
1572 1719 1751 1800 spiritualis
1780 1726 1923 1803 potestas
1929 1745 1937 1801 ;
1967 1656 2084 1785 deinde
2105 1742 2147 1785 ne
2168 1721 2266 1786 unius
2289 1721 2437 1801 arbitrio,

436 1807 571 1873 Caesari
598 1807 741 1890 contigit
786 1805 842 1870 Ad
868 1807 950 1872 haec
977 1806 1172 1870 tantundem
1200 1806 1263 1871 dici
1290 1808 1409 1890 poterit
1460 1802 1588 1886 sedper
1604 1803 1789 1887 legitimum
1806 1826 1994 1872 consessum
2010 1806 2266 1871 administretur.
2295 1807 2438 1873 Utrum·

436 1892 477 1958 de
498 1900 565 1956 toto
586 1894 654 1957 fero
676 1893 766 1957 verbi
789 1892 977 1956 ministerio.
1010 1892 1107 1957 Nunc
1128 1914 1205 1975 ergo
1227 1892 1408 1958 secundum
1460 1909 1523 1970 que
1552 1890 1587 1953 in
1615 1890 1746 1973 puriore
1775 1891 1910 1957 eeclesia
1931 1891 2139 1956 observatum
2160 1893 2222 1956 luit
2245 1892 2278 1977 (l
2303 1891 2379 1957 Cor.
2404 1897 2436 1972 5,

435 1999 490 2044 eos
518 1977 671 2042 desinant
697 1977 937 2060 reprehendero
970 1984 1116 2059 pastores
1142 1979 1316 2043 manifesta
1348 1979 1408 2042 fla·
1451 1977 1505 2056 4).
1549 1975 1663 2056 Neque
1689 1976 1778 2040 onim
1810 1977 1863 2042 vel
1888 1977 2033 2055 mulctis,
2065 1978 2119 2043 vol
2154 1977 2352 2057 carceribus,
2381 1979 2438 2043 vol

436 2065 532 2149 gitia3
554 2062 706 2128 desinant
726 2063 907 2146 obiurgare,
930 2082 1076 2146 arguere,
1099 2064 1275 2146 increpare.
1322 2062 1409 2128 Sunt
1461 2059 1534 2124 aliis
1562 2060 1712 2126 civilibus
1738 2062 1850 2144 poenis
1877 2069 2071 2146 potestatem
2099 2084 2193 2127 suam
2215 2071 2438 2128 exercuerunt

437 2151 525 2214 enim
546 2149 717 2214 christiani
744 2149 973 2231 magistratus,
1002 2149 1058 2230 qui
1080 2148 1208 2231 legibus
1240 2158 1273 2214 ot
1300 2148 1408 2233 gladio
1460 2146 1565 2210 sancti
1588 2147 1738 2229 episcopi,
1768 2147 1826 2211 sod
1853 2149 1920 2213 solo
1942 2147 2078 2212 Domini
2099 2148 2207 2226 verbo,
2231 2155 2268 2213 ut
2290 2148 2436 2230 doeobat,

436 2233 555 2300 debent
572 2234 654 2299 haee
672 2234 844 2318 corrigere.
877 2235 925 2298 At
946 2232 1219 2316 quemadmodum
1235 2236 1408 2317 magistra·
1461 2230 1514 2295 usi
1540 2239 1626 2295 sunt
1677 2229 1892 2298 severissima
1918 2235 2008 2298 onim
2030 2233 2183 2299 eeclesiae
2212 2233 2372 2314 vindicta,
2402 2243 2438 2300 et

436 2331 491 2384 tus
512 2318 676 2402 puniendo
699 2326 732 2384 et
757 2340 859 2383 manu
881 2317 1056 2385 coercendo
1078 2341 1218 2403 purgare
1240 2319 1336 2385 debet
1356 2342 1409 2386 ec·
1460 2317 1554 2398 quasi
1586 2317 1740 2381 ultimum
1766 2319 1907 2398 fulmen,
1938 2330 1988 2385 est
2015 2321 2324 2398 excommunicatio,
2353 2342 2437 2403 quae

437 2405 571 2471 alesiam
588 2405 802 2482 offendiculis,
824 2405 873 2469 ita
889 2406 981 2471 verbi
999 2406 1150 2469 minister
1168 2407 1311 2471 vicissim
1332 2405 1409 2471 sub
1461 2423 1528 2467 non
1555 2403 1621 2467 nisi
1647 2405 1681 2467 in
1708 2405 1902 2469 necessitate
1930 2404 2112 2470 adhibetur.
2157 2405 2221 2470 Illa
2248 2426 2344 2488 porro
2374 2427 2437 2471 nee

438 2492 549 2558 levare
577 2489 672 2555 debet
699 2491 942 2574 magistratum,
974 2511 1017 2554 ne
1044 2497 1112 2554 tam
1142 2491 1238 2555 multi
1264 2498 1408 2574 peccent
1461 2488 1539 2566 vim,
1568 2509 1629 2554 nec
1658 2510 1795 2553 manum
1817 2488 1988 2569 desiderat,
2012 2490 2069 2555 sed
2091 2492 2182 2556 verbi
2203 2492 2268 2555 Dei
2288 2493 2438 2574 potentia

439 2574 497 2642 Sic
514 2576 706 2641 coniunctae
727 2575 846 2640 debent
867 2597 937 2641 esse
958 2595 1084 2657 operae,
1107 2584 1145 2640 ut
1161 2576 1266 2641 altera
1287 2577 1331 2642 sit
1352 2576 1410 2641 ad-
1462 2579 1613 2637 contenta
1637 2580 1694 2639 est.
1743 2576 1896 2658 Denique
1928 2577 2049 2642 veteris
2075 2577 2229 2642 eeclesiae
2255 2577 2438 2643 iurisdictio

438 2661 585 2726 iumento
607 2661 711 2740 altori,
734 2682 800 2725 non
822 2662 1063 2745 impedimento.
1461 2659 1547 2722 nihil
1565 2658 1653 2723 aliud
1671 2661 1734 2724 fuit
1752 2681 1851 2742 quam
1873 2662 2025 2744 practica,
2048 2670 2086 2726 ut
2106 2663 2153 2726 ita
2181 2663 2305 2746 loquar,
2329 2663 2438 2735 decla-

526 2753 554 2810 4.
604 2748 651 2811 Et
672 2767 759 2826 sane,
783 2747 810 2812 si
837 2749 909 2829 quis
938 2747 1070 2829 propius
1098 2746 1263 2829 expendat
1284 2747 1411 2813 Christi
1461 2744 1545 2808 ratio
1566 2745 1636 2809 cius
1658 2744 1745 2828 quod
1766 2745 1859 2812 docet
1879 2746 2004 2812 Paulus
2027 2746 2061 2830 (2
2086 2746 2160 2813 Cor.
2183 2753 2232 2826 10,
2251 2747 2287 2831 4)
2305 2748 2345 2816 de
2368 2771 2384 2814 s
2407 2750 2438 2813 i·

439 2831 548 2911 verba,
570 2832 665 2897 facile
685 2833 867 2915 perspiciet,
890 2838 1013 2897 statum
1034 2839 1068 2896 ot
1089 2840 1286 2917 perpetuum
1307 2833 1410 2898 ecolo-
1461 2829 1575 2894 rituali
1600 2838 1768 2913 pastorum
1795 2839 1966 2913 potestate.
2011 2832 2100 2897 Data
2121 2840 2181 2913 est,
2203 2834 2318 2915 inquit,
2341 2771 2438 2899 nobis

439 2919 508 2983 siae
534 2918 684 2983 ordinem
709 2939 778 2982 non
807 2919 1041 3001 temporarium
1063 2918 1130 2983 illic
1152 2916 1298 2983 describi.
1342 2920 1410 2984 Ne·
1464 2922 1619 2998 potestas,
1642 2937 1706 2998 qua
1728 2916 1944 2983 demoliamur
1964 2920 2173 2999 munitiones,
2196 2940 2259 3003 qua
2280 2919 2438 2984 humiha-

440 3023 503 3087 que
530 3004 618 3068 onim
645 3010 901 3069 consentaneum
929 3011 993 3081 est,
1027 3009 1065 3067 ut
1093 3005 1148 3087 qui
1175 3005 1409 3070 monitionibus
1460 3022 1535 3064 mus
1562 3021 1693 3066 omnem
1721 3003 1928 3068 altitudinem
1956 3026 2038 3087 quae
2067 3026 2102 3070 se
2129 3003 2255 3069 extollit
2276 3003 2437 3069 adversus

437 3090 559 3155 nostris
580 3089 804 3171 obtemperare
826 3088 1007 3164 noluerint,
1040 3109 1094 3153 eos
1117 3088 1159 3153 ad
1178 3091 1410 3173 magistratum
1461 3086 1679 3168 cognitionem
1706 3089 1780 3167 Dei,
1808 3111 1875 3172 qua
1901 3089 2091 3174 subigamus
2112 3111 2243 3155 omnem
2263 3109 2300 3154 oo
2325 3089 2436 3154 'tatio-

437 3173 637 3261 deferamus,
667 3174 752 3257 quod
780 3181 891 3239 tamen
919 3194 1050 3239 neeesse
1077 3175 1160 3239 foret
1186 3176 1215 3240 si
1241 3177 1277 3239 in
1303 3177 1410 3242 vicem
1461 3192 1547 3250 nem,
1574 3180 1608 3236 et
1629 3174 1792 3257 captivam
1814 3172 1970 3241 ducamus
1996 3177 2033 3240 in
2054 3175 2271 3241 obedientiam
2321 3174 2435 3255 hristi3

436 3260 591 3326 ecclesiae
617 3260 672 3324 ille
704 3259 899 3325 succederet.
945 3258 1034 3341 Quid
1061 3260 1126 3324 ista
1145 3262 1337 3343 promissio?
1367 3283 1410 3326 an
1461 3258 1497 3322 in
1524 3273 1678 3341 promptu
1706 3281 1784 3327 vero
1805 3260 1964 3326 hebemus
1986 3261 2166 3328 vindictam
2188 3260 2343 3327 adversus
2364 3281 2438 3324 om-

436 3348 534 3411 unius
556 3347 635 3410 anni
657 3344 793 3410 dicenda
810 3346 882 3422 erit,
905 3345 959 3410 vel
979 3366 1173 3427 paucorum:
1197 3367 1295 3411 amen
1314 3368 1411 3412 amen
1462 3364 1539 3407 nem
1565 3343 1827 3410 inobedientiam
1880 3345 2163 3427 Quemadmodum
2190 3348 2253 3412 hoc
2280 3348 2319 3410 fit
2338 3368 2437 3430 prae-

436 3430 507 3497 dico
529 3431 631 3512 vobis,
655 3429 812 3514 quidquid
832 3431 1013 3514 ligaveritis
1030 3431 1068 3494 in
1086 3431 1199 3497 terra?
1232 3433 1411 3498 Praeterea
1462 3428 1623 3494 dioationo
1650 3429 1814 3496 doetrinae
1842 3430 1976 3510 Christi,
2004 3434 2060 3511 ita,
2083 3455 2125 3498 ne
2148 3433 2298 3506 doctrina
2319 3433 2363 3497 sit
2384 3433 2436 3497 lu-

434 3515 592 3589 ,Christus
619 3517 703 3581 nihil
730 3517 784 3582 hio
810 3538 933 3581 novum
959 3517 1117 3597 instituit3
1151 3516 1208 3583 sed
1236 3525 1410 3583 consuetu·
1462 3514 1582 3594 dibrio,
1617 3515 1797 3582 seeundum
1825 3515 1860 3580 id
1885 3519 1994 3601 ipsum
2020 3517 2106 3601 quod
2132 3517 2268 3584 docetur
2295 3518 2436 3583 iudicari

437 3602 548 3668 dinem
569 3605 607 3668 in
628 3603 734 3670 veteri
755 3603 863 3686 gentis
886 3623 964 3666 suae
985 3601 1122 3668 eeclesia
1150 3623 1280 3686 semper
1301 3604 1410 3669 obser·
1461 3598 1582 3665 debent
1598 3602 1654 3683 qui
1670 3622 1706 3666 se
1726 3603 1922 3685 profitentur
1942 3603 2020 3669 fidoi
2041 3603 2242 3669 domesticos.
2277 3602 2319 3667 Id
2339 3624 2437 3686 porro

437 3696 549 3754 vatam
571 3696 730 3772 sequutus
753 3695 816 3754 est:
840 3709 904 3771 quo
922 3687 1128 3771 significavit,
1151 3709 1219 3754 non
1239 3709 1334 3771 posse
1356 3711 1410 3759 ca·
1462 3686 1534 3750 fieri
1556 3687 1670 3768 nequit
1696 3687 1762 3753 nisi
1783 3710 1851 3753 una
1872 3711 1947 3754 cum
1964 3689 2144 3754 ministerio
2166 3691 2378 3754 coniunctum
2394 3690 2437 3753 sit

358 3770 362 3780 ’
437 3796 510 3839 rere
532 3774 702 3839 ecclesiam
730 3774 892 3856 spirituali
913 3773 1149 3853 iurisdictione,
1179 3794 1261 3856 quae
1283 3775 1324 3840 ab
1346 3775 1410 3839 ini·
1461 3771 1513 3836 ius
1546 3772 1685 3838 vocandi
1718 3795 1773 3839 eos
1805 3775 1861 3857 qui
1892 3776 2048 3858 privatim
2080 3774 2232 3839 monendi
2265 3781 2344 3839 sunt
2382 3775 2436 3839 vel

331 3891 337 3909 ·
437 3860 484 3924 tio
506 3859 629 3924 fuisset.
674 3861 784 3943 Atque
810 3858 845 3923 id
870 3860 1016 3923 omnium
1044 3865 1229 3942 temporum
1250 3881 1411 3926 consensu
1463 3857 1570 3922 acrius
1602 3859 1796 3942 corrigendi,
1830 3861 1883 3925 ius
1913 3861 2013 3926 etiam
2044 3860 2176 3925 arcendi
2198 3882 2252 3925 eos
2276 3883 2296 3925 a
2318 3880 2437 3925 coenae

438 3944 503 4009 fuit
525 3946 764 4010 confirmatum.
808 3945 922 4027 Neque
944 3945 1034 4009 enim
1054 3946 1113 4010 ubi
1140 3954 1317 4030 coeperrmt
1347 3947 1410 4010 im-
1462 3942 1697 4023 communione,
1720 3947 1776 4027 qui
1798 3947 1897 4028 recipi
1919 3947 1989 4010 sine
2010 3947 2095 4010 tanti
2115 3947 2263 4031 mysterii
2284 3946 2438 4028 profana·

438 4037 606 4114 peratores
628 4038 662 4095 et
684 4031 893 4114 magistratus
915 4028 1048 4095 Christo
1074 4052 1195 4096 nomen
1216 4031 1308 4112 dare,
1335 4053 1410 4115 pro-
1462 4028 1550 4092 tione
1578 4037 1753 4111 nequeunt.
1804 4031 1916 4114 Itaque
1942 4033 2018 4097 dum
2044 4032 2123 4098 alibi
2150 4033 2183 4118 (l
2209 4031 2282 4098 Cor.
2314 4037 2347 4110 5,
2385 4031 2437 4116 12)

438 4116 528 4181 tinus
561 4116 717 4200 abrogata
750 4125 799 4182 est
831 4116 1011 4198 spiritualis
1043 4116 1237 4197 iurisdicti03
1276 4117 1333 4184 sod
1364 4119 1412 4182 ita
1462 4119 1640 4197 nepotata
1657 4136 1722 4180 esse
1738 4122 1880 4182 nosram
1901 4123 2061 4183 extraneos
2078 4119 2228 4197 iudicare,
2245 4117 2330 4199 filios
2347 4117 2437 4183 eccle·

439 4199 603 4267 duntaxat
624 4202 783 4280 ordinata,
802 4223 844 4266 ne
866 4200 944 4283 quid
962 4201 1052 4268 civili
1069 4201 1242 4286 derogaret
1263 4212 1320 4268 aut
1337 4225 1412 4269 oum
1463 4201 1531 4265 siae
1555 4202 1696 4267 mauris
1716 4202 1848 4283 subiecit,
1871 4224 1950 4284 quae
1976 4224 2081 4269 eoram
2107 4205 2186 4270 vitio
2214 4204 2370 4285 obstipent,
2399 4224 2437 4268 ac

439 4307 479 4353 ea
499 4287 760 4353 confunderetur.
810 4288 857 4351 Et
876 4287 1010 4367 merito;
1039 4309 1105 4352 non
1128 4289 1216 4353 enim
1237 4290 1411 4372 magistra-
1463 4289 1535 4350 ane
1561 4287 1698 4370 οίοοὶοιο
1723 4288 1844 4354 iudicia
1871 4289 1983 4369 innuit
2006 4312 2027 4354 a
2053 4289 2166 4371 quibus
2187 4311 2273 4356 nemo
2292 4289 2438 4369 fidelium

437 4381 499 4452 tus,
523 4374 551 4438 si
573 4375 647 4456 pius
669 4379 728 4450 ost,
752 4374 895 4438 eximere
917 4393 952 4437 se
970 4372 1060 4438 volet
1080 4376 1246 4439 communi
1266 4375 1413 4440 filiorum
1463 4376 1540 4436 esset
1558 4372 1716 4442 immunis.

438 4457 503 4523 Dei
530 4460 745 4537 subiectione,
774 4458 866 4523 cuius
893 4479 959 4522 non
980 4466 1146 4540 postrema
1173 4480 1249 4543 pars
1270 4468 1336 4541 est,
1359 4482 1412 4539 οο.
1552 4463 1579 4522 6.
1623 4459 1794 4525 Eiusmodi
1827 4481 1905 4525 vero
1932 4467 2091 4544 potestas,
2128 4467 2166 4524 ut
2198 4459 2437 4542 proposuimus,

438 4543 555 4610 clasiae
576 4567 618 4610 ox
638 4545 738 4610 verbo
760 4543 825 4608 Dei
847 4542 1008 4609 iudicanti
1029 4565 1064 4609 se
1086 4545 1244 4612 subiicere
1251 4570 1259 4626 ;
1282 4553 1412 4611 tantum
1464 4564 1530 4608 non
1556 4565 1657 4627 penes
1685 4568 1789 4610 unum
1817 4552 1896 4622 erat,
1923 4554 1962 4610 ut
1988 4567 2047 4629 pro
2070 4564 2130 4610 sua
2150 4544 2285 4610 libidine
2308 4545 2439 4628 quidvis

439 4628 530 4694 abest
550 4638 590 4694 ut
616 4630 774 4695 iudicium
793 4628 877 4693 illud
900 4628 1014 4694 tollere
1043 4629 1166 4695 debeat
1211 4631 1302 4713 Quid
1323 4632 1412 4697 enim
1464 4638 1590 4713 ageret;
1619 4630 1677 4695 sed
1702 4652 1802 4714 penes
1823 4653 2011 4697 consessum
2033 4632 2207 4710 seniorum,
2231 4632 2287 4712 qui
2309 4638 2381 4695 emt
2401 4632 2439 4695 in

438 4714 715 4794 honorificentius,
737 4716 845 4798 inquit
866 4714 1068 4794 Ambrosius,
1082 4717 1107 4795 ¹)
1129 4738 1227 4799 quam
1248 4726 1287 4782 ut
1309 4718 1412 4783 ecole-
1464 4716 1601 4781 eeclesia
1632 4717 1718 4798 quod
1748 4719 1784 4781 in
1816 4717 1898 4781 urbe
1927 4727 1977 4782 est
2003 4724 2146 4781 senatus.
2199 4715 2397 4800 Cyprianus,
2412 4717 2437 4800 ¹)

439 4801 507 4865 siae
528 4801 618 4866 filius
639 4801 767 4866 dicatur
793 4799 991 4883 imperator?
1035 4801 1219 4885 Imperator
1245 4805 1334 4869 onim
1356 4804 1412 4869 ιο·
1463 4821 1567 4883 quum
1592 4803 1742 4866 meminit
1768 4823 1826 4885 per
1853 4822 1933 4884 quos
1961 4823 2019 4867 suo
2046 4809 2192 4884 temporo
2220 4811 2436 4880 exerceretur,

439 4905 504 4950 nus
525 4887 613 4950 intra
629 4886 807 4964 ecelesiam,
825 4907 892 4952 non
909 4907 1009 4968 supra
1026 4887 1195 4953 ecelesiam
1212 4896 1274 4954 ost
1300 4888 1412 4970 Quare
1465 4885 1642 4971 adiungere
1664 4887 1746 4951 solet
1762 4895 1867 4951 totum
1890 4886 2013 4951 olorum
2035 4887 2193 4970 episcopo.
2230 4885 2297 4953 Sed
2320 4888 2437 4973 alibi2)

438 4968 489 5033 illi
515 4972 571 5052 qui
597 4980 635 5036 ut
655 4973 885 5056 magistratum
914 4987 1045 5051 ornent,
1075 4973 1244 5038 ecclesiam
1272 4975 1413 5057 spoliant
1464 4992 1592 5054 quoquo
1614 4971 1823 5051 demonstrat,
1847 4973 1893 5037 sic
1914 4973 2092 5055 praefuisse
2115 4975 2238 5038 clerum
2259 4974 2377 5056 ipsum,
2400 4983 2440 5039 ut

440 5053 503 5118 hac
529 5062 701 5137 potestate,
729 5078 797 5122 non
824 5057 920 5122 modo
940 5057 1025 5123 falsa
1052 5059 1319 5140 interpretatione
1341 5081 1412 5124 cor·
1463 5056 1555 5139 plebs
1582 5057 1715 5121 interim
1748 5078 1768 5121 a
1794 5057 1978 5141 cognitione
2005 5080 2072 5124 non
2100 5059 2336 5125 excluderetur.
2381 5057 2438 5125 Sic

439 5147 599 5223 rumpunt
630 5141 756 5208 Christi
788 5144 1000 5227 sententiam,
1042 5143 1099 5209 sed
1138 5151 1267 5210 sanctos
1300 5163 1412 5210 omnes
1464 5141 1554 5206 enim
1581 5141 1707 5208 scribit:
1735 5144 1776 5210 ab
1803 5144 1896 5209 initio
1922 5145 2125 5228 episcopatus
2151 5146 2217 5210 mei
2244 5145 2345 5211 statui
2366 5146 2439 5210 sine

441 5226 617 5309 episcopos,
639 5228 695 5311 qui
712 5235 781 5294 tam
797 5228 893 5293 multi
911 5250 931 5293 a
948 5236 1095 5312 tempore
1113 5251 1133 5294 a
1156 5229 1335 5295 ostolorum
1355 5250 1413 5294 ex·
1464 5227 1544 5294 cleri
1561 5227 1695 5294 oonsilio
1717 5237 1750 5294 οι
1766 5229 1870 5313 plebis
1888 5251 2051 5296 consensu
2068 5230 2151 5296 nihil
2169 5251 2274 5315 agore.
2311 5230 2439 5295 Verum

441 5313 610 5393 stiterunt,
632 5335 699 5379 non
720 5313 838 5382 leviter
860 5312 1034 5393 damnant,
1056 5335 1120 5397 quo
1165 5316 1323 5381 honorem
1341 5315 1413 5379 offi·
1465 5313 1546 5380 hace
1573 5324 1645 5380 erat
1671 5316 1853 5382 communis
1877 5323 1911 5381 et
1938 5318 2060 5384 usitata
2086 5317 2178 5395 ratio,
2202 5324 2240 5381 ut
2260 5336 2319 5399 per
2340 5334 2439 5381 sona-

440 5398 591 5481 einmque
622 5399 837 5484 magistratus
871 5397 954 5463 falso
986 5407 1160 5483 praetextu
1186 5402 1249 5468 sibi
1274 5421 1413 5485 usurpa-
1799 5436 1801 5441 ·

441 5483 559 5548 verint.
1466 5489 1669 5499 “—

1534 5606 1565 5669 ι)
1582 5607 1670 5674 Epist.
1685 5605 1726 5659 ιι
1744 5607 1805 5659 uer.
1823 5605 1841 5659 a
1859 5612 1887 5659 a
1904 5607 1988 5660 siau
2007 5607 2068 5660 aar.
2087 5607 2165 5675 epist
2184 5605 2218 5659 19
2235 5615 2264 5660 st
2281 5590 2355 5670 hita
2410 5606 2443 5673 a)

512 5671 540 5735 1)
558 5671 645 5738 Epist.
664 5669 706 5724 32.
723 5671 759 5722 ad
777 5668 978 5723 valentianum.
1466 5675 1553 5744 Epist
1573 5673 1613 5727 10.
1633 5674 1693 5726 libr.
1711 5672 1736 5726 3.
