5600 6809
357 750 417 813 321
727 745 818 812 LIB.
840 747 885 812 11.
930 748 994 812 DE
1017 746 1305 815 COGNIrIONE
1328 747 1412 814 DEI
1434 745 1782 816 REDEMPTORIS.
1827 746 1927 814 OAP.
1950 749 1994 814 X.
2301 753 2364 813 322

354 937 442 1002 tibus
467 956 505 1000 ac
528 935 630 1000 natali
652 935 720 1001 solo
742 943 971 1019 praeterquam
1000 936 1088 1019 quod
1109 938 1262 1003 acerbum
1284 945 1334 1002 est
1385 943 1508 1000 terram
1526 936 1750 1018 profitebatur.
1791 933 1830 1000 Si
1842 956 1922 1001 vera
1938 938 2001 1001 fuit
2016 938 2198 1018 affirmatio,
2217 940 2364 1022 sequitur

353 1021 521 1099 exsulare,
549 1021 637 1103 apud
656 1021 774 1086 Laban
801 1021 1001 1087 avunculum
1029 1022 1135 1086 nihilo
1161 1024 1274 1089 mitius
1296 1045 1334 1089 ac
1385 1043 1454 1086 non
1475 1021 1628 1087 habuisse
1645 1023 1755 1105 ipsum
1771 1042 1863 1103 spem
1883 1023 1920 1085 in
1938 1023 2035 1088 rebus
2052 1026 2192 1090 terrenis
2210 1024 2361 1090 defixam

353 1108 533 1175 humanius
561 1107 727 1192 accipitur.
772 1108 896 1172 Parum
924 1115 976 1172 est
1002 1107 1213 1173 durissimam
1237 1115 1334 1192 atque
1475 1111 1522 1171 13.
1568 1107 1607 1173 Si
1635 1109 1740 1174 sancti
1762 1108 1816 1170 isti
1838 1114 1964 1189 patres,
1992 1109 2079 1190 quod
2101 1112 2212 1193 utique
2233 1111 2363 1176 indubi-

353 1193 613 1265 austarissimam
635 1199 758 1275 septem
782 1193 879 1257 annis
901 1194 1025 1258 servire
1043 1194 1246 1273 servitutem,
1268 1195 1334 1260 nisi
1386 1199 1491 1257 tatum
1513 1201 1577 1272 est,
1600 1194 1728 1258 beatam
1751 1194 1854 1259 vitam
1874 1201 2107 1275 exspectarunt
2127 1217 2145 1259 e
2165 1217 2266 1261 manu
2288 1197 2363 1277 Dei,
2392 1239 2398 1251 ·

332 1329 334 1333 ψ
353 1279 430 1348 (1212
453 1277 539 1343 malo
561 1278 597 1342 in
618 1277 900 1344 2121221212121,
933 1279 1209 1346 111121122212112
1226 1281 1334 1364 gratia
1385 1279 1485 1344 aliam
1512 1301 1611 1361 quam
1632 1280 1799 1344 terrestris
1821 1278 1909 1344 vitae
1931 1279 2166 1344 beatitudinem
2187 1289 2221 1346 et
2240 1285 2362 1367 cogita·

352 1367 389 1430 in
416 1384 539 1430 novam
560 1366 751 1429 servitutem
775 1363 1027 1448 ingrediendum
1049 1372 1112 1444 221,
1141 1367 1198 1432 ubi
1225 1373 1332 1432 totum
1384 1375 1465 1430 runt
1485 1372 1518 1428 et
1538 1364 1701 1430 viderunt
1737 1362 1834 1445 Quod
1856 1365 1957 1429 etiam
1978 1365 2198 1446 pulcherrime
2220 1368 2364 1433 ostendit

354 1451 442 1517 diam
464 1450 543 1515 solia
565 1457 657 1514 aestu
678 1457 856 1530 torreatur,
884 1458 983 1517 noctu
1010 1453 1150 1535 pervigil
1173 1459 1333 1536 urgeatur
1384 1451 1550 1533 apostolus
1569 1450 1685 1534 (Hebr.
1708 1454 1757 1529 ll,
1777 1448 1821 1534 9).
1854 1450 1947 1528 Fide,
1968 1451 2085 1533 inquit,
2109 1451 2294 1519 demoratus
2312 1465 2364 1521 est

395 1537 432 1602 lu
463 1555 502 1603 ac
531 1536 670 1619 frigore,
704 1535 978 1618 quemadmodum
1011 1538 1080 1619 ipse
1113 1539 1330 1619 conqueritur.
1383 1536 1554 1602 Abraham
1575 1536 1611 1600 in
1631 1537 1981 1618 terra-promissionis,
2003 1545 2161 1618 tanquam
2182 1538 2303 1616 aliena,
2326 1541 2363 1604 in

353 1557 498 1688 lincam
518 1622 606 1686 vitae
628 1623 839 1704 asperitatem
867 1622 946 1686 dum
969 1644 1071 1688 annos
1093 1625 1212 1707 viginti
1233 1625 1331 1689 susti-
1383 1622 1504 1689 casulis
1530 1621 1724 1700 habitando,
1750 1642 1826 1687 cum
1853 1622 1948 1688 Isaac
1974 1629 2008 1686 21
2029 1623 2127 1688 Iacob
2155 1624 2362 1689 consortibus

353 1716 428 1786 121,
463 1707 606 1791 (12211112
638 1708 733 1773 novis
760 1708 863 1774 soceri
890 1708 1020 1772 iniuriis
1053 1710 1217 1793 affligitur.
1262 1710 1332 1776 Ν22
1383 1707 1531 1773 21221212
1554 1706 1774 1772 haereditatis.
1808 1707 2055 1789 Exspectabant
2075 1710 2163 1772 enim
2186 1710 2362 1775 112221112-

355 1794 444 1859 domi
472 1814 551 1858 2122
579 1794 709 1875 quietus
737 1800 802 1872 221,
835 1815 935 1876 quam
960 1794 1052 1859 videt
1077 1816 1218 1859 uxorum
1240 1796 1332 1873 odiis,
1384 1794 1497 1858 datam
1517 1793 1694 1871 civitatem,
1716 1793 1808 1858 cuius
1830 1793 1939 1875 opifex
1960 1814 1998 1858 22
2019 1794 2167 1860 conditor
2182 1796 2284 1860 Deus.
2318 1797 2362 1861 In

351 1880 486 1964 iurgiis,
519 1879 791 1944 aemulationibus
823 1878 1013 1945 distractam
1040 1903 1078 1946 22
1104 1903 1208 1963 paene
1237 1881 1331 1946 dissi-
1383 1878 1448 1944 fide
1471 1877 1941 1956 12111221122212122221211,
1971 1900 2038 1944 222
2059 1881 2200 1962 acceptis
2221 1882 2362 1963 promis·

353 1974 477 2049 patant
520 1965 587 2031 Ubi
608 1964 645 2028 in
665 1966 806 2047 patriam
826 1964 957 2030 iubetur
978 1986 1013 2031 se
1030 1968 1184 2050 recipere,
1207 1968 1333 2032 abitum
1384 1965 1529 2030 sionibus
1536 1988 1545 2043 ;
1574 1963 1632 2029 sed
1653 1964 1768 2046 procul
1789 1985 1845 2028 eas
1866 1966 2091 2047 inspicientes,
2119 1987 2157 2032 ac
2181 1966 2361 2045 credentes,

353 2059 488 2133 captare
508 2050 557 2115 illi
579 2071 711 2116 necesse
732 2056 783 2115 est
803 2051 1040 2134 ignominiosae
1056 2054 1155 2136 fugae
1176 2053 1331 2132 similem;
1383 2053 1637 2132 confitentesque
1657 2049 1744 2132 quod
1760 2050 1907 2131 hospites
1923 2059 1957 2115 et
1973 2051 2125 2133 inquilini
2141 2052 2250 2116 forent
2262 2074 2361 2135 super

354 2157 415 2202 222
447 2145 558 2202 122122
591 2137 696 2202 soceri
728 2135 934 2219 iniquitatem
965 2137 1013 2200 ita
1044 2147 1152 2220 1121221
1178 2139 1331 2222 affugere,
1383 2149 1515 2201 terram.
1560 2133 1635 2217 Quo
1662 2136 1850 2219 significant
1878 2157 1913 2201 se
1935 2137 2077 2218 patriam
2097 2137 2270 2219 inquirere.
2315 2140 2361 2204 Et

355 2224 436 2306 quin
466 2223 537 2288 eius
563 2221 690 2305 probris
719 2241 757 2288 22
784 2222 990 2288 contumeliis
1016 2224 1053 2287 in
1080 2224 1188 2289 medio
1214 2224 1333 2295 1112212
1383 2224 1412 2288 21
1445 2219 1604 2287 desiderio
1636 2222 1706 2285 eius
1738 2242 1837 2303 quam
1869 2222 2071 2303 reliquerant
2102 2225 2180 2288 tacti
2211 2224 2359 2302 trissant,

354 2316 501 2373 vexetur.
536 2308 668 2390 Excipit
687 2328 766 2372 mox
783 2329 858 2372 eum
875 2308 981 2374 multe
998 2311 1127 2376 saevior
1144 2309 1332 2375 difficultas.
1384 2316 1456 2373 2121
1482 2307 1619 2372 facultas
1644 2306 1844 2372 revertendi:
1879 2307 1936 2372 221
1963 2309 2133 2372 2121121212
2154 2311 2360 2393 appetebant,

354 2393 442 2459 Nam
464 2394 543 2458 dum
565 2393 607 2458 ad
627 2394 763 2457 fratrem
785 2394 922 2471 accedit,
952 2402 1002 2459 tot
1028 2404 1150 2460 mortes
1172 2395 1272 2460 habet
1297 2397 1333 2460 in
1384 2414 1503 2475 nempe
1524 2392 1704 2458 coelestem.
1749 2392 1846 2458 Unde
1867 2393 1961 2458 Deus
1981 2415 2049 2458 non
2071 2396 2231 2460 erubescit
2251 2398 2363 2462 vocari

354 2486 538 2561 conspectu,
560 2489 639 2561 quot
660 2480 701 2543 ab
723 2479 855 2544 homine
875 2479 1001 2546 crudeli
1022 2489 1056 2545 21
1071 2482 1205 2547 inimico
1222 2482 1334 2563 parari
1385 2500 1498 2544 221212
1517 2478 1624 2557 Β212;
1651 2477 1782 2560 quando
1802 2480 1932 2561 paravit
1953 2479 2018 2544 illis
2039 2479 2215 2545 civitatem.
2260 2479 2363 2565 Stipi-

354 2573 486 2648 quaant.
520 2563 612 2627 Diris
633 2585 711 2647 ergo
732 2565 913 2629 terroribus
935 2587 1036 2649 supra
1055 2566 1190 2631 modum
1207 2566 1333 2633 112212-
1384 2564 1471 2629 tibus
1493 2565 1582 2628 enim
1602 2563 1783 2634 obtusiores
1803 2564 1951 2642 fuissent,
1974 2573 2043 2628 tam
2060 2565 2271 2648 pertinaciter
2287 2588 2363 2648 pro-

352 2651 462 2717 ciatur
494 2671 532 2715 ac
565 2648 758 2732 discerpitur
790 2651 946 2731 quamdiu
975 2651 1154 2717 adventum
1176 2654 1247 2718 eius
1275 2674 1333 2718 ax·
1384 2649 1556 2715 missiones
1578 2649 1810 2728 consectando,
1837 2671 1978 2732 quarum
1999 2651 2093 2715 nulla
2111 2673 2186 2735 spes
2207 2652 2243 2715 in
2264 2654 2363 2717 121112

353 2743 494 2818 spectat;
515 2734 572 2800 ubi
592 2736 628 2799 in
649 2743 857 2817 conspectum
878 2737 947 2801 eiua
964 2737 1080 2818 prodit,
1102 2746 1261 2821 tanquam
1282 2760 1333 2804 22-
1384 2736 1576 2835 apparebat,
1603 2735 1666 2800 nisi
1693 2735 1967 2818 complementum
1993 2758 2108 2801 earum
2130 2737 2208 2802 alibi
2228 2758 2362 2820 exspec-

352 2822 551 2886 mimortuus
583 2819 623 2884 ad
651 2820 751 2903 pedes
771 2821 971 2904 procumbit,
999 2823 1099 2890 donec
1121 2825 1334 2906 placatioram
1384 2829 1517 2888 tassent
1563 2820 1603 2884 Id
1624 2841 1702 2886 1212
1728 2821 1765 2883 in
1792 2822 1908 2903 primis
1929 2843 1996 2886 nou
2017 2823 2088 2887 sine
2110 2824 2236 2887 ratione
2256 2833 2362 2908 urget,

356 2907 472 2984 sentit,
501 2908 601 2988 quam
629 2927 761 2989 sperare
789 2928 888 2972 ausus
913 2908 1029 2973 fuerat
1073 2909 1127 2974 Ad
1156 2911 1236 2975 hacc
1264 2911 1333 2975 Ra
1384 2907 1473 2991 quod
1511 2906 1809 2989 peregrinationem
1849 2906 1934 2972 hano
1976 2907 2079 2973 vitam
2118 2917 2362 2992 nuncuparunt,

327 2992 456 3070 ·chele,
479 2991 574 3057 unice
597 2991 716 3058 dilecta
737 2994 890 3076 coniuge,
917 2995 1024 3075 primo
1052 3000 1160 3060 terrae
1181 2997 1334 3079 ingressu
1384 2993 1525 3076 qualiter
1557 3000 1590 3058 21
1622 2993 1731 3057 Moses
1764 2992 1866 3056 refert
1897 2992 2075 3075 (112247,
2101 2994 2146 3077 9).
2202 2992 2242 3058 si
2274 2996 2364 3060 enim

354 3079 512 3161 privatur.
540 3078 661 3142 Postea
682 3098 780 3159 quem
802 3077 843 3142 ab
855 3099 894 3142 22
904 3079 1010 3144 filium
1022 3080 1208 3157 sustulerat,
1231 3102 1333 3163 eoque
1384 3078 1550 3162 peregrini
1570 3086 1605 3142 21
1625 3077 1779 3159 inquilini
1801 3078 1933 3143 suntin
1949 3087 2039 3142 terra
2047 3077 2193 3156 (laneam
2213 3081 2270 3145 ubi
2287 3102 2362 3162 pro-

354 3184 434 3246 prae
455 3163 528 3228 aliia
548 3163 689 3242 amabat,
713 3164 824 3228 21212
844 3164 1024 3230 1222121112
1046 3166 1150 3246 audit;
1178 3167 1269 3232 cuius
1291 3187 1351 3232 ex1
1384 3165 1496 3229 missio
1512 3164 1665 3241 Domini,
1689 3184 1754 3245 qna
1774 3163 1864 3229 illius
1885 3164 2053 3229 constituti
2072 3170 2162 3228 212111
2182 3164 2361 3231 haeredes?

354 3256 460 3314 morte
469 3259 629 3331 quantum
648 3252 972 3333 moereremeeparit,
992 3251 1135 3316 12212121
1150 3254 1229 3334 ipsa,
1247 3252 1332 3335 quod
1384 3250 1559 3315 Manifesta
1591 3271 1628 3315 21
1701 3249 1826 3315 indicat
1849 3249 1979 3334 longius
2008 3257 2170 3331 spectare,
2203 3250 2289 3331 quod
2322 3250 2362 3315 de

355 3345 431 3418 post
449 3335 620 3400 diuturnas
641 3335 805 3418 lacrymas
832 3336 956 3401 solatiis
982 3338 1133 3404 omnibus
1161 3339 1251 3403 viam
1276 3339 1333 3404 ob·
1384 3336 1589 3420 possessione
1610 3336 1621 3398 i
1648 3336 1677 3400 is
1694 3335 1860 3400 Dominus
1880 3336 2082 3419 promiserat
2112 3332 2224 3416 Quare
2245 3335 2363 3418 pedem

355 3421 474 3486 atinate
502 3420 640 3496 claudit,
668 3421 751 3485 nihil
778 3420 841 3485 sibi
871 3421 1035 3504 reliquum
1060 3424 1185 3489 faciens
1210 3425 1275 3489 nisi
1295 3432 1334 3488 ut
1384 3424 1420 3486 in
1441 3429 1531 3486 12112
1542 3420 1680 3487 (1211222
1697 3443 1762 3486 222
1786 3422 2007 3504 acquisierunt
2027 3422 2091 3484 nisi
2109 3421 2145 3484 in
2167 3420 2362 3502 sepulcrum,

356 3505 532 3573 descendat
559 3506 602 3571 ad
630 3507 736 3572 filium
758 3506 876 3590 lugens
898 3509 933 3571 in
955 3509 1149 3591 sepulcrum
1193 3510 1333 3575 Interim
1384 3529 1449 3591 quo
1481 3508 1687 3574 testabantur
1725 3529 1761 3572 22
1799 3527 1929 3590 sperare
1963 3508 2108 3572 fructum
2139 3505 2383 3589 promissionis

354 3601 469 3676 raptus
490 3600 525 3655 21
543 3590 710 3658 defloratio
726 3592 824 3669 filiae,
846 3593 883 3657 in
904 3594 945 3660 iis
961 3594 1168 3660 vindicandis
1189 3595 1333 3661 filiorum
1385 3595 1527 3659 nonnisi
1543 3601 1768 3677 postmortem
1786 3603 2005 3676 percepturos.
2039 3595 2149 3674 Atque
2167 3592 2247 3656 haec
2264 3614 2363 3657 causa

356 3676 508 3753 audacia,
533 3697 616 3760 quae
636 3677 732 3742 illum
754 3698 821 3742 non
842 3679 963 3745 1221212
984 3681 1080 3746 21212
1102 3681 1224 3746 1222121
1245 3680 1334 3764 apud
1385 3688 1436 3744 ast
1467 3702 1526 3746 cur
1558 3680 1643 3744 tanti
1676 3679 1898 3744 aestimaverit
1924 3678 2021 3743 Iacob
2048 3678 2115 3743 illic
2143 3678 2289 3759 sepeliri,
2323 3687 2362 3742 21

355 3783 469 3829 212222
489 3765 632 3847 regionis
652 3764 790 3842 incolas,
818 3763 875 3829 sed
901 3767 1204 3849 praesentissimum
1230 3768 1333 3833 inter·
1384 3764 1595 3830 iureiurando
1618 3763 1765 3847 adegerit
1784 3764 1889 3828 filium
1906 3764 2026 3845 Ioseph
2048 3762 2091 3827 ad
2112 3784 2185 3827 eam
2206 3763 2363 3845 pollicita-

355 3849 501 3914 nacionis
523 3849 703 3931 periculum
720 3850 769 3914 illi
787 3859 965 3930 creaverat,
988 3859 1130 3934 quantae
1147 3854 1331 3930 anxietatis,
1385 3854 1509 3917 tionem
1515 3874 1524 3930 ;
1556 3872 1617 3916 cur
1637 3849 1756 3931 Ioseph
1788 3856 1863 3931 post
1892 3849 2015 3931 aliquot
2041 3848 2170 3914 saecula
2191 3850 2363 3915 transferri

354 3934 481 4010 luctus,
513 3935 614 4000 taedii
641 3957 758 4001 causae
785 3936 901 4000 erant?
947 3935 1104 4021 Sequitur
1132 3937 1333 4004 horrendum
1385 3959 1459 4003 ossa
1482 3957 1551 4014 sua,
1582 3937 1648 3999 iam
1670 3934 1797 4016 pridem
1816 3935 2017 4000 1221221221
2039 3935 2361 4017 221121122,12122111

354 4019 439 4084 illud
455 4021 617 4105 flagitium
635 4021 754 4087 Rubcn
774 4022 991 4106 primogeniti,
1014 4045 1078 4106 quo
1095 4024 1179 4090 nihil
1199 4025 1333 4108 gravius
1474 4027 1523 4086 14.
1567 4020 1718 4101 Denique
1739 4028 1851 4103 aperte
1873 4029 2016 4099 constat,
2046 4022 2082 4084 in
2103 4021 2253 4086 omnibus
2276 4022 2363 4088 vitae
2419 4091 2426 4102 ,

354 4105 503 4172 22211212
534 4115 669 4189 poterat.
714 4107 801 4171 Nam
833 4128 935 4189 quum
962 4109 1048 4173 inter
1075 4129 1204 4175 summa
1230 4111 1332 4175 infor·
1385 4108 1502 4176 studiis
1534 4107 1734 4189 propositam
1759 4107 1890 4171 futurae
1917 4107 2004 4172 vitae
2036 4106 2272 4172 beatitudinem
2303 4107 2363 4172 ha·

354 4193 449 4257 121112
477 4201 654 4275 reponatur
681 4194 793 4257 uxoris
813 4192 964 4276 pollutio,
993 4193 1072 4277 quid
1096 4195 1268 4260 dicendum
1290 4197 1333 4261 sit
1384 4195 1502 4261 buisse.
1547 4191 1714 4273 Quorsum
1746 4193 1836 4256 enim
1867 4193 2160 4277 primogenituram
2193 4198 2363 4273 tantopere

355 4277 412 4345 ubi
438 4299 459 4342 a
479 4278 610 4361 proprio
631 4278 699 4343 filio
719 4287 944 4361 perpetratum
965 4286 1016 4344 221
1036 4277 1071 4344 id
1089 4280 1216 4345 scelus?
1260 4282 1332 4346 Ali-
1385 4281 1582 4356 affectasset,
1612 4285 1767 4361 tantoque
1788 4279 1933 4362 periculo
1957 4280 2125 4345 ambiisset
2143 4277 2255 4354 Iacob,
2279 4295 2362 4356 quae

355 4372 478 4446 quanto
499 4373 574 4445 post
595 4364 697 4429 altero
718 4366 846 4430 incestu
867 4365 1109 4430 contaminatur
1130 4367 1267 4446 familia,
1293 4375 1333 4432 ut
1385 4366 1537 4432 exsilium
1569 4372 1603 4430 21
1630 4371 1761 4429 12211112
1792 4386 1860 4430 222
1892 4363 2130 4431 abdicationem
2160 4361 2210 4425 illi
2242 4361 2362 4457 confla·

356 4450 658 4517 wustantissimum
685 4451 806 4533 alioqui
834 4458 868 4515 21
895 4451 1073 4516 1211221212
1094 4453 1332 4519 calamitatibus
1384 4460 1462 4519 tura
1493 4463 1578 4529 2121,
1609 4451 1688 4515 boni
1719 4472 1798 4517 vero
1830 4451 1914 4515 nihil
1946 4471 2079 4532 prorsus
2110 4447 2263 4524 allatura,
2296 4446 2361 4509 1121

357 4535 503 4601 animum
524 4542 574 4599 121
596 4535 753 4602 12122212
772 4536 967 4602 labefactare
989 4537 1137 4602 debeant.
1182 4535 1331 4603 1121121-
1385 4540 1428 4606 ad
1449 4538 1599 4603 altiorem
1626 4535 1886 4603 benedictionem
1904 4531 2120 4617 respexisset?
2153 4531 2264 4611 Atque
2284 4550 2361 4594 eum

356 4627 499 4686 12212212
520 4622 617 4700 11122,
639 4622 718 4686 1212
740 4643 818 4687 suae
841 4644 879 4688 ac
900 4644 1034 4688 suorum
1055 4623 1183 4688 inediae
1200 4646 1332 4691 succur-
1384 4626 1447 4691 sibi
1475 4645 1608 4688 sensum
1635 4624 1736 4688 fuisse
1763 4622 1942 4689 declaravit
1975 4642 2015 4685 22
2041 4636 2120 4682 voce
2147 4636 2246 4698 quam
2273 4617 2362 4682 inter

356 4726 428 4772 rere
450 4708 593 4791 quaerit,
615 4709 694 4774 novi
716 4708 889 4773 infortunii
909 4711 1028 4774 nuntio
1050 4709 1254 4791 percellitur,
1276 4711 1332 4793 qui
1383 4712 1518 4776 ultimos
1550 4709 1684 4792 spiritus
1721 4708 1836 4779 edidit:
1871 4706 2015 4772 salutare
2041 4716 2135 4766 tuum
2167 4702 2361 4784 exspectabo

356 4792 513 4876 intelligit
537 4793 644 4858 filium
665 4795 806 4859 21121212
834 4795 869 4859 12
891 4795 1032 4861 11222112
1054 4793 1205 4876 detineri;
1235 4817 1332 4880 quem
1384 4795 1719 4876 112212211121149,
1744 4794 1807 4878 18).
1841 4791 1951 4873 Quam
1972 4789 2111 4854 salutem
2133 4796 2361 4868 exspectasset,

356 4886 396 4943 21
412 4879 556 4961 recipiat,
574 4879 751 4945 Beniamin
767 4881 903 4946 unicum
919 4903 1017 4946 snum
1035 4880 1240 4962 desiderium,
1259 4905 1334 4966 par·
1384 4904 1486 4967 quum
1507 4881 1706 4965 intelligeret
1726 4902 1762 4946 se
1779 4880 1923 4943 animam
1933 4874 2110 4956 exspirare,
2132 4872 2196 4938 nisi
2208 4874 2361 4939 inmorte

356 4964 489 5029 mittere
511 4965 583 5030 aliis
604 4967 741 5047 cogitur.
782 4964 866 5046 Quis
886 4975 981 5050 putet
998 4969 1034 5031 in
1055 4975 1151 5034 tanta
1171 4969 1333 5034 malorum
1385 4971 1518 5035 initium
1544 4988 1649 5034 novae
1676 4967 1764 5033 vitae
1792 4960 1962 5030 cerneret?
2006 4961 2053 5024 111
2076 4958 2155 5057 quid
2177 4958 2218 5024 de
2239 4961 2361 5026 2222112

357 5051 509 5133 congerie
529 5059 733 5115 momentum
758 5050 806 5115 illi
828 5051 957 5131 datum,
985 5075 1049 5136 quo
1077 5055 1194 5119 saltem
1221 5077 1333 5122 secure
1385 5077 1424 5122 ac
1444 5054 1522 5120 filiis
1539 5054 1603 5119 Dei
1625 5053 1851 5134 disceptamus,
1873 5066 1976 5128 quum
1995 5044 2153 5111 eiusmodi
2174 5045 2362 5130 intelligen-

356 5136 556 5218 respiraret?
600 5137 716 5218 Itaque
744 5135 814 5218 ipse
842 5141 984 5220 optimus
1012 5138 1053 5204 de
1074 5162 1109 5206 se
1129 5143 1225 5206 testis
1246 5163 1333 5208 asse-
1385 5144 1450 5207 tiae
1471 5148 1570 5224 gustu
1596 5160 1639 5203 ne
1660 5139 1689 5202 is
1710 5134 1839 5217 quidam
1861 5131 2012 5210 caruerit,
2033 5131 2090 5213 qui
2110 5131 2282 5196 veritatem
2303 5151 2361 5212 op-

356 5227 452 5287 varat
478 5221 661 5295 Pharaoni,
695 5220 764 5287 dies
791 5243 866 5287 suos
898 5224 1013 5290 breves
1042 5246 1080 5291 ae
1105 5227 1210 5292 malos
1233 5228 1334 5293 1111222
1384 5246 1534 5311 pugnare
1554 5224 1675 5305 alioqui
1696 5217 1882 5285 nitebatur?
1928 5214 2018 5296 Quid
2040 5217 2128 5281 enim
2149 5216 2212 5281 sibi
2231 5216 2360 5312 volebat

357 5316 609 5389 superterram
643 5306 711 5388 Qui
733 5328 791 5390 par
812 5309 984 5373 continuas
1004 5312 1154 5377 miserias
1174 5314 1277 5378 vitam
1299 5334 1334 5379 sa
1385 5313 1542 5388 Balaam,
1582 5329 1683 5390 quum
1723 5305 1845 5370 diceret
1875 5302 2067 5388 (1112123,
2091 5304 2160 5385 1011
2200 5310 2360 5365 moriatur

358 5394 556 5477 transegisse
571 5393 771 5476 pronuntiat,
794 5402 894 5491 negat
914 5394 1059 5477 profecto
1080 5417 1155 5461 eam
1169 5400 1334 5481 prosperi·
1385 5399 1497 5464 anima
1516 5415 1592 5459 mea
1611 5398 1717 5457 morte
1737 5390 1908 5469 iustorum,
1929 5396 1964 5454 21
1983 5389 2068 5454 fiant
2086 5387 2264 5453 novissima
2285 5406 2360 5450 mea

357 5483 461 5543 tatem
482 5500 518 5543 22
539 5479 680 5547 sensisse
703 5498 786 5563 quae
802 5478 1207 5562 ilhaDominopromisaa
1216 5485 1332 5548 fuerat
1385 5483 1507 5552 similia
1532 5499 1660 5554 eorum,
1689 5476 1753 5543 nisi
1779 5475 1866 5560 quod
1892 5475 2054 5542 2221121121
2078 5472 2113 5536 11
2140 5469 2226 5554 quod
2246 5477 2361 5553 postea

357 5563 449 5648 Ergo
481 5572 539 5629 211
569 5565 734 5648 malignus
761 5566 977 5649 ingratusque
1003 5565 1069 5630 Dei
1090 5567 1216 5650 gratiae
1236 5568 1334 5632 aesti-
1383 5566 1496 5634 David
1516 5562 1660 5648 prodidit
1678 5562 1781 5647 (Psal
1804 5567 1874 5643 116,
1896 5567 1935 5626 15
1957 5568 1992 5626 21
2014 5563 2064 5637 34,
2086 5557 2160 5642 22),
2182 5557 2360 5655 pretiosam

358 5659 466 5715 mater
486 5657 557 5715 2121
577 5651 685 5730 Iacob,
708 5660 864 5718 2111212
886 5673 921 5718 22
938 5651 1098 5717 miserum
1115 5650 1214 5716 121222
1235 5672 1334 5734 super
1384 5674 1456 5720 2222
1475 5657 1614 5717 12211212
1636 5657 1825 5716 sanctorum
1844 5651 1883 5715 in
1903 5653 2080 5730 conspectu
2100 5644 2251 5722 Domrm,
2271 5663 2361 5708 2121-

464 5751 575 5808 0212121·
589 5770 680 5822 opera.
719 5754 776 5810 Vol.
794 5753 838 5808 11.
2121 5742 2157 5798 ²1
