5600 6809
347 712 354 727 ’
381 759 444 819 aaa
716 752 806 818 ιιι,
829 752 890 818 ιι.
934 752 998 816 on
1019 748 1254 816 ιιιιιιιιιιιιι
1276 706 1443 817 uanus
1465 751 1530 816 ιιι
1554 748 1783 818 satorum
1828 750 1928 818 oar.
1949 752 2045 818 ιιιι.
2324 758 2386 820 ιιι

380 944 466 1009 dico:
486 941 615 1025 quando
633 941 757 1024 inipso
775 948 877 1005 totam
895 940 1018 1005 habent
1040 961 1132 1005 suam
1150 938 1356 1017 soliditatem,
1381 945 1385 1072 Ι
1410 959 1543 1005 vcoaam
1569 940 1709 1005 manebit.
1758 940 1951 1006 Cavendum
1978 947 2149 1022 praeterea
2177 963 2218 1006 ue
2240 943 2276 1007 in
2297 965 2386 1008 erro-

380 1052 440 1094 ιιιι
463 1027 641 1110 quidquam
662 1036 758 1092 extra
779 1029 887 1110 ipsum
908 1027 1112 1110 promittunt.
1161 1025 1227 1106 an
1253 1025 1358 1089 minas
1410 1048 1481 1091 rem
1499 1025 1596 1090 huius
1618 1027 1751 1091 affinem
1767 1047 1827 1091 nos
1845 1025 2008 1092 abducant
2029 1049 2112 1110 quae
2125 1026 2167 1091 ad
2185 1028 2387 1111 amplifican-

381 1114 553 1180 tolerabila's
575 1134 661 1177 error
680 1119 725 1177 eat
747 1112 835 1177 Petri
858 1112 1042 1190 hembardi,
1056 1110 1081 1194 ¹)
1111 1113 1167 1191 qai
1188 1111 1299 1174 ἀιιινιι
1320 1129 1357 1175 ea
1411 1111 1487 1175 dam
1515 1099 1792 1177 sacramentorum
1816 1112 2012 1196 dignitatem
2043 1114 2141 1195 paulo
2170 1114 2385 1198 magnificen-

380 1202 521 1264 iaatitiae
548 1205 576 1264 et
602 1199 716 1264 salatia
740 1218 854 1263 causac
878 1199 956 1280 facit
981 1218 1115 1278 qaoram
1135 1201 1245 1277 partes
1276 1201 1357 1260 caat.
1409 1199 1475 1261 tius
1497 1219 1516 1261 a
1537 1197 1702 1263 veteribus
1724 1199 1844 1280 scripta
1866 1207 1958 1264 sunt:
1982 1207 2020 1262 ιιι
2046 1199 2169 1265 ιιιΙιιιι
2188 1201 2385 1266 arbitremur

386 1287 498 1366 Itaqae
520 1286 626 1350 cauas
647 1285 798 1363 omaa'baa,
820 1304 901 1365 qaas
922 1283 985 1348 sior·
1005 1283 1096 1365 aaqa
1116 1282 1252 1346 bominis
1273 1283 1357 1364 a'aqe-
1409 1285 1565 1348 latentem
1587 1283 1729 1366 aliquam
1746 1285 1902 1349 virtutem
1924 1286 2137 1351 sacramentis
2156 1305 2320 1350 annexam
2337 1287 2385 1351 af·

313 1398 314 1401 ¹
381 1374 486 1449 ariam,
515 1371 618 1436 calere
645 1372 757 1449 lassis,
786 1391 842 1434 aes
868 1370 905 1432 ia
923 1370 981 1434 bac
1001 1370 1097 1433 aaica
1119 1368 1247 1432 retineri
1268 1368 1356 1433 decet,
1410 1371 1575 1451 fixamque
1597 1391 1682 1449 essa,
1714 1391 1776 1452 quo
1796 1373 1868 1451 ipsa
1888 1390 1948 1451 per
1969 1392 2005 1435 ιι
2027 1372 2161 1455 spiritus
2184 1373 2288 1437 sancti
2309 1392 2384 1455 gra-

380 1456 551 1538 Quantum
574 1457 677 1539 igitur
703 1464 774 1520 tum
802 1455 845 1521 ad
867 1476 979 1520 veram
1002 1454 1128 1519 Christi
1151 1454 1300 1517 notitiam
1321 1454 1357 1517 in
1409 1456 1473 1519 tias
1495 1455 1589 1520 nobis
1611 1456 1796 1539 conferant,
1823 1455 2098 1538 quemadmodum
2120 1459 2235 1523 vinum
2256 1459 2291 1522 in
2313 1478 2385 1523 cra-

379 1544 473 1608 uobis
491 1541 681 1620 fovendam,
704 1541 979 1619 confirmandam,
1002 1540 1199 1624 aagendam,
1221 1546 1294 1602 tum
1315 1538 1357 1603 ad
1410 1549 1478 1606 tere
1505 1543 1716 1623 propinatur;
1750 1562 1851 1623 quum
1884 1542 1945 1607 hoc
1977 1551 2109 1607 tautum
2135 1545 2204 1608 illis
2230 1544 2385 1611 divinitae

379 1650 455 1693 eum
477 1628 607 1711 plenius
628 1627 869 1710 possidendum,
892 1626 1111 1708 fruendosque
1133 1626 1203 1689 eius
1225 1624 1357 1690 divitias
1410 1628 1584 1692 iniunctam
1604 1629 1647 1692 cit
1666 1648 1789 1706 marias,
1812 1628 1980 1693 testificari
2002 1630 2095 1694 nobis
2118 1650 2155 1694 ac
2176 1631 2298 1695 sancire
2319 1629 2385 1695 Dei

378 1714 512 1779 illorum
533 1714 714 1778 ministerio
737 1712 947 1790 adiuvamur,
972 1719 1103 1776 tautum
1125 1710 1210 1793 apud
1232 1732 1293 1776 nos
1311 1711 1357 1776 ef·
1381 1716 1384 1799 ξ
1410 1714 1446 1777 in
1471 1733 1531 1777 nos
1559 1713 1834 1791 benevolentiam,
1869 1734 1930 1778 nec
1957 1715 2094 1779 ulterius
2120 1717 2293 1798 proficiant
2319 1717 2384 1781 nisi

379 1801 510 1865 ficaciae
540 1799 670 1864 habent.
714 1797 756 1863 Id
782 1808 892 1863 autem
919 1800 958 1862 fit
985 1799 1042 1863 ubi
1064 1797 1148 1879 quod
1170 1797 1238 1861 illic
1260 1798 1357 1862 offer·
1381 1816 1384 1865 ι
1410 1799 1582 1864 accesserit
1592 1800 1726 1880 spiritus
1736 1807 1869 1864 sanctus
1886 1801 1942 1881 qui
1958 1809 2086 1866 mentes
2104 1822 2141 1864 ao
2159 1799 2256 1867 corda
2272 1808 2386 1868 nostra

379 1896 444 1962 tur,
467 1907 546 1950 vera
567 1885 631 1951 fide
653 1886 856 1967 suscipimus.
901 1886 1043 1968 Ergone,
1071 1883 1207 1966 inquies,
1231 1883 1265 1946 id
1287 1884 1357 1948 effi·
1411 1885 1555 1966 aperiat,
1589 1905 1714 1968 uosque
1747 1886 1846 1949 huius
1879 1887 2059 1951 testimonii
2091 1907 2225 1969 capaces
2258 1887 2383 1952 reddat.

380 1973 472 2037 ciunt
494 1992 553 2035 sua
574 1970 813 2055 ingratitudine
835 1971 940 2051 impii,
970 1980 1008 2033 ut
1036 1969 1129 2033 irrita
1156 1971 1199 2034 ιιι
1220 1970 1284 2034 Dei
1304 1964 1357 2033 or·
1409 1970 1475 2036 Ubi
1498 1971 1596 2034 etiam
1618 1971 1729 2035 variae
1752 1970 1987 2054 distinctaeque
2008 1974 2072 2037 Dei
2092 1973 2218 2056 gratim
2238 1972 2385 2038 lueulen·

379 2056 516 2134 dinatio,
540 2077 577 2122 ac
601 2058 636 2120 in
666 2057 806 2120 nihilum
835 2056 951 2121 cedat?
996 2055 1198 2137 Respondco,
1222 2076 1288 2119 non
1311 2056 1357 2120 sic
1410 2066 1461 2120 ter
1483 2057 1636 2121 eminent.
1674 2054 1890 2122 Sacramenta
1907 2060 2004 2136 enim,
2028 2067 2065 2122 ut
2087 2080 2188 2142 supra
2207 2059 2385 2141 attigimus,

379 2142 631 2226 intelligendum
658 2143 745 2224 quod
772 2142 855 2220 dixi,
884 2144 977 2224 quasi
1005 2140 1046 2206 ab
1073 2143 1143 2206 eius
1165 2143 1219 2223 qui
1242 2142 1358 2225 recipit
1409 2142 1444 2206 id
1466 2149 1543 2207 sunt
1564 2143 1657 2206 nobis
1680 2143 1788 2206 aDeo
1806 2141 1892 2224 quod
1913 2142 1954 2207 ab
1976 2144 2163 2209 hominibus
2186 2165 2297 2208 rerum
2318 2145 2386 2209 lae-

380 2228 567 2293 conditione
606 2238 664 2292 aut
694 2229 828 2293 arbitrio
861 2229 911 2294 vis
944 2239 977 2291 ιι
1006 2229 1128 2293 veritas
1161 2228 1357 2292 sacramenti
1410 2236 1520 2292 tarum
1538 2229 1659 2304 nuntii,
1681 2229 1728 2292 vel
1750 2228 1863 2292 arrhae
1885 2231 2043 2311 inpactis
2063 2231 2255 2295 sanciendis:
2283 2235 2387 2311 utpote

378 2314 529 2396 pendeat.
574 2314 692 2378 Manet
713 2315 800 2377 enim
823 2316 956 2378 firmum
983 2313 1070 2396 quod
1090 2314 1182 2377 Deus
1204 2314 1355 2391 institnit,
1410 2334 1492 2395 quae
1521 2334 1586 2377 non
1613 2335 1633 2376 a
1660 2336 1694 2379 se
1721 2314 1852 2396 quidem
1880 2316 2065 2398 largiantur
2092 2315 2215 2397 aliquid
2248 2317 2385 2399 gratiae,

378 2409 595 2481 naturamque
623 2421 716 2464 suam
743 2401 876 2478 retinet,
907 2408 1072 2481 uteunque
1100 2400 1229 2463 varient
1250 2400 1356 2463 homi·
1410 2399 1468 2465 sed
1490 2401 1681 2464 renuntient
1702 2407 1736 2463 et
1757 2400 1947 2478 ostendant,
1977 2408 2069 2482 otqae
2096 2402 2146 2473 (at
2172 2407 2246 2466 artat
2272 2401 2387 2467 arrhae

379 2506 453 2563 nes;
477 2484 535 2548 scd
557 2506 657 2567 quum
675 2485 764 2550 alind
784 2487 828 2550 sit
845 2487 972 2563 offerre,
992 2483 1080 2549 aliud
1098 2485 1251 2567 recipere,
1274 2484 1358 2549 nihil
1410 2491 1439 2550 et
1459 2484 1605 2568 teoseme)
1627 2491 1700 2550 rata
1721 2487 1808 2566 apad
1828 2508 1885 2552 aas
1904 2488 2025 2568 faciant
2047 2507 2130 2570 quae
2152 2488 2265 2553 divina
2286 2487 2397 2571 largi·

379 2571 488 2635 obstat
514 2572 710 2652 quominus
739 2583 966 2636 consecratum
988 2569 1087 2636 verbo
1110 2571 1245 2635 Domini
1267 2592 1357 2654 eym-
1410 2580 1478 2635 tate
1505 2570 1598 2635 nobis
1627 2569 1703 2634 data
1731 2579 1817 2636 sunt.
1863 2571 2008 2655 Spiritus
2036 2582 2167 2638 sanctus
2196 2595 2293 2655 quem
2319 2594 2386 2638 non

379 2656 491 2721 bolum
514 2657 557 2721 sit
585 2679 620 2719 re
642 2679 722 2722 vera
744 2657 830 2738 quod
853 2657 985 2736 dicitur,
1012 2658 1143 2739 vimque
1166 2678 1261 2721 suam
1282 2678 1357 2721 oon-
1410 2657 1561 2721 omnibus
1583 2657 1764 2737 promiscue
1780 2666 1987 2724 sacramenta
2009 2659 2188 2737 advehunt,
2211 2659 2268 2723 sed
2289 2679 2388 2740 quem

380 2751 503 2818 servet,
519 2742 626 2816 ‚nulla
647 2749 758 2806 tamen
787 2741 864 2806 inde
890 2743 1014 2807 utilitas
1035 2742 1077 2807 ad
1099 2743 1266 2807 hominem
1289 2764 1357 2807 sce·
1410 2740 1574 2807 Dominus
1600 2742 1809 2823 peculiariter
1837 2745 1906 2808 suis
1934 2744 2072 2821 confert,
2108 2747 2136 2808 is
2164 2753 2214 2810 est
2240 2745 2295 2826 qui
2321 2743 2387 2810 Dei

380 2827 500 2892 lestum
519 2849 556 2892 ae
573 2829 713 2910 impium
731 2829 908 2910 perveniat
944 2827 1011 2893 Sed
1029 2830 1116 2893 hano
1133 2829 1358 2910 quaestionem
1410 2829 1533 2910 gratias
1559 2848 1669 2892 secum
1699 2828 1809 2907 affert,
1839 2831 1893 2911 qui
1924 2829 1981 2893 dat
2002 2832 2214 2895 sacramentis
2237 2832 2272 2893 in
2294 2828 2387 2896 nobis

379 2915 491 2996 paucis
523 2914 631 2978 verbis
659 2914 742 2978 bone
774 2912 873 2978 solvit
899 2915 1158 2997 Augustinus&
1188 2915 1215 2977 si
1243 2934 1357 2980 carna·
1410 2914 1526 2991 locum,
1550 2915 1606 2995 qui
1628 2914 1727 2978 efficit
1744 2921 1781 2977 ut
1807 2915 2012 2980 fructificent.
2057 2913 2255 2997 Quanquam
2276 2924 2387 2981 autem

379 2998 463 3075 liter,
486 2999 603 3081 inquit,
627 3000 755 3081 accipis,
780 2999 948 3082 spirituale
967 3021 1036 3064 esse
1055 3021 1123 3064 non
1141 2999 1276 3078 desinit;
1300 3000 1357 3064 sed
1409 2999 1519 3063 Deum
1555 3001 1662 3080 ipsam
1698 3000 1965 3081 praesentissima
1996 3001 2131 3081 spiritus
2171 3001 2222 3065 sui
2254 3002 2386 3080 virtute,

379 3083 439 3147 tibi
472 3105 540 3148 uon
573 3094 631 3150 est.
687 3083 973 3166 Quemadmodum
1005 3107 1083 3150 vero
1101 3094 1356 3177 ‘sacramentum
1409 3106 1487 3150 suae
1514 3085 1715 3149 institutioni
1743 3084 1858 3150 adesse
1886 3106 1953 3149 non
1973 3086 2168 3163 infitiamur,
2191 3108 2234 3149 nc
2262 3086 2385 3151 inirac-

380 3192 450 3234 rem
471 3192 541 3235 esse
559 3171 664 3248 nihili,
688 3171 716 3235 si
737 3191 756 3233 a
775 3173 913 3236 veritate
932 3194 990 3236 sua
1008 3183 1188 3254 separatur,
1211 3171 1357 3252 superio-
1409 3180 1506 3235 tuosa
1533 3171 1576 3234 sit
1595 3178 1629 3234 et
1656 3172 1764 3235 inanis
1792 3192 1891 3253 quam
1919 3171 2083 3236 ordinavit
2109 3178 2387 3237 sacramentorum

380 3255 470 3319 ribus
492 3256 571 3321 locis
594 3256 738 3336 ostendit
757 3258 978 3339 Augustinus,
1005 3257 1052 3321 sic
1080 3256 1194 3341 alibiss)
1222 3259 1257 3321 ιιι
1286 3257 1358 3339 ipsa
1410 3256 1659 3335 administratio,
1680 3258 1869 3321 interiorem
1891 3267 2000 3321 tamen
2023 3258 2156 3340 spiritus
2179 3258 2326 3340 gratiam,
2348 3264 2387 3320 ut

379 3361 506 3422 quoque
524 3343 758 3421 coniunctione,
777 3342 985 3408 distinctione
1007 3364 1088 3425 opus
1106 3364 1176 3407 esse
1195 3341 1356 3419 admonet,
1410 3341 1451 3406 ab
1478 3349 1614 3419 externo
1641 3342 1825 3407 ministerio
1853 3342 2007 3407 (ιιιιιιιιιι
2028 3352 2091 3422 ιιι,
2120 3364 2268 3408 scorsum
2288 3364 2386 3424 repu-

380 3448 422 3490 ne
448 3427 484 3490 iu
511 3434 646 3491 externo
669 3429 762 3510 signo
789 3428 888 3493 nimis
911 3430 1113 3493 haereamus.
1158 3428 1206 3494 Ut
1227 3428 1357 3492 literam
1410 3427 1545 3492 tendam
1581 3436 1613 3492 et
1645 3428 1854 3511 cogitandam
1878 3430 2059 3494 asserimus.
2110 3428 2261 3493 Praestat
2287 3429 2386 3511 iqitar

380 3514 484 3594 sequi,
512 3512 633 3593 inquit,
663 3521 696 3576 et
722 3515 817 3596 signa
843 3535 902 3596 pro
932 3516 1028 3580 rebus
1056 3516 1201 3597 accipere
1228 3513 1357 3580 servilis
1408 3535 1478 3578 vere
1503 3514 1595 3580 Deae
1620 3515 1774 3595 qaidqaid
1800 3515 1902 3597 siqaa'a
1923 3516 2080 3595 promittit
2106 3535 2144 3579 ac
2169 3515 2304 3598 piparat;
2332 3533 2386 3580 aea

379 3598 580 3661 infirmitatis
598 3607 657 3676 est,
681 3599 728 3664 sio
745 3599 905 3664 inutiliter
926 3601 1021 3684 signa
1042 3602 1250 3683 interpretari
1272 3600 1357 3665 male
1381 3630 1384 3643 =
1409 3601 1514 3680 eliada
1541 3620 1598 3664 cao
1626 3604 1732 3664 careat
1758 3600 1863 3683 atqua,
1890 3605 1925 3664 at
1951 3621 2049 3666 verca
2071 3605 2098 3664 et
2116 3600 2223 3681 fidelia
2237 3601 2387 3681 probam

379 3684 531 3767 vagantis
553 3685 673 3749 erroris
693 3693 751 3749 est.
796 3686 872 3750 Duo
899 3688 991 3769 ponit
1017 3687 1101 3751 vitia
1121 3707 1204 3768 quae
1226 3685 1280 3752 hic
1303 3708 1356 3751 ca·
1409 3706 1514 3749 emam
1535 3690 1633 3750 aator.
1681 3686 1817 3749 Tantam
1836 3686 1886 3750 laic
1906 3687 2077 3767 qaaeritar,
2094 3687 2268 3768 propriane
2288 3691 2316 3750 et
2337 3688 2386 3751 ia·

378 3767 485 3833 venda
517 3770 636 3853 sint:⁴)
670 3770 826 3849 alterum,
860 3771 939 3835 dum
971 3774 1018 3837 ita
1050 3772 1228 3854 accipimus
1261 3773 1357 3855 sigua
1407 3772 1543 3836 tharaca
1571 3772 1621 3855 (at
1647 3772 1827 3854 loqaaatar)
1854 3773 1968 3836 virtute
1989 3777 2128 3852 operetur
2149 3772 2247 3850 Dera,
2270 3792 2314 3836 aa
2334 3792 2386 3836 ea·

378 3876 416 3920 ac
439 3856 466 3919 si
487 3855 611 3919 frustm
633 3855 710 3920 data
732 3864 849 3934 esseut,
877 3866 1054 3941 nostraque
1075 3858 1280 3942 malignitate
1302 3878 1355 3921 ar·
1408 3859 1506 3922 araia
1524 3856 1671 3939 tardetis
1691 3858 1825 3940 raaiqaet
1853 3877 1932 3922 saas
1952 3858 2048 3950 cirea,
2087 3857 2155 3922 Noa
2176 3877 2246 3921 varo
2268 3862 2386 3922 anea

378 3960 477 4004 canas
495 3961 607 4005 eorum
626 3943 879 4023 significationes
896 3943 1054 4008 elevando
1072 3952 1130 4008 aut
1147 3944 1355 4008 extenuando
1408 3945 1528 4022 dimas,
1555 3962 1753 4023 qaoecreaqae
1780 3942 1925 4008 adhibeat
1952 3964 2085 4025 orqaac,
2106 3943 2289 4022 macariae
2309 3937 2386 4009 'aaa

377 4026 537 4091 efficimus
554 4048 596 4090 ne
614 4048 712 4108 quem
732 4030 825 4093 nobis
842 4029 985 4093 fructum
1007 4030 1155 4094 afferant.
1191 4029 1354 4104 Alterum,
1407 4029 1580 4109 opaaioni
1608 4027 1690 4092 cabil
1716 4028 1865 4093 derdere.
1915 4029 1955 4092 Id
1981 4049 2083 4110 quum
2110 4027 2243 4093 docetur
2270 4027 2311 4092 de
2332 4049 2385 4094 sa·

377 4111 457 4174 dum
478 4119 606 4176 mentes
628 4112 715 4176 ultra
735 4112 863 4178 risibile
891 4115 1023 4198 signum
1045 4136 1112 4178 non
1134 4115 1290 4197 erigendo
1313 4114 1355 4179 ad
1408 4113 1598 4192 oramentis,
1627 4122 1661 4178 et
1686 4134 1800 4177 eorum
1823 4112 1966 4198 dignitas
1988 4113 2155 4196 praeclare
2177 4112 2384 4178 commenda-

376 4198 486 4278 ipsum
513 4198 739 4262 transferimus
768 4220 880 4263 eorum
907 4201 1066 4265 bonorum
1092 4199 1238 4278 laudem,
1272 4221 1354 4282 quae
1408 4208 1478 4277 tur,
1512 4207 1547 4264 ιι
1578 4221 1658 4264 usus
1685 4207 1796 4282 aperte
1825 4199 2006 4277 indicatur,
2040 4207 2074 4264 ιι
2099 4199 2223 4263 utilitas
2253 4197 2383 4263 abunde

375 4303 444 4347 uon
471 4284 535 4347 nisi
561 4283 601 4347 ab
630 4305 696 4347 uno
724 4284 857 4349 Christo
887 4285 980 4350 nobis
1009 4286 1235 4364 conferuntur,
1257 4286 1354 4367 idque
1406 4286 1627 4368 praedicatur,
1656 4293 1690 4350 ct
1714 4285 1830 4349 modus
1859 4286 1894 4349 in
1921 4285 1963 4350 iis
1990 4283 2140 4350 omnibus
2167 4284 2309 4365 optimus
2330 4304 2383 4348 re-

376 4389 435 4450 per
462 4369 617 4450 spiritum
644 4377 810 4449 sanctum,
838 4371 895 4451 qui
916 4392 975 4436 nos
1003 4371 1082 4436 facit
1104 4370 1231 4437 Christi
1251 4372 1354 4453 ipsius
1406 4373 1537 4450 tinetur,
1559 4380 1600 4435 ut
1620 4391 1725 4453 neque
1747 4368 1912 4435 deferatur
1932 4371 1998 4437 illis
2015 4370 2192 4453 quidquam
2209 4368 2296 4451 quod
2315 4388 2382 4434 non

376 4457 565 4536 participes,
600 4461 628 4520 et
662 4458 787 4535 quidem
818 4456 1041 4521 adiaaaatibas
1073 4459 1211 4521 raama
1242 4459 1353 4540 siquis,
1406 4465 1548 4539 oportet,
1575 4478 1680 4539 neque
1701 4477 1835 4521 rursum
1862 4456 1948 4538 quod
1968 4457 2034 4521 illis
2056 4455 2207 4520 convenit
2229 4453 2382 4518 detraha-

376 4560 464 4617 qaae,
487 4543 517 4603 ιι
533 4561 590 4606 aas
607 4542 650 4606 ad
670 4539 831 4606 Chactam
849 4543 993 4621 iavitaat,
1011 4542 1065 4606 aba·
1083 4544 1148 4608 alio
1165 4549 1352 4623 torqueatur,
1406 4552 1469 4608 tur.
1524 4543 1663 4607 Interim
1695 4541 1777 4606 illud
1810 4542 1936 4606 tollitur
1962 4543 2156 4623 figmentum
2190 4559 2255 4621 quo
2288 4539 2382 4603 iusti·

376 4625 505 4705 iadiqae
525 4629 675 4692 evertitur
695 4632 757 4693 tota
779 4649 884 4693 eoram
905 4628 1035 4694 utiliter.
1405 4629 1565 4695 ficationis
1594 4649 1692 4694 causa
1717 4629 1887 4711 virtusque
1919 4627 2053 4709 spiritus
2080 4625 2184 4690 sancti
2212 4623 2383 4690 clementis

466 4713 513 4772 17.
559 4709 782 4790 Quamobrem
799 4715 903 4778 fixum
926 4721 1067 4793 maneat,
1090 4736 1157 4779 non
1179 4736 1250 4780 esse
1272 4715 1353 4781 alias
1406 4736 1465 4781 ceu
1499 4714 1641 4780 vasculis
1668 4736 1706 4780 ao
1734 4713 1890 4796 plaustris
1918 4710 2113 4788 includitur,
2147 4718 2180 4773 ιι
2208 4710 2383 4792 praecipua

377 4805 658 4860 sacramentorum
685 4821 782 4880 quarn
808 4799 900 4865 verbi
921 4800 987 4864 Dei
1007 4808 1132 4882 partes:
1159 4808 1352 4882 quaesunt,
1405 4801 1463 4865 illa
1489 4801 1540 4866 vis
1566 4821 1650 4883 quae
1676 4800 1717 4864 ab
1745 4799 1817 4862 aliis
1844 4797 2074 4879 praetermissa
2101 4795 2164 4858 fuit
2181 4795 2302 4860 diserte
2323 4816 2381 4860 ex·

377 4880 495 4943 oll'erre
516 4878 609 4960 uobis
631 4902 669 4946 ac
694 4905 875 4968 proponere
893 4885 1080 4965 Christum,
1108 4896 1142 4951 et
1162 4889 1197 4951 in
1220 4907 1258 4951 ιο
1280 4907 1352 4952 coe-
1403 4886 1553 4969 plicatur.
1603 4885 1668 4950 Hic
1698 4903 1817 4965 qaoque
1849 4881 2022 4946 notandam
2053 4887 2112 4960 art,
2145 4882 2226 4962 qaod
2256 4886 2382 4947 eatena

375 4965 467 5029 lestis
490 4965 615 5048 gratiae
637 4967 816 5034 thesauros.
852 4972 945 5035 Nihil
968 4981 1079 5037 autem
1101 4974 1273 5038 conferrmt
1295 4980 1353 5037 aut
1405 4974 1522 5037 actione
1541 4972 1661 5055 fiqarat
1681 4991 1717 5034 aa
1739 4972 1870 5032 astam
1890 4966 2039 5044 minister,
2061 4966 2167 5032 Deam
2188 4967 2273 5030 iataa
2283 4988 2381 5047 pera·

375 5057 514 5132 prosunt
540 5049 603 5113 nisi
625 5049 691 5114 fide
712 5066 852 5136 accepta.
899 5057 972 5120 Noa
993 5078 1081 5122 secas
1102 5080 1139 5123 ac
1160 5060 1282 5138 anam,
1304 5059 1353 5124 vel
1402 5079 1489 5141 qere:
1515 5058 1622 5122 acad
1648 5054 1802 5118 homiaem
1826 5051 1986 5116 mortalem
2011 5052 2158 5116 trabatur
2183 5053 2264 5133 qaod
2291 5052 2382 5118 Deus

376 5138 491 5213 oleam,
520 5135 566 5200 cel
594 5137 681 5202 alias
705 5138 807 5216 liqaor
828 5142 993 5218 quamlibet
1014 5143 1099 5224 larqe
1120 5145 1286 5224 infandae,
1309 5144 1353 5226 ef·
1404 5143 1466 5208 cabi
1492 5145 1550 5208 aai
1579 5141 1729 5206 vendicat.
1774 5137 1818 5202 Id
1844 5139 1940 5203 etiam
1954 5137 2128 5218 madatter
2147 5139 2290 5203 admonet
2310 5139 2381 5202 Aa·

371 5223 448 5302 slaet
472 5229 573 5286 tamea
599 5243 637 5286 ac
652 5223 770 5304 peribit
791 5224 857 5287 atsi
887 5230 994 5302 aperto
1015 5228 1102 5290 casia
1122 5249 1189 5291 ore:
1216 5251 1274 5294 aas
1297 5250 1353 5294 aa·
1402 5231 1563 5312 pastinare:
1577 5224 1602 5308 ¹)
1630 5223 1792 5305 qaomod0,
1820 5224 1936 5304 inqua,
1963 5227 1991 5288 et
2019 5222 2126 5288 Moses
2152 5224 2381 5304 sanctificata

375 5313 435 5373 tera
461 5310 568 5391 ipsam
594 5309 732 5389 anaeque
753 5308 938 5389 perfusam,
963 5309 1058 5373 iaaac
1083 5311 1288 5378 nihilominus
1315 5335 1352 5378 ac
1405 5314 1520 5381 Deae?
1554 5331 1616 5374 awa
1643 5308 1751 5373 Moses
1773 5330 1837 5389 pro
1864 5308 1948 5388 Deo,
1986 5309 2041 5373 aad
2067 5308 2174 5374 Moses
2203 5308 2380 5373 mattam

1405 5396 1611 5466 sacramentis
1626 5415 1688 5475 per
1708 5395 1919 5460 ministeriam
1939 5415 2044 5474 aaaa,
2066 5393 2156 5461 Deae
2176 5399 2279 5457 uatem
2299 5395 2379 5458 iaal-

400 5669 405 5679 Ι
443 5600 477 5667 1)
491 5601 565 5654 Libr.
584 5598 610 5653 4.
629 5599 703 5653 Sent.
723 5599 784 5680 dist.
804 5598 829 5651 1.
892 5596 923 5666 2)
940 5598 1040 5652 Homil.
1059 5598 1088 5652 in
1105 5599 1198 5652 Ioann.
1216 5598 1258 5652 26.
1321 5599 1351 5668 3)
1815 5670 1820 5681 .

373 5668 449 5721 Libr.
467 5669 491 5722 3.
509 5670 550 5723 De
568 5669 654 5722 doctr.
673 5669 766 5722 elimat.
785 5684 842 5737 oap.
860 5665 885 5721 9.
954 5667 985 5737 4)
1002 5675 1066 5721 sunt
1083 5665 1262 5722 1590—1667.
1473 5668 1502 5735 1)
1522 5670 1630 5734 Quacst.
1648 5675 1702 5724 ret.
1721 5675 1784 5725 teat.
1802 5670 1863 5723 hbr.
1882 5667 1907 5723 3.
1926 5686 1983 5739 cap.
2002 5667 2043 5722 84.
