5600 6809
399 768 460 830 805
760 764 849 828 LIB.
873 764 933 830 IV.
978 764 1041 827 DE
1063 759 1301 828 EXTERNIS
1321 759 1489 853 111111)ῌὸ
1511 763 1577 827 ΑΒ
1600 760 1832 830 omarum
1877 763 1976 830 CAP.
1999 766 2041 830 V.
2342 776 2407 838 806

398 954 497 1018 rebus
524 973 654 1016 sursum
682 950 834 1016 deorsum
861 952 929 1016 iam
955 952 1135 1030 conversis,
1164 951 1313 1016 abbatiae
1341 958 1374 1014 et
1428 958 1463 1015 et
1484 951 1587 1016 veluti
1614 952 1757 1035 nohegee
1788 953 1857 1017 eius
1885 962 1995 1017 esseut
2017 954 2053 1017 in
2079 976 2217 1020 munere
2239 959 2404 1039 pastorali.

397 1038 562 1120 prioratus
583 1059 650 1100 non
673 1044 803 1102 tantum
829 1037 1050 1102 saecularibus
1072 1036 1287 1120 presbyteris,
1317 1037 1374 1102 sed
1428 1036 1619 1122 Dignitatas
1640 1038 1715 1101 illae
1737 1038 1932 1120 capitulares
1950 1060 2031 1121 quas
2053 1048 2181 1119 vocant,
2205 1042 2289 1106 nihil
2311 1064 2406 1126 pror·

398 1125 508 1207 pueris
536 1144 662 1204 quoque
690 1123 877 1206 privilegio,
905 1123 1013 1188 idest
1040 1122 1171 1205 vulgari
1198 1130 1231 1186 et
1254 1123 1376 1188 usitata
1428 1144 1484 1188 sus
1517 1130 1667 1204 spectant
1699 1121 1741 1187 ad
1772 1145 1884 1189 veram
1925 1125 2080 1190 ecclesiae
2119 1126 2405 1208 gubernationem

399 1208 649 1286 consuetudine,
674 1209 895 1274 conferuntur.
948 1207 1118 1288 Quantum
1144 1207 1185 1271 ad
1207 1230 1374 1274 mercena·
1427 1208 1532 1272 multo
1563 1209 1674 1273 minus
1707 1209 1922 1291 capellaniae,
1957 1221 1990 1274 et
2022 1210 2148 1294 reliqna
2180 1213 2255 1277 faex
2288 1215 2405 1280 talium

399 1295 465 1359 1111
483 1294 609 1370 attinet,
628 1296 684 1376 qui
701 1295 736 1357 in
752 1295 840 1381 diem
858 1296 982 1359 victum
1000 1301 1173 1377 quaerunt,
1193 1293 1270 1375 quid
1286 1294 1374 1359 aliud
1428 1294 1608 1358 nominum.
1656 1293 1730 1374 Quo
1752 1295 1854 1379 igitur
1882 1296 1951 1361 1111
1974 1318 2029 1361 111
2052 1318 2167 1362 omnes
2189 1298 2403 1366 habebimus?

399 1381 545 1445 facerent
563 1401 663 1462 quam
685 1380 772 1462 quod
794 1380 938 1445 faciunt?
963 1401 1079 1462 nempe
1102 1391 1139 1443 ut
1160 1378 1311 1444 illiberali
1337 1403 1374 1445 ac
1429 1378 1528 1444 Certe
1556 1388 1589 1443 et
1618 1381 1756 1445 verbum
1786 1381 1926 1458 Christi,
1955 1392 1989 1445 ct
2015 1383 2137 1448 veteris
2166 1384 2320 1450 ecclesiae
2348 1386 2405 1450 ob-

398 1465 551 1548 pudendc
573 1466 669 1529 modo
692 1487 763 1533 sese
784 1466 984 1548 prostituant
1006 1464 1047 1530 ad
1069 1472 1255 1547 quaestum:
1279 1487 1374 1547 prae·
1428 1467 1570 1530 servatio
1599 1488 1653 1530 eos
1681 1488 1700 1529 a
1727 1465 1925 1551 presbyterii
1952 1467 2077 1532 honore
2107 1469 2260 1534 excludit.
2306 1471 2406 1537 Pres-

399 1553 514 1616 sertim
535 1552 572 1615 in
593 1559 687 1616 tanta
708 1551 919 1617 multitudine
940 1562 1063 1633 quanta
1084 1573 1174 1615 nunc
1196 1552 1282 1616 orbis
1304 1572 1374 1617 sca-
1427 1551 1561 1634 byteros
1588 1558 1700 1614 tamen
1730 1573 1765 1616 se
1787 1574 1858 1618 esse
1880 1553 2097 1633 contendunt;
2121 1554 2179 1619 scd
2201 1554 2405 1621 detrahenda

398 1646 453 1701 tet.
498 1637 614 1719 Itaque
643 1659 745 1719 quum
772 1638 881 1719 palam
909 1637 1096 1702 mendicare
1125 1658 1191 1701 non
1220 1636 1373 1716 audeant,
1428 1643 1479 1700 est
1497 1637 1599 1701 larva:
1624 1637 1671 1700 sic
1689 1638 1898 1720 reperiemus,
1917 1648 2021 1702 totam
2039 1661 2153 1703 111111
2170 1642 2405 1723 professionem

398 1723 450 1789 vel
478 1724 541 1787 hac
569 1723 625 1787 via
651 1731 806 1804 reputent
833 1746 868 1788 se
896 1744 1012 1805 parum
1038 1724 1254 1805 profecturos,
1284 1723 1375 1787 velut
1428 1722 1662 1787 alienissimam
1685 1745 1756 1788 esse
1778 1746 1816 1788 ac
1844 1725 2097 1790 remotissimam
2119 1726 2159 1790 ab
2181 1726 2238 1790 illo
2268 1750 2405 1793 munere

398 1830 494 1874 canes
511 1809 652 1873 famelici
674 1808 885 1885 circumeunt,
909 1818 943 1874 11
960 1830 1019 1872 sua
1039 1808 1288 1890 importunitate
1306 1831 1374 1872 non
1427 1807 1694 1892 presbyterorum
1716 1809 1801 1891 quod
1822 1816 1856 1872 et
1877 1811 2014 1894 apostoli
2036 1809 2129 1875 uobis
2152 1810 2350 1892 describunt,
2373 1822 2407 1879 et

399 1915 491 1959 secus
519 1915 556 1957 ac
588 1894 709 1957 latratu
743 1904 941 1977 extorquent
967 1894 1007 1957 ab
1039 1894 1154 1958 invitis
1187 1894 1374 1960 hominibus
1426 1893 1463 1956 in
1481 1894 1587 1976 prima
1604 1895 1740 1959 ecclesia
1757 1896 1951 1978 requisitum
1971 1896 2042 1961 fuit.
2077 1894 2203 1961 Omnes
2221 1918 2299 1980 ergo
2319 1900 2405 1964 eius·

398 1979 483 2063 quod
510 1981 546 2042 in
574 1978 703 2043 aridum
731 1988 882 2045 ventrem
909 1981 1070 2063 ingerant.
1116 1980 1182 2044 Hic
1210 1980 1238 2043 si
1266 1980 1374 2046 verbis
1427 1979 1515 2044 modi
1538 1979 1669 2044 ordines
1691 1980 1937 2064 quibuscunque
1960 1982 2066 2045 titulis
2089 1982 2322 2065 insignientur,
2346 2007 2405 2049 no·

396 2067 548 2148 persequi
576 2086 675 2130 coner
702 2073 863 2147 quantum
891 2066 935 2130 sit
964 2064 1103 2131 dedecus
1130 2066 1301 2145 ecclesiae,
1336 2089 1373 2130 11
1427 2065 1502 2128 vitii
1522 2087 1623 2149 quum
1645 2066 1722 2143 sint,
1746 2073 1835 2132 certe
1857 2087 1918 2130 nec
1940 2065 2005 2131 Dei
2027 2067 2243 2146 institutione,
2268 2089 2328 2134 noc
2347 2091 2405 2133 an-

396 2151 533 2216 rediisse
555 2151 714 2215 honorem
737 2161 770 2214 et
791 2173 912 2215 munus
934 2151 1144 2235 presbyterii,
1172 2152 1283 2217 nullus
1311 2154 1374 2217 crit
1427 2151 1519 2233 tiqua
1540 2152 1695 2217 ecclesiae
1716 2152 1943 2217 observatione
1972 2153 2113 2231 suffulti,
2142 2153 2249 2217 lccmn
2276 2155 2406 2219 nullum

396 2237 481 2302 finis.
527 2237 604 2300 Non
626 2245 676 2300 est
696 2236 798 2320 igitur
820 2259 879 2302 cur
900 2259 919 2300 a
940 2258 994 2301 me
1022 2245 1212 2320 exspectent
1234 2238 1372 2304 lectores
1426 2237 1547 2302 habere
1571 2236 1691 2303 debent
1712 2239 1749 2302 in
1777 2237 1996 2320 descriptione
2017 2238 2188 2321 regiminis
2216 2238 2404 2321 spirittmlis,

396 2324 579 2386 orationem
606 2341 688 2404 quae
718 2330 786 2386 tam
812 2324 991 2406 flagitiosae
1018 2322 1209 2406 indignitati
1237 2345 1371 2407 respon·
1427 2323 1513 2405 quod
1531 2345 1587 2388 cre
1602 2322 1739 2388 Domini
1757 2324 1860 2406 ipsius
1877 2332 2102 2406 consecratum
2119 2324 2254 2388 ccclesia
2272 2326 2404 2408 recepit.

398 2408 481 2473 deat.
517 2408 672 2472 Breviter
689 2407 774 2472 dico:
794 2409 823 2473 si
839 2408 1023 2493 presbyteri
1041 2409 1186 2475 officium
1202 2415 1253 2473 est
1271 2410 1372 2494 (qnod
1425 2410 1511 2485 Aut,
1536 2410 1561 2494 ¹)
1600 2409 1629 2474 si
1660 2408 1775 2474 rudius
1808 2430 1846 2472 ac
1879 2411 2019 2474 crassius
2052 2430 2106 2472 me
2137 2409 2228 2491 loqui
2266 2407 2404 2487 malunt,

397 2501 431 2556 et
459 2492 597 2557 verbum
620 2492 685 2556 Dei
712 2494 919 2576 praescribit,
949 2502 983 2558 et
1009 2495 1132 2561 vetusti
1155 2515 1295 2560 canones
1321 2518 1372 2562 re·
1425 2493 1555 2577 quando
1583 2495 1759 2576 capellani,
1788 2496 1951 2574 canonici,
1981 2494 2112 2572 decani,
2146 2496 2338 2577 praepositi,
2369 2505 2403 2561 et

396 2579 548 2662 quirunt)
585 2579 755 2644 ecclesiam
788 2601 940 2662 pascere,
976 2593 1009 2644 et
1041 2580 1212 2662 spirituale
1245 2581 1372 2647 Christi
1425 2581 1496 2644 eius
1518 2581 1644 2644 farinae
1667 2581 1762 2646 otiosi
1779 2589 1913 2646 ventres
1931 2602 1974 2645 ne
1995 2581 2131 2645 minimo
2149 2578 2282 2662 quidem
2300 2580 2403 2664 digito

396 2686 538 2748 regnum
559 2663 803 2729 administrare:
828 2667 910 2731 tales
933 2687 1046 2731 omnes
1064 2666 1201 2730 sacrifici
1223 2668 1280 2750 qui
1297 2668 1371 2732 nul·
1424 2666 1619 2748 particulam
1640 2665 1742 2729 ullam
1759 2666 1929 2749 attingunt
1946 2666 2017 2730 eius
2035 2665 2133 2730 officii
2150 2666 2237 2748 quod
2258 2667 2294 2730 in
2311 2688 2403 2749 pres·

395 2749 467 2814 lum
495 2750 560 2814 nisi
587 2751 622 2812 in
649 2750 825 2816 missarum
853 2750 1091 2816 nundinatione
1119 2773 1201 2834 opus
1229 2759 1286 2816 aut
1313 2754 1371 2818 sti-
1424 2750 1549 2836 byteris
1572 2751 1755 2816 necessario
1776 2753 1969 2833 requiritur,
1999 2773 2066 2815 non
2095 2760 2145 2817 est
2172 2752 2344 2817 ferendum
2366 2764 2403 2817 ut

395 2834 554 2919 pendium
577 2834 711 2915 habent,
740 2857 809 2899 non
834 2835 930 2902 modo
957 2846 1086 2902 cessant
1113 2839 1150 2901 in
1171 2839 1290 2917 officio,
1315 2837 1372 2903 sed
1424 2837 1506 2902 11111
1535 2837 1597 2901 sibi
1624 2836 1783 2900 honorem
1811 2835 1999 2920 usurpando
2026 2845 2174 2903 sanctam
2196 2836 2322 2903 Christi
2350 2838 2402 2901 in-

395 2921 526 2985 nullum
548 2919 635 3004 quod
657 2931 832 2988 exerceant
858 2923 1045 3007 legitimum
1067 2923 1190 2987 habent
1218 2924 1369 2989 officium
1424 2924 1629 2988 stitutionem
1651 2921 1785 2987 violent.

394 3008 504 3072 Locus
527 3007 616 3070 enim
638 3006 776 3072 docendi
797 3009 863 3073 illis
885 3009 997 3073 nullus
1019 3006 1130 3090 datur,
1154 3009 1281 3073 nullam
1301 3010 1371 3091 ple·
1513 3014 1561 3072 ll.
1613 3006 1802 3091 Supersunt
1834 3007 1977 3089 episcopi
2007 3015 2040 3070 et
2072 3007 2302 3089 parochiarum
2332 3029 2402 3072 rec

394 3091 471 3156 bem
498 3090 621 3156 habent
646 3114 744 3175 quam
772 3094 966 3177 gubernent.
1011 3094 1164 3176 Denique
1192 3095 1278 3158 nihil
1306 3096 1371 3160 illis
1425 3103 1525 3159 tores:
1549 3094 1605 3177 qui
1626 3095 1754 3159 utinam
1777 3093 1817 3158 de
1839 3093 2012 3158 retinendo
2031 3093 2136 3157 officio
2154 3093 2398 3159 contenderent

394 3178 558 3260 reliquum
580 3187 631 3242 est
651 3187 782 3261 praeter
803 3181 906 3244 altare
928 3181 1049 3263 inquo
1071 3180 1244 3246 Christum
1258 3182 1371 3246 sacri·
1424 3179 1584 3244 Libenter
1606 3180 1696 3243 enim
1716 3179 1782 3245 illis
1804 3178 2064 3255 concederemus,
2088 3185 2142 3242 111
2162 3176 2284 3241 habere
2309 3178 2402 3260 pium

394 3264 502 3328 ficent.
540 3258 637 3342 Quod
659 3285 727 3328 non
749 3278 799 3330 est
821 3265 903 3345 Deo,
927 3265 985 3331 sed
1007 3265 1186 3331 daemoniis
1207 3266 1314 3345 litare,
1334 3274 1372 3331 11
1424 3273 1458 3330 11
1479 3266 1638 3330 eximium
1658 3288 1789 3343 munus,
1813 3264 1973 3348 siquidem
1991 3285 2029 3328 eo
2050 3262 2321 3346 defungerentur3
2344 3262 2401 3327 sed

395 3346 473 3412 alibi
495 3347 686 3414 videbimus.
1066 3357 1072 3367 '
1424 3373 1526 3435 quum
1548 3351 1700 3418 ecclesias
1722 3351 1782 3416 sibi
1805 3351 1994 3418 commissas
2016 3348 2195 3414 deserendo
2225 3369 2402 3432 earumque

486 3438 533 3497 10.
578 3435 653 3498 Non
675 3436 802 3520 attingo
825 3437 879 3500 hic
901 3446 1060 3502 extranea
1080 3438 1174 3516 vitia,
1204 3438 1262 3503 sed
1288 3438 1371 3502 dun·
1424 3458 1538 3504 curam
1569 3439 1605 3502 in
1638 3437 1718 3502 alios
1749 3435 1926 3503 reiiciendo
1959 3436 2072 3501 haberi
2104 3443 2253 3518 pastores
2274 3435 2401 3513 volunt,

395 3528 488 3583 taxat
514 3520 709 3585 intestinum
729 3522 866 3602 malum,
888 3524 974 3605 quod
1001 3524 1037 3587 in
1064 3525 1210 3606 ipsorum
1237 3524 1371 3589 institu-
1423 3521 1560 3607 perinde
1592 3524 1719 3588 faciunt
1747 3545 1784 3589 ac
1814 3524 1843 3588 si
1875 3543 1996 3586 munus
2028 3521 2168 3604 pastoris
2200 3529 2287 3585 11111
2317 3510 2403 3585 riihil

395 3605 486 3670 tione
516 3605 672 3670 radicitus
698 3607 820 3673 haeret.
865 3608 995 3673 Addam
1023 3631 1151 3687 vocem,
1181 3630 1264 3692 quae
1285 3610 1372 3675 male
1424 3629 1531 3693 agere.
1569 3607 1608 3674 Si
1625 3610 1698 3692 quis
1715 3609 1909 3686 foenerator,
1929 3608 1984 3690 qui
2001 3627 2170 3688 nunquam
2186 3605 2304 3689 pedem
2321 3606 2403 3672 mbo

395 3690 525 3756 sonabit
545 3691 581 3753 in
604 3713 718 3756 eorum
740 3693 887 3773 cumbum
910 3693 967 3761 sed
990 3696 1066 3777 quia
1082 3717 1163 3762 vera
1181 3704 1240 3774 est,
1264 3695 1371 3761 dicere
1423 3702 1586 3774 moveret,
1614 3702 1778 3760 aratorem
1800 3715 1835 3758 se
1857 3702 1915 3757 aut
1935 3693 2111 3759 vinitorem
2139 3714 2209 3756 csse
2231 3694 2402 3775 profitere-

396 3784 538 3858 opcrtet:
563 3776 677 3841 eodem
699 3779 769 3844 1111
791 3779 958 3846 habendos
981 3803 1051 3846 esse
1073 3782 1255 3860 canonicos,
1278 3780 1371 3846 deca-
1423 3788 1493 3862 tm·;
1522 3783 1550 3847 si
1568 3781 1671 3860 miles,
1694 3781 1751 3864 qui
1771 3778 1922 3844 assiduus
1938 3779 2055 3844 fuisset
2075 3779 2110 3842 in
2133 3779 2201 3842 acie
2219 3788 2253 3843 11
2277 3780 2401 3856 1111111,

395 3883 471 3939 nos,
501 3863 701 3944 capellanos,
735 3887 813 3946 prae
857 3867 950 3945 sitos,
985 3879 1018 3932 et
1046 3869 1230 3950 quicunque
1258 3868 1371 3932 oticsis
1423 3868 1532 3931 forum
1553 3874 1610 3930 aut
1626 3865 1727 3930 libros
1744 3886 1914 3947 nunquam
1930 3864 2076 3942 vidisset,
2094 3884 2153 3946 pro
2171 3864 2403 3930 imiseonsulto

396 3946 584 4013 sacerdotiis
611 3949 753 4013 aluntur.
830 3952 905 4016 ualc
930 3953 1019 4016 enim
1047 3954 1202 4019 ecclesiae
1223 3955 1372 4019 ministe-
1423 3975 1459 4018 se
1480 3951 1675 4030 venditaret,
1698 3951 1771 4034 quis
1792 3951 1893 4016 ferret
1913 3957 1981 4014 tam
2002 3947 2132 4031 putidas
2153 3950 2208 4013 ine
2232 3949 2315 4014 tias?
2339 3952 2402 4015 Ac

395 4034 482 4097 rium
505 4044 671 4116 praestare
690 4036 834 4118 queunt?
867 4038 954 4101 Nam
972 4038 1064 4103 verbi
1084 4039 1369 4121 praedicationem,
1424 4038 1481 4120 qui
1499 4038 1664 4120 aliquanto
1682 4035 1854 4101 absurdius
1870 4036 1927 4100 1111
1943 4036 2076 4113 faciunt,
2096 4035 2153 4116 qni
2170 3971 2275 4099 videri
2286 4035 2403 4100 volunt

397 4139 510 4182 curam
533 4118 732 4202 disciplinae,
757 4129 791 4184 et
812 4140 1091 4188 sacramentorum
1114 4123 1370 4189 administratio-
1424 4133 1459 4187 et
1491 4122 1824 4206 nominari‘lcgitimi
1851 4121 2006 4186 ecclesiae
2032 4129 2194 4203 pastores,
2229 4132 2262 4183 et
2290 4128 2400 4183 tamen

395 4226 482 4283 nem
506 4213 662 4287 anquam
684 4227 785 4270 onera
806 4208 904 4272 nimis
925 4209 1063 4274 molesta
1079 4210 1102 4293 ¹)
1131 4231 1208 4274 ase
1238 4210 1371 4292 depule·
1425 4229 1496 4275 esse
1523 4208 1649 4273 nolunt
1694 4206 1823 4288 Quotus
1852 4208 1942 4271 enim
1971 4207 2107 4289 quisque
2137 4214 2187 4270 est
2215 4206 2270 4287 qui
2292 4205 2346 4267 vel
2365 4205 2401 4268 in

395 4299 483 4354 runt.
536 4289 625 4370 Quid
658 4312 736 4375 ergo
769 4292 893 4357 habent
925 4295 1088 4377 reliquum
1114 4314 1178 4376 qno
1207 4317 1243 4360 se
1275 4316 1371 4360 veros
1424 4296 1567 4379 speciem
1588 4293 1742 4359 ecclesiae
1764 4313 1842 4358 suae
1862 4293 2012 4375 regimen
2034 4291 2150 4356 obeat?
2184 4289 2328 4354 Plurimi
2349 4309 2401 4354 ec-

395 4374 605 4460 presbyteros
628 4398 698 4442 esse
721 4378 864 4443 iactent?
896 4378 1041 4444 Cautum
1063 4381 1186 4446 scilicet
1207 4391 1241 4445 et
1262 4401 1370 4445 caere-
1424 4381 1597 4446 clesiarum
1630 4379 1756 4444 reditus
1784 4386 1852 4444 tota
1883 4379 1953 4443 vita
1979 4376 2153 4454 devorant,
2189 4373 2229 4438 ad
2256 4394 2335 4455 quae
2357 4395 2401 4439 ne

395 4463 581 4526 monierum
603 4483 765 4546 pompam.
810 4468 858 4529 At
878 4465 1036 4548 quidhoc
1057 4466 1098 4531 ad
1118 4467 1210 4530 rem?
1234 4467 1273 4532 Si
1293 4488 1370 4531 con·
1424 4466 1619 4550 inspiciendi
1647 4464 1780 4549 quidem
1807 4486 1906 4531 causa
1933 4484 2079 4546 unquam
2112 4458 2280 4526 accedunt.
2331 4459 2400 4524 Alii

397 4547 617 4627 suetudinem,
647 4549 675 4614 si
702 4572 813 4628 usum,
845 4552 873 4616 si
894 4552 985 4636 longi
1010 4553 1167 4636 temporis
1189 4553 1370 4636 praescrip·
1424 4552 1526 4618 semel
1547 4552 1722 4634 quotannis
1747 4560 1804 4615 aut
1832 4552 1971 4616 veniunt
1991 4549 2068 4630 ipsi,
2099 4553 2158 4609 aut
2186 4565 2400 4609 oeconomum

396 4630 522 4694 tionem
543 4634 695 4716 allegant,
715 4657 776 4719 ego
794 4646 908 4701 contra
926 4639 1052 4704 Christi
1074 4637 1298 4704 definitionem
1319 4661 1370 4704 re-
1423 4639 1572 4716 mittunt,
1595 4628 2297 4729 111111111111111111111111111111111
2319 4629 2401 4727 haee

397 4736 490 4799 gero,
520 4738 583 4798 qua
610 4730 643 4783 et
664 4742 759 4786 veros
788 4723 996 4808 presbyteros
1023 4723 1116 4788 nobis
1139 4726 1314 4807 expressit,
1338 4733 1371 4789 et
1424 4722 1610 4807 corruptela
1630 4724 1775 4807 primum
1797 4722 1982 4804 obreperet,
2011 4715 2193 4801 privilegus
2216 4736 2250 4779 se
2276 4736 2401 4780 1111111-

397 4800 476 4883 quid
498 4800 617 4866 habere
640 4805 778 4871 debeant
799 4810 855 4892 qui
876 4811 957 4876 11111
979 4809 1094 4875 haberi
1113 4812 1238 4876 volunt.
1273 4810 1370 4892 Quod
1423 4810 1503 4875 baut
1518 4810 1576 4894 qui
1592 4810 1659 4875 frui
1675 4809 1830 4875 volebant
1847 4807 1908 4871 1111
1929 4823 2049 4888 genere
2067 4801 2294 4886 vacationis;²)
2311 4821 2401 4866 nune

397 4886 426 4951 si
447 4895 517 4948 tam
539 4885 656 4951 duram
675 4891 782 4974 legem
804 4897 889 4960 ferre
911 4906 1092 4980 nequeunt,
1119 4905 1158 4961 ut
1186 4920 1221 4963 se
1244 4894 1370 4962 Christi
1423 4918 1538 4962 ramm
1565 4896 1754 4979 exemplum
1779 4899 1892 4958 estut
1918 4888 1990 4972 quis
2017 4889 2054 4951 in
2075 4886 2212 4952 ecclesia
2235 4909 2295 4952 sua
2319 4889 2400 4953 resi-

274 5032 277 5037 .
352 4974 355 4983 '
396 4972 530 5054 regulae
551 4973 733 5054 subiiciant,
756 4981 924 5060 patiantur
941 4984 1058 5048 saltem
1074 4983 1160 5047 hano
1177 5005 1306 5050 causam
1330 5004 1370 5046 ex
1424 4982 1508 5047 deat.
1553 4983 1742 5047 Aestimant
1763 4979 1852 5043 enim
1874 4997 1941 5039 non
1962 4993 2056 5039 secus
2079 4995 2117 5037 ac
2144 4973 2253 5052 villas,
2282 4973 2399 5056 quibus

397 5057 573 5121 autoritate
600 5057 726 5139 primae
754 5063 908 5129 ecclesiae
936 5068 1049 5134 decidi
1096 5071 1143 5134 At
1169 5070 1274 5134 1111111
1301 5090 1370 5133 me·
1424 5068 1563 5135 vicarios
1592 5089 1667 5133 suos
1694 5074 1850 5145 tanquam
1881 5059 2007 5125 villicos
2036 5069 2093 5122 aut
2125 5058 2256 5124 1111111
2283 5060 2402 5140 praefi·

394 5143 459 5209 lior
481 5143 544 5206 erit
566 5144 714 5225 ipsorum
736 5147 886 5227 conditio,
910 5153 938 5214 si
960 5175 1002 5216 111
1024 5155 1164 5220 vetustis
1192 5154 1371 5221 canonibus
1424 5156 1525 5220 ciunt
1560 5153 1662 5234 Atqui
1684 5150 1745 5214 hoc
1766 5150 1835 5229 ipse
1858 5167 1985 5228 quoque
2006 5153 2145 5209 naturae
2167 5165 2284 5210 sensus
2305 5165 2401 5226 repu-

285 5274 290 5283 ·
397 5229 438 5295 de
461 5251 574 5293 eorum
597 5237 684 5294 statu
711 5230 880 5296 iudicetur.
926 5233 993 5314 Qui
1016 5238 1051 5299 in
1080 5241 1251 5305 canonicos
1274 5240 1371 5338 dego-
1425 5240 1508 5317 diat,
1530 5246 1694 5322 pastorem
1717 5254 1787 5299 esse
1810 5233 1932 5317 gregis,
1956 5231 2012 5315 qui
2034 5252 2130 5296 ovem
2151 5251 2193 5295 ex
2215 5251 2254 5294 11
2277 5229 2401 5294 nullam

396 5325 565 5395 nerarunt,
584 5314 768 5400 presbyteri
785 5336 856 5381 esse
873 5317 1062 5399 debuerant,
1082 5330 1119 5385 ut
1137 5324 1370 5403 111111111111,
1425 5345 1570 5408 unquam
1592 5320 1719 5388 viderit.

396 5402 453 5484 qui
480 5401 650 5467 ecclesiam
678 5424 752 5467 cum
780 5402 930 5487 episcopo
952 5405 988 5468 in
1010 5426 1183 5471 commune
1208 5418 1371 5491 regerent,
1514 5413 1561 5472 12.
1592 5408 1665 5471 Iam
1681 5412 1787 5470 aetate
1798 5403 1954 5489 Gregorii
1971 5409 2108 5486 apparet
2124 5399 2284 5484 quaedam
2302 5399 2401 5466 huius

396 5575 523 5584 ——-—
528 5579 601 5584 —....

467 5675 496 5744 1)
513 5678 627 5731 honesta
645 5647 720 5731 1617.
1495 5680 1525 5740 l)
1539 5682 1577 5732 At
1589 5681 1649 5734 edd.
1661 5697 1726 5734 rece.
1739 5681 1861 5734 maiores.
1899 5679 1928 5739 2)
1946 5677 2019 5733 Tora.
2031 5676 2055 5730 1.
2068 5674 2119 5729 589
2138 5675 2221 5812 opole:
2240 5674 2399 5763 1111111111.

500 5766 504 5772 ’
2162 5762 2175 5812 l
