5600 6809
332 739 456 862 Ι111
633 785 638 797 ’
757 792 934 860 cmiv.
979 790 1834 860 1111111111111111111111111111.
1879 793 2046 860 cccx.
2342 799 2405 861 111

392 993 426 1050 11
454 984 496 1049 ad
523 985 657 1067 plenum
687 985 832 1049 metituit
859 984 1000 1066 qualiter
1028 985 1071 1046 sit
1093 982 1255 1048 colendus.
1301 981 1376 1062 Quo
1401 986 1404 996 “
1429 982 1581 1046 Vicerint
1609 1001 1701 1059 sane,
1732 983 1759 1046 11
1779 1004 1843 1064 quo
1864 982 1961 1046 modo
1984 983 2024 1047 ab
2047 981 2108 1048 hac
2131 981 2256 1047 Christi
2278 1005 2410 1050 accusa·

306 1128 311 1139 .
393 1073 454 1136 hoc
472 1071 680 1147 demonstret,
703 1072 809 1153 primo
828 1071 932 1152 capite
952 1067 1030 1134 dicit
1051 1071 1085 1133 in
1108 1069 1277 1151 evangelio
1300 1089 1375 1132 con·
1401 1128 1403 1134 ,
1428 1066 1518 1131 tione
1545 1087 1686 1150 purgare
1713 1091 1748 1131 11
1775 1076 1938 1150 poterunt
1989 1067 2057 1133 Sed
2085 1067 2245 1152 quomodo
2274 1090 2409 1134 excusa·

395 1159 493 1221 tineri
527 1178 659 1220 omnem
692 1156 900 1239 sapientiam,
936 1176 1000 1237 qua
1032 1156 1194 1238 perfectus
1221 1152 1377 1218 reddatur
1428 1161 1515 1229 rent,
1543 1174 1646 1234 quum
1673 1154 1832 1219 immenso
1859 1155 1946 1236 apud
1968 1176 2022 1219 eos
2045 1155 2235 1220 sceleratius
2257 1156 2300 1218 sit
2322 1156 2407 1219 auri·

395 1243 492 1307 homo
514 1243 577 1306 Dei
607 1241 809 1308 1101111111.
854 1242 953 1305 lnitio
982 1240 1116 1306 secundi
1146 1240 1233 1317 dicit,
1263 1260 1375 1304 omnes
1428 1239 1572 1303 cularem
1595 1240 1830 1305 confessionem
1857 1250 2005 1305 vertente
2033 1263 2119 1305 anno
2141 1240 2408 1323 praetermisisse,

395 1329 575 1411 sapientiae
593 1337 628 1393 et
645 1327 881 1411 intelligentiae
898 1328 1070 1392 thesauros
1091 1328 1128 1390 in
1150 1326 1283 1391 Christo
1306 1347 1376 1390 esse
1428 1346 1527 1405 quam
1557 1326 1791 1407 nequissimam
1822 1327 1926 1391 vitam
1952 1328 1989 1390 in
2016 1327 2156 1392 solidum
2182 1346 2307 1391 annum
2333 1348 2408 1408 pro-

395 1414 616 1491 absconditos;
645 1413 720 1478 inde
748 1421 861 1496 postea
889 1413 1069 1491 concludit,
1099 1420 1236 1476 caveant
1262 1411 1376 1475 fideles
1400 1408 1404 1476 l
1428 1409 1584 1474 duxisse?
1614 1410 1763 1493 linguam
1790 1411 1843 1476 die
1864 1414 1994 1477 veneris
2016 1406 2166 1479 infecisse
2185 1412 2314 1478 modico
2336 1433 2408 1478 ear·

394 1523 437 1563 ne
467 1521 525 1581 per
557 1502 689 1564 inanem
717 1499 959 1582 philosophiam
993 1499 1197 1564 abducantur
1225 1520 1245 1562 a
1276 1518 1375 1580 grege
1428 1496 1480 1560 nis
1502 1507 1610 1578 gustu,
1633 1518 1732 1579 quam
1750 1506 1855 1561 totum
1877 1519 1994 1581 corpus
2014 1499 2128 1564 diebus
2145 1501 2298 1564 omnibus
2320 1521 2408 1564 scor-

393 1585 530 1662 Christi,
553 1584 732 1651 secundum
755 1585 1002 1650 constitutiones
1024 1585 1203 1649 hominum.
1247 1584 1288 1646 In
1310 1584 1376 1646 fine
1400 1622 1404 1705 Ι
1428 1581 1527 1645 tando
1549 1581 1716 1647 foedasse?
1740 1604 1885 1660 manum,
1909 1584 1961 1648 die
1980 1586 2136 1650 sanctulis
2160 1587 2268 1650 nescio
2291 1584 2408 1669 quibus

395 1679 506 1735 autem
532 1672 648 1753 capitis
676 1672 800 1736 maiore
827 1670 935 1734 adhuc
964 1670 1084 1735 fiducia
1106 1668 1241 1733 damnat
1263 1689 1375 1733 omnes
1401 1718 1403 1727 .
1428 1678 1626 1746 consecrato,
1650 1667 1832 1734 admovisse
1854 1670 1990 1734 honesto
2012 1673 2110 1753 operi,
2139 1693 2238 1753 quam
2258 1671 2408 1754 pessimis

393 1761 661 1839 ἐθελοθρησκείας,
683 1756 745 1823 hoe
763 1769 813 1822 est
834 1758 963 1821 fictitios
985 1756 1102 1830 cultus,
1125 1777 1206 1838 quos
1229 1755 1376 1819 homines
1401 1749 1404 1804 1
1428 1753 1626 1818 facinoribus
1653 1752 1783 1819 assidue
1809 1758 1957 1821 membra
1986 1759 2097 1821 omnia
2126 1757 2332 1822 exercuisse?
2355 1779 2408 1822 sa·

396 1844 456 1908 sibi
486 1843 547 1924 ipsi
575 1845 869 1908 comminiscuntur
895 1842 949 1907 vel
976 1841 1017 1906 ab
1045 1842 1120 1906 aliis
1148 1842 1321 1924 accipiunt,
1344 1848 1377 1904 et
1401 1831 1404 1932 1
1429 1840 1573 1904 orificum
1602 1840 1746 1922 legitimo
1774 1863 1839 1905 uno
1866 1842 2027 1906 connubio
2049 1843 2202 1926 copulari,
2224 1865 2323 1925 quam
2344 1842 2408 1906 illi-

395 1949 607 2010 quaecunque
635 1928 674 1992 de
704 1929 796 1993 cultu
824 1927 888 1991 Dei
916 1928 1045 1992 tradere
1072 1937 1245 2010 praecepta
1273 1950 1314 1991 ex
1341 1948 1376 1991 11
1401 1933 1404 1999 f
1429 1925 1501 2008 gari
1527 1925 1616 1990 mille
1639 1926 1823 2006 adulteriis3
1853 1929 1997 1992 votivam
2025 1930 2320 2013 peregrinationem
2341 1950 2408 1993 non

395 2012 525 2078 audent.
571 2015 741 2079 Habemus
764 2035 850 2097 ergo,
881 2014 998 2096 impias
1028 2036 1097 2078 esse
1121 2035 1234 2077 omnes
1256 2013 1376 2077 consti·
1401 2022 1404 2110 1
1427 2012 1631 2093 persolvisse,
1650 2032 1747 2094 quam
1765 2015 1799 2075 in
1817 2015 2256 2095 promissisomnihusfidem
2271 2013 2405 2079 fallere?

396 2100 553 2175 tationes,
585 2101 621 2163 in
650 2121 788 2181 quarum
816 2100 1041 2164 observatione
1068 2100 1174 2164 cultus
1202 2098 1267 2163 Dei
1293 2099 1376 2162 situs
1401 2115 1404 2160 ι
1427 2099 1462 2160 in
1494 2096 1696 2179 prodigiosos
1729 2120 1789 2162 nec
1821 2101 1931 2163 minus
1961 2121 2179 2182 supervacuos
2209 2122 2246 2165 ae
2273 2099 2407 2165 inutiles

395 2206 466 2249 esse
495 2185 640 2268 fingitur.
692 2187 772 2251 Loci
806 2207 883 2249 vero
917 2184 1033 2266 quibus
1060 2187 1095 2250 in
1124 2185 1253 2249 Galatis
1280 2192 1377 2268 urget
1400 2168 1404 2279 l
1428 2183 1627 2266 templorum
1655 2184 1753 2248 luxus
1780 2206 1846 2248 non
1875 2184 1995 2268 aliquid
2019 2187 2209 2269 profudisse,
2231 2208 2329 2269 quam
2351 2184 2407 2250 de-

395 2291 464 2334 111
487 2293 559 2335 esse
576 2272 708 2353 laqueos
726 2271 932 2337 conscientiis
949 2271 1131 2336 induendos
1149 2273 1245 2353 (quas
1267 2292 1287 2334 a
1308 2270 1376 2334 solo
1428 2270 1528 2333 fuisse
1550 2269 1675 2333 ultimis
1697 2291 1879 2352 pauperum
1902 2273 2170 2339 necessitatibus?
2194 2274 2317 2338 idolum
2337 2272 2407 2336 sine

395 2355 468 2420 Deo
487 2357 557 2440 regi
580 2358 756 2440 convenit),
780 2358 860 2422 satis
878 2365 955 2422 sunt
973 2358 1087 2440 aperti,
1111 2358 1303 2439 praesertim
1322 2378 1375 2422 oa-
1429 2356 1551 2418 honore
1585 2357 1807 2435 praeteriisse,
1842 2378 1941 2438 quam
1977 2358 2147 2423 hominum
2179 2380 2276 2423 omne
2302 2378 2407 2440 genus

395 2443 462 2523 pite
486 2442 607 2524 quinto.
653 2444 732 2508 Ideo
755 2444 896 2509 sufficiat
918 2453 1099 2508 annotasse.
1400 2506 1402 2514 ,
1428 2441 1658 2505 contumelioso
1697 2442 1874 2506 tractasse?
1914 2464 1981 2507 non
2014 2445 2278 2510 demurmurasse
2309 2444 2407 2508 certis

483 2531 511 2590 9.
558 2526 625 2593 Sed
647 2530 724 2611 quia
746 2529 904 2612 exemplis
925 2550 979 2593 res
1001 2538 1071 2594 tota
1092 2530 1211 2593 melius
1233 2532 1374 2611 patefiet,
1400 2518 1403 2649 1
1428 2525 1517 2589 horis
1539 2526 1638 2608 longa
1659 2528 1728 2592 sine
1750 2549 1849 2592 sensu
1870 2529 1979 2608 verba,
2007 2551 2103 2612 quam
2132 2531 2312 2613 legitimam
2333 2550 2407 2594 ora·

396 2622 571 2695 antequam
605 2614 694 2677 ultra
727 2614 972 2698 progredimur,
1004 2637 1121 2698 operae
1155 2617 1298 2697 pretium
1326 2624 1376 2678 est
1427 2613 1548 2675 tionem
1572 2613 1680 2676 animo
1702 2634 1870 2695 nunquam
1896 2617 2105 2699 concepisse?
2150 2614 2406 2697 (1111111111-

395 2700 480 2762 hano
514 2698 696 2764 doctrinam
729 2700 770 2763 ad
806 2711 917 2764 nostia
949 2714 1094 2783 tempora
1122 2700 1373 2766 accommodare.
1428 2706 1499 2761 tum
1521 2698 1626 2761 facere
1649 2708 1783 2781 propter
1800 2721 1876 2764 suas
1893 2701 2086 2768 traditiones
2103 2703 2167 2767 Dei
2186 2710 2407 2786 praeceptum,

395 2784 655 2849 Constitutiones
677 2806 757 2867 quas
779 2795 898 2851 vocant
918 2787 1161 2865 ecclesiasticae,
1184 2787 1302 2870 quibus
1319 2807 1376 2868 pa·
1428 2783 1492 2846 nisi
1515 2783 1576 2848 hoo
1603 2783 1674 2848 est?
1704 2804 1806 2865 quum
1827 2786 2070 2853 ohservationes
2092 2788 2322 2852 mandatorum
2343 2787 2408 2852 Dei

394 2891 437 2952 pa
464 2891 539 2934 cum
569 2872 637 2936 suis
676 2881 791 2935 onerat
819 2871 1002 2950 ecelesiam,
1043 2872 1180 2938 dicimus
1215 2872 1375 2955 pernicio·
1427 2869 1545 2952 frigide
1563 2875 1694 2933 tantum
1712 2877 1745 2934 et
1767 2869 1969 2937 defunctorie
1987 2875 2252 2938 commendantes
2274 2894 2408 2938 suorum

395 2977 449 3020 sas
484 2977 555 3020 esse
585 2965 618 3021 et
649 2958 779 3039 impias:
814 2956 993 3022 adversarii
1020 2960 1123 3022 nostri
1150 2967 1279 3024 sanctas
1306 2979 1376 3023 esse
1428 2964 1578 3020 exactam
1595 2954 1812 3020 obedientiam
1830 2957 1933 3021 nihilo
1955 2960 2065 3023 minus
2087 2959 2231 3023 studiose
2254 2968 2288 3022 11
2309 2959 2407 3024 anxie

395 3052 428 3105 et
450 3040 610 3107 salutares
633 3042 819 3108 defendunt.
857 3041 1076 3109 Suntautem
1099 3045 1297 3108 deocarum
1321 3065 1376 3127 ge-
1428 3051 1557 3124 urgent,
1586 3063 1684 3124 quam
1711 3042 1739 3106 si
1767 3049 1871 3106 totam
1892 3045 2022 3126 pietatis
2045 3046 2111 3108 vim
2140 3045 2175 3107 in
2203 3066 2238 3108 sc
2259 3045 2408 3108 eontine-

394 3148 489 3191 nera:
524 3149 602 3192 nani
635 3129 719 3196 aliae
752 3142 831 3194 sunt
864 3129 904 3193 de
937 3131 1149 3194 caeremoniis
1183 3140 1217 3193 et
1250 3131 1375 3209 ritibus,
1429 3137 1517 3207 rent;
1551 3147 1653 3209 quum
1687 3127 1819 3193 divinae
1850 3127 1932 3214 legis
1959 3131 2253 3213 transgressionem
2279 3128 2406 3194 levibus

394 3213 477 3277 aliae
504 3214 546 3278 ad
575 3215 781 3297 disciplinam
809 3217 915 3298 magis
943 3224 1098 3298 spectant.
1143 3217 1247 3280 Estne
1275 3217 1377 3299 igitur
1428 3214 1687 3278 satisfactionum
1715 3214 1846 3280 mulctis
1868 3214 2061 3281 ulciscentes
2083 3217 2179 3280 unius
2208 3216 2259 3280 sui
2282 3214 2405 3278 decreti

394 3298 481 3362 iusta
503 3319 602 3364 causa
623 3322 706 3382 quae
728 3323 787 3365 nos
810 3301 851 3365 ad
873 3316 1028 3382 utrasque
1045 3299 1285 3385 impugnandas
1307 3322 1376 3365 mo-
1428 3300 1481 3363 vel
1503 3300 1673 3364 minimam
1694 3300 1908 3364 offensionem
1929 3302 2022 3365 nulla
2043 3302 2163 3366 leviore
2192 3321 2297 3383 poena
2318 3299 2406 3383 pleo-

394 3383 490 3448 veat?
526 3384 649 3450 Iustior
669 3398 756 3450 certe
773 3409 871 3468 quam
885 3387 1051 3452 vellemus.
1088 3388 1249 3464 Primum,
1268 3408 1376 3451 nonne
1427 3394 1503 3449 tunt
1525 3406 1624 3468 quam
1646 3407 1785 3463 carcere,
1808 3387 1931 3464 exsilio,
1954 3387 2104 3452 incendio
2127 3396 2184 3451 aut
2206 3385 2323 3471 gladio.
2362 3385 2406 3449 In

394 3478 526 3534 autores
547 3471 612 3553 ipsi
633 3473 721 3536 clara
742 3493 821 3536 voce
844 3472 1013 3549 definiunt,
1035 3474 1245 3556 ipsissimum,
1271 3485 1308 3536 ut
1329 3474 1377 3537 ita
1427 3472 1491 3536 Dei
1529 3479 1768 3554 contemptores
1801 3493 1868 3536 non
1902 3475 1949 3537 ita
1980 3475 2086 3555 asperi
2118 3487 2152 3538 et
2179 3470 2406 3552 inexorabiles,

394 3555 522 3637 loquar,
552 3556 616 3621 Dei
649 3558 773 3623 cultum
802 3559 838 3622 in
869 3560 948 3641 ipsis
976 3559 1157 3623 contineri?
1207 3560 1250 3622 In
1277 3581 1375 3641 quem
1427 3579 1503 3622 suos
1536 3565 1776 3640 contemptores
1807 3558 2008 3641 implacabili
2038 3559 2111 3623 odio
2144 3559 2186 3624 ad
2218 3567 2406 3623 erasmum

394 3642 495 3704 finem
517 3644 688 3707 conferimt
710 3665 787 3708 suas
809 3646 1038 3722 caeremonias,
1067 3646 1131 3710 nisi
1159 3658 1196 3709 ut
1222 3667 1280 3727 per
1301 3645 1375 3710 illas
1426 3653 1683 3726 persequuntur;
1711 3663 1749 3708 ac
1771 3665 1826 3709 eos
1851 3665 1965 3708 omnes
1987 3645 2034 3711 sic
2055 3647 2242 3723 instituunt,
2265 3664 2406 3725 quorum

395 3727 488 3790 Deus
515 3728 662 3793 colatur?
715 3729 828 3812 Neque
855 3730 889 3794 id
911 3732 950 3794 fit
977 3731 1045 3795 solo
1068 3752 1177 3795 errore
1204 3732 1375 3813 imperitae
1427 3730 1669 3812 simplicitatem
1702 3730 1867 3813 captivam
1892 3739 2020 3808 tenent,
2053 3742 2091 3795 ut
2117 3732 2268 3813 aequiore
2295 3732 2405 3794 animo

293 3844 297 3852 ·
394 3812 629 3879 multitudinis:
654 3813 711 3879 sed
729 3837 843 3880 eorum
861 3818 1094 3899 approbatione
1112 3818 1167 3899 qui
1188 3817 1296 3882 locum
1318 3817 1375 3882 do-
1426 3817 1615 3881 universam
1642 3816 1706 3879 Dei
1728 3814 1835 3898 legem
1862 3816 2055 3881 subversam
2076 3817 2179 3882 visuri
2207 3817 2282 3894 sint,
2306 3833 2405 3897 quam

395 3897 487 3963 cendi
507 3898 638 3964 habent.
677 3902 826 3968 Noricam
847 3906 974 3967 1111111
989 3904 1233 3969 abminationes
1250 3905 1374 3987 afiiiipo,
1426 3901 1591 3982 apiculum
1618 3902 1653 3964 in
1679 3902 1861 3983 praeceptis
1888 3901 1941 3985 (ut
1968 3903 2100 3986 vocant)
2127 3901 2281 3967 ecclesiae
2302 3899 2405 3965 viola·

395 3984 509 4065 quibas
543 3991 637 4050 totam
664 3989 813 4067 prietatem
844 3989 945 4053 moliti
971 3994 1044 4053 1111
1063 3990 1270 4069 pessumdare
1277 4014 1287 4066 ,·
1320 3991 1374 4054 sed
1425 3995 1505 4050 tum.
1550 3987 1701 4051 Primum
1728 3987 1875 4069 graviter
1902 3989 1937 4051 in
1960 4009 1998 4051 eo
2027 3986 2229 4070 delinquitur
2254 3986 2342 4069 quod
2362 3985 2403 4051 ob

394 4071 482 4150 apud
503 4091 552 4135 eos
573 4093 636 4135 aea
655 4077 719 4136 tem
740 4079 833 4138 atrox
848 4075 1016 4156 (inpactur
1035 4077 1161 4151 crimea
1184 4076 1218 4138 ia
1240 4076 1374 4140 minima
1425 4093 1478 4136 111
1510 4072 1682 4150 leviculas,
1716 4082 1749 4135 11
1777 4072 1821 4155 (si
1846 4074 1911 4137 Dei
1936 4073 2055 4138 iudicio
2080 4074 2239 4156 staretur)
2272 4071 2403 4151 liberas,

393 4176 516 4237 queque
550 4158 778 4223 traditiosam
809 4180 875 4224 esce
906 4161 1040 4240 111111,
1072 4162 1137 4224 nisi
1162 4160 1226 4225 Dei
1258 4162 1374 4226 cultum
1425 4157 1509 4222 alter
1548 4157 1688 4221 alterum
1726 4158 1921 4234 contemnit,
1960 4158 2097 4239 iudicat,
2134 4157 2251 4222 abiicit
2306 4157 2403 4222 Nune

391 4244 462 4306 sais
479 4246 655 4308 commentis
670 4244 860 4310 macerent.
896 4243 992 4325 Quod
1014 4265 1092 4329 ergo
1115 4245 1284 4310 tolerabile
1305 4266 1373 4310 non
1425 4265 1503 4308 vero
1525 4245 1619 4325 quasi
1639 4242 1674 4307 id
1695 4264 1813 4326 parum
1830 4245 1909 4308 mali
1930 4254 2025 4321 esset,
2048 4246 2151 4328 pluris
2173 4241 2405 4325 appenduntur

392 4348 463 4393 esse
485 4327 596 4394 docuit
616 4330 752 4407 Paulus,
776 4331 959 4412 legitimum
977 4331 1103 4397 colendi
1121 4331 1187 4396 Dei
1208 4333 1307 4395 ritum
1331 4332 1373 4397 ad
1424 4329 1542 4394 frivola
1563 4329 1621 4393 illa
1643 4329 1741 4393 huius
1762 4329 1877 4394 mundi
1899 4331 2071 4408 elementa,
2095 4340 2132 4394 ut
2153 4328 2278 4394 Paulus
2301 4326 2403 4390 Gala-

390 4412 563 4484 hominum
584 4414 755 4480 arbitrium
778 4415 891 4500 redigi,
919 4419 947 4481 si
975 4416 1070 4482 hodie
1097 4418 1182 4481 ferre
1209 4438 1277 4481 non
1298 4439 1372 4500 pos-
1424 4417 1466 4480 tis
1500 4415 1545 4498 (4,
1574 4416 1610 4499 9)
1643 4417 1786 4480 scribens
1818 4428 1996 4499 nuncupat,
2029 4437 2127 4498 quam
2155 4413 2307 4479 coelestia
2337 4412 2403 4476 Dei

391 4519 518 4579 sumus,
548 4501 625 4583 quid
647 4501 840 4583 peccamus?
869 4503 1062 4584 praesertim
1090 4523 1167 4567 vero
1196 4524 1299 4585 quum
1320 4526 1370 4568 se·
1423 4501 1563 4566 oracula
1608 4502 1654 4565 Et
1674 4502 1852 4600 qui'prope
1873 4504 1908 4567 in
1925 4502 2086 4567 adulterio
2106 4497 2401 4595 absolvitur,·iudi·

390 4583 534 4648 cundum
567 4588 729 4653 elementa
753 4587 870 4652 mundi
897 4588 995 4653 huius
1022 4589 1128 4655 colere
1154 4589 1369 4671 praecipiunt,
1423 4599 1517 4652 catur
1544 4590 1578 4652 in
1600 4588 1685 4667 cibo;
1713 4609 1768 4652 cm
1792 4596 1935 4653 scortum
1956 4586 2166 4669 permittitur,
2192 4582 2401 4648 interdicitur

390 4667 478 4749 quod
499 4671 623 4738 Paulus
641 4673 726 4757 (Ool.
747 4677 776 4751 2,
797 4674 853 4757 20)
876 4673 1043 4740 adversari
1065 4674 1198 4740 Christo
1220 4683 1369 4740 testatur.
1422 4695 1516 4738 uxor.
1567 4673 1640 4738 Hoc
1672 4673 1794 4740 scilicet
1827 4671 2096 4756 praevaricatrice
2128 4670 2185 4733 illa
2216 4668 2401 4734 obedientia

390 4753 539 4851 Rursum
566 4778 662 4838 quain
692 4761 838 4842 praecisa
864 4761 1058 4827 necessitate
1086 4762 1272 4844 astringant
1293 4783 1369 4826 con·
1420 4760 1598 4841 proficitur,
1620 4781 1703 4842 quae
1724 4769 1854 4824 tantuin
1873 4759 1974 4822 aDco
1996 4757 2156 4819 avertitur
2177 4764 2339 4837 quantum
2358 4753 2401 4819 ad

391 4845 544 4904 scientias
577 4842 618 4905 ad
646 4847 845 4910 servandum
879 4847 1036 4929 quidquid
1068 4848 1190 4925 iubent,
1222 4868 1288 4911 non
1320 4856 1371 4927 est
1422 4845 1573 4910 homines
1593 4845 1738 4910 inclinat.

389 4925 549 5007 ignotum.
599 4927 665 4993 Hic
695 4929 773 4994 dum
801 4934 1032 5013 reclamamus,
1055 4954 1186 4999 oausam
1209 4933 1369 4998 habemus
1511 4936 1559 4995 ll.
1604 4930 1693 4996 Sunt
1712 4931 1776 4994 alia
1796 4948 1922 5009 quoque
1940 4925 2004 4990 duo
2027 4948 2094 4990 non
2115 4927 2201 4999 levia
2219 4927 2299 4993 vitia
2316 4947 2399 5009 quae

390 5032 465 5077 cum
476 5011 580 5074 Paulo
594 5031 808 5093 communem,
826 5021 882 5099 qui
899 5019 1098 5084 nullomodo
1115 5021 1240 5103 patitur
1257 5019 1370 5085 fideles
1421 5018 1457 5081 in
1496 5018 1612 5083 iisdem
1650 5010 1931 5080 constitutionibus
1963 5011 2193 5094 improbamus.
2248 5012 2400 5078 Primum

390 5097 605 5162 conscientias
620 5097 837 5163 inhominum
853 5106 1044 5169 servitutem
1061 5105 1166 5189 redigi
1182 5105 1272 5190 (Gal.
1282 5109 1368 5191 5,.1).
1421 5102 1507 5187 quod
1524 5125 1646 5187 magna
1663 5123 1705 5163 ex
1726 5106 1818 5181 parte
1839 5098 1980 5177 inutiles,
2002 5097 2169 5163 interdum
2186 5099 2285 5164 etiarn
2307 5101 2400 5181 inep-

479 5187 527 5247 10.
572 5184 678 5247 Porro
707 5183 796 5247 istud
822 5188 1002 5266 pessimum
1028 5191 1167 5269 accedit,
1200 5190 1286 5274 quod
1312 5192 1369 5257 ubi
1421 5197 1472 5255 tas
1490 5183 1984 5266 observationespraescribunt;
2002 5183 2119 5250 deinde
2136 5185 2222 5268 quod
2239 5185 2400 5249 immensa

390 5268 511 5334 talibus
533 5270 629 5333 vanis
650 5270 818 5353 figmentis
841 5270 971 5335 definiri
992 5273 1106 5355 religio
1131 5277 1232 5339 semel
1254 5286 1370 5360 coepta
1422 5296 1536 5340 earum
1569 5269 1778 5335 multitudine
1810 5270 2041 5352 opprimuntur
2071 5271 2146 5354 piae
2173 5271 2397 5347 conscientiae,

390 5363 448 5433 est,
471 5356 720 5437 perversitatem
743 5355 833 5420 illam
859 5364 1016 5439 perpetuo
1043 5360 1190 5440 sequitur
1212 5362 1370 5426 etaltera
1422 5369 1456 5425 et
1477 5362 1511 5423 in
1533 5357 1730 5422 iudaismum
1752 5353 1916 5437 quendam
1935 5357 2102 5422 revolutae
2127 5357 2253 5422 umbris
2273 5357 2320 5419 sie
2340 5352 2409 5422 ada

390 5441 600 5506 exsecrabilis
626 5443 787 5525 pravitas,
817 5463 916 5523 quam
943 5441 1130 5508 Pharisaeis
1152 5446 1371 5527 exprobrabat
1422 5446 1627 5519 haerescunt,
1641 5440 1917 5507 utadOhristum
1927 5452 2091 5526 nequeant
2100 5442 2281 5524 pervenire.
2299 5439 2398 5522 Inep·

391 5524 558 5604 Christus,
593 5535 631 5591 ut
663 5528 794 5593 irritum
821 5530 880 5593 fiat
905 5536 1117 5611 praeceptum
1133 5529 1211 5613 ‚Dei
1237 5536 1370 5612 propter
1422 5540 1473 5594 tas
1495 5527 1580 5611 quod
1598 5526 1669 5593 dieo
1690 5537 1724 5593 et
1743 5527 1886 5606 inutiles,
1909 5530 1975 5594 seio
1992 5528 2101 5594 carnis
2117 5526 2310 5610 prudentiae
2328 5545 2398 5590 ere·

391 5610 561 5676 hominum
588 5614 781 5689 traditiones
808 5613 942 5697 (Matth.
976 5619 1030 5689 15,
1059 5614 1103 5699 3).
1148 5615 1232 5680 Nolo
1257 5622 1371 5680 111111
1423 5612 1521 5678 dibile
1541 5633 1609 5677 non
1626 5613 1785 5679 futurum:
1810 5615 1865 5678 cni
1881 5621 2051 5699 tantopere
2070 5612 2217 5678 arrident
2236 5620 2275 5676 ut
2295 5611 2397 5677 eccle-

389 5709 580 5778 praesentes
602 5711 730 5766 nostros
751 5701 958 5766 nomothctas
980 5701 1088 5767 verbis
1108 5702 1190 5768 meis
1211 5721 1369 5785 pugnare.
1422 5700 1506 5764 siam
1527 5720 1661 5783 prorsus
1682 5699 1858 5767 deformari
1878 5707 1995 5784 putent
2014 5700 2071 5765 ubi
2093 5699 2292 5765 auferuntur.
2328 5694 2428 5763 Sed·
