5600 6809
424 759 487 821 427
1071 747 1337 818 INSrIrurIO
1359 749 1466 815 Rau.
1489 744 1669 814 CHRISr.
1695 752 1786 813 1559.
2366 756 2430 818 428

422 943 570 1030 gebatur.
614 942 723 1022 Atque
754 940 802 1004 ita
828 940 960 1023 quidem
986 941 1119 1024 spiritus
1147 940 1251 1004 saneti
1278 938 1401 1003 lumine
1541 938 1591 1000 36.
1625 937 1744 1001 Restat
1765 935 1882 1001 deiude
1903 946 1942 1000 ut
1962 939 2050 1020 quod
2070 941 2294 1018 manshausit,
2315 941 2352 1005 in
2373 964 2431 1008 eor

423 1029 600 1094 irradiatus
627 1026 768 1091 hominis
795 1026 980 1092 intellectus
1009 1039 1078 1090 tum
1107 1048 1183 1090 vcro
1206 1025 1337 1089 domum
1363 1045 1402 1088 ea
1453 1022 1562 1104 ipsum
1594 1021 1851 1090 transfundatur.
1907 1023 2021 1105 Neque
2053 1026 2142 1089 enim
2171 1027 2199 1089 si
2231 1027 2268 1090 iu
2301 1049 2430 1092 summo

424 1136 507 1199 quae
529 1113 570 1177 ad
593 1134 731 1195 rognum
743 1112 804 1176 Dei
829 1113 996 1195 pertinent
1016 1111 1281 1195 gustarcincipit,
1305 1118 1401 1174 antea
1453 1107 1586 1172 cerebro
1609 1107 1774 1172 volutatur
1797 1108 1859 1171 Dei
1880 1110 2032 1186 verbum,
2062 1111 2127 1175 fido
2155 1126 2343 1194 perceptum
2365 1125 2430 1192 est;

423 1222 556 1284 prorsus
579 1197 619 1263 ad
643 1219 681 1263 ca
703 1196 876 1262 delibanda
892 1200 1002 1262 lbtuns
1024 1207 1057 1260 ot
1073 1196 1241 1279 insipidus.
1276 1195 1401 1276 Quam·
1454 1192 1511 1257 scd
1534 1192 1589 1256 ubi
1612 1194 1646 1255 in
1667 1194 1733 1257 imo
1755 1192 1852 1257 corde
1873 1194 1998 1260 radices
2020 1195 2104 1278 egit,
2134 1208 2171 1260 ut
2200 1197 2241 1261 ad
2265 1198 2431 1263 sustinen-

424 1286 535 1352 obrcm
550 1284 703 1350 Christus
725 1285 819 1366 regni
841 1283 892 1347 sui
913 1284 1070 1367 mysteria
1087 1283 1213 1348 duobus
1235 1280 1401 1364 discipulis
1454 1277 1511 1343 dn's
1529 1278 1795 1361 repellendasque
1817 1300 1929 1343 omnes
1951 1283 2170 1345 tentationum
2188 1283 2356 1348 machinas
2378 1285 2431 1348 in·

424 1371 591 1455 praeclare
603 1368 795 1446 edisserens,
818 1368 902 1432 nihil
922 1375 1032 1433 tamen
1046 1370 1180 1450 prolicit,
1204 1367 1305 1432 donec
1327 1390 1401 1430 sen·
1454 1365 1577 1429 victum
1601 1365 1644 1428 sit
1665 1365 1956 1448 propugnaculum.
2003 1364 2100 1446 Quod
2124 1369 2287 1433 siveram
2308 1372 2431 1436 mentis

425 1480 497 1524 sum
516 1457 582 1521 illis
600 1456 714 1538 aperit,
733 1464 771 1517 ut
788 1454 973 1536 intelligant
991 1457 1169 1538 scripturas
1183 1455 1278 1538 (Luc.
1296 1458 1346 1529 24,
1360 1457 1417 1515 27·
1453 1448 1705 1531 intelligentiam
1734 1452 1805 1515 eius
1833 1451 2106 1516 illuminationem
2134 1475 2204 1518 csse
2225 1476 2340 1519 verum
2368 1464 2429 1535 cst,

425 1551 459 1608 ct
476 1543 542 1627 45).
573 1540 629 1607 Sic
651 1540 772 1605 edoctis
794 1539 905 1603 divino
928 1541 998 1604 eius
1021 1561 1077 1604 ore
1096 1541 1248 1624 apostolis
1267 1540 1401 1621 spiritus
1452 1536 1489 1598 ιιι
1515 1536 1574 1599 tuli
1602 1535 1708 1600 cordis
1738 1538 1982 1602 confirmatione
2016 1538 2119 1602 multo
2147 1538 2330 1605 evidentius
2359 1543 2430 1606 cius

338 1659 369 1673 ··
424 1635 536 1694 tamar
553 1628 701 1693 veritatis
716 1625 896 1689 mittendus
918 1636 977 1704 est,
997 1627 1051 1707 qni
1072 1627 1216 1708 ipsorum
1240 1626 1402 1690 mentibus
1453 1622 1559 1685 virtus
1582 1630 1730 1703 apparet:
1755 1642 1819 1704 quo
1842 1622 1965 1687 scilicet
1987 1629 2020 1686 et
2042 1625 2145 1688 maior
2167 1634 2217 1689 est
2238 1625 2344 1690 cordis
2366 1627 2430 1691 dif-

425 1715 562 1780 caudcm
584 1712 721 1776 instillet
743 1711 923 1775 doctrinam
945 1733 1044 1792 quam
1066 1713 1199 1776 auribus
1221 1722 1401 1793 usurpave—
1454 1706 1589 1770 fidentia
1611 1728 1710 1789 quam
1730 1709 1850 1771 mentis
1868 1709 2015 1785 caecitas,
2039 1718 2073 1772 et
2089 1712 2237 1775 animum
2255 1713 2431 1777 securitate

424 1808 500 1864 rant
527 1800 653 1881 (Ioann.
682 1801 734 1873 16,
765 1800 827 1877 13).
875 1797 1021 1861 Verbum
1050 1796 1180 1879 quidem
1208 1798 1271 1860 Dei
1298 1798 1401 1860 instar
1454 1793 1581 1868 instrui,
1604 1813 1701 1874 quam
1720 1803 1863 1857 montom
1876 1795 2062 1877 cognitione
2078 1795 2180 1861 imbui
2193 1797 2357 1862 difficilius
2370 1806 2428 1863 est

424 1886 502 1952 solis
523 1892 573 1948 est
594 1883 744 1947 omnibus
765 1882 954 1962 affrrlgcntis
972 1882 1321 1966 quibuspraedicatur;
1345 1881 1401 1945 scd
1453 1877 1596 1941 Proinde
1624 1878 1757 1959 spiritus
1785 1879 1885 1962 sigilli
1908 1881 1978 1944 vica
2002 1881 2162 1964 fungitur,
2192 1882 2233 1946 ad
2262 1904 2317 1948 cas
2342 1885 2431 1966 ipsas

423 1971 514 2036 nullo
544 1991 618 2033 cum
644 1969 755 2033 fructu
783 1969 869 2030 inter
897 1988 1016 2032 caecos.
1061 1969 1129 2032 Nos
1152 1970 1261 2032 autem
1284 1976 1403 2031 natura
1453 1964 1683 2045 promissiones
1711 1966 1747 2027 in
1776 1964 1927 2030 cordibus
1948 1967 2069 2031 nostris
2089 1968 2323 2051 obsignandas,
2351 1991 2431 2051 qua-

425 2057 511 2122 cncci
534 2076 647 2120 sumus
675 2075 788 2118 omnes
813 2054 874 2118 hac
896 2055 930 2116 in
953 2063 1061 2136 partc;
1090 2054 1226 2135 proinde
1252 2055 1287 2117 in
1310 2075 1401 2116 men·
1453 2071 1528 2112 rum
1558 2049 1786 2113 certitudinem
1813 2051 1904 2131 prius
1933 2052 2098 2120 mentibus
2125 2054 2303 2135 impressit3
2331 2065 2431 2137 atque

357 2164 361 2177 ‘
425 2148 492 2206 tem
519 2149 692 2224 penetrare
721 2139 848 2221 nequit,
882 2140 945 2203 nisi
977 2140 1133 2204 interiore
1159 2141 1216 2204 illo
1245 2139 1401 2222 magistro
1454 2135 1496 2199 ad
1514 2134 1753 2199 confirmandas
1775 2136 2064 2201 etconstitucndas
2079 2124 2197 2203 ambae
2211 2140 2318 2205 locum
2328 2147 2428 2205 tenet.
2514 2161 2520 2168 ’

425 2228 541 2310 spiritu
563 2247 622 2308 per
644 2246 737 2289 suam
759 2225 1032 2289 illuminationem
1054 2226 1179 2290 aditum
1200 2227 1348 2290 faciente.
1453 2221 1633 2301 Postquam
1655 2221 1854 2298 credidistis,
1877 2222 1984 2304 inquit
2005 2225 2170 2304 apostolus
2192 2225 2293 2309 (Eph.
2316 2231 2341 2303 l,
2364 2227 2429 2310 13),

512 2317 561 2376 35.
608 2310 698 2375 Alibi
723 2331 820 2391 quum
842 2311 879 2374 de
900 2317 1032 2375 naturae
1053 2313 1246 2392 corruptione
1267 2316 1403 2375 tractare
1453 2306 1616 2388 obsignati
1643 2308 1720 2371 estis
1748 2308 1866 2388 spiritu
1893 2310 2115 2390 promissionis
2143 2320 2267 2388 sancto,
2295 2312 2352 2395 qui
2379 2319 2432 2377 est

392 2416 395 2421 ·
424 2401 500 2466 dum
531 2398 609 2479 fuit,
641 2397 771 2477 plenius
798 2396 987 2460 ostendimus
1014 2418 1109 2479 quum
1132 2419 1193 2461 uon
1213 2400 1278 2461 sint
1299 2397 1403 2461 idonei
1454 2391 1595 2456 arrhabo
1618 2392 1829 2457 haereditatis
1851 2404 1989 2458 nostrae.
2034 2395 2137 2460 Vides
2159 2406 2198 2460 ut
2219 2398 2350 2479 spiritu,
2373 2420 2431 2462 ve-

424 2485 564 2549 homines
586 2483 629 2547 ad
649 2482 841 2547 credendum.
890 2481 1000 2562 ltaque
1025 2504 1087 2546 non
1112 2483 1251 2565 fatipabo
1279 2483 1403 2547 leetmes
1454 2477 1504 2540 lut
1531 2477 1653 2560 sigillo,
1681 2478 1781 2543 corda
1806 2478 1952 2543 fidelium
1978 2480 2118 2563 insculpi
2145 2481 2279 2547 docem?
2309 2495 2348 2546 ut
2370 2484 2434 2548 hac

425 2571 532 2634 mdan
563 2568 730 2647 repetendo.
782 2565 930 2647 Sufficiat
959 2570 1108 2649 spiritum
1138 2570 1213 2649 (idei
1245 2569 1349 2632 vocari
1381 2588 1402 2630 a
1454 2563 1579 2627 rationo
1608 2565 1749 2646 appellet
1775 2565 1999 2646 promissionis
2028 2568 2194 2650 spiritum,
2222 2570 2300 2650 quia
2321 2578 2432 2634 ratum

427 2655 531 2720 Paulo
554 2654 737 2738 (acore,
760 2652 813 2736 13)
839 2652 932 2732 fidem
954 2655 1071 2734 ipsam,
1104 2675 1167 2735 qua
1199 2655 1355 2719 donamur
1381 2673 1401 2716 a
1455 2649 1543 2731 apud
1575 2670 1635 2713 nos
1668 2651 1875 2734 evangelium
1907 2651 2006 2716 iacit?
2050 2651 2210 2718 Similiter
2241 2653 2283 2718 ad
2312 2653 2431 2720 (lorin-

424 2741 637 2822 spiritunon
659 2744 761 2803 autem
782 2759 877 2818 quam
898 2739 1084 2805 naturaliter
1104 2739 1281 2804 habeamus.
1327 2738 1402 2803 Ideo
1455 2735 1554 2799 thies:
1579 2736 1635 2815 qui
1658 2737 1756 2799 unxit
1776 2758 1837 2801 nos
1858 2737 1960 2815 Deus,
1984 2737 2039 2815 ait,
2063 2739 2118 2819 qui
2140 2747 2174 2804 ct
2196 2741 2340 2824 signavit
2360 2763 2429 2818 nos,

419 2831 571 2909 precatur
598 2825 687 2888 utin
713 2823 1038 2889 Thessalonicensibus
1059 2826 1185 2907 impleat
1206 2825 1296 2889 Deus
1316 2845 1403 2888 amite
1454 2831 1488 2885 ct
1510 2819 1599 2884 dedit
1620 2821 1752 2884 arrham
1776 2823 1911 2903 spiritus
1932 2823 1968 2886 in
1991 2823 2142 2890 cordibus
2165 2827 2285 2891 nostris
2308 2830 2342 2909 (2
2356 2826 2429 2891 Cor.

425 2911 646 2992 beneplacitum
666 2930 758 2974 suum
786 2915 814 2972 et
839 2930 916 2990 opus
940 2910 1016 2990 fidei
1044 2914 1079 2975 in
1100 2914 1212 2975 virtute
1235 2912 1268 3008 (2
1289 2911 1400 2974 Thess.
1460 2912 1484 2984 l,
1507 2907 1572 2987 21).
1606 2907 1653 2970 Et
1675 2907 1752 2972 alibi
1771 2908 1861 2993 (ibid.
1883 2916 1911 2986 ῖι,
1931 2909 1980 2993 5),
2003 2930 2105 2991 quum
2126 2910 2167 2975 de
2187 2911 2308 2976 fiducia
2330 2911 2430 2975 auda-

427 2996 547 3079 1,11).
597 2994 660 3061 Ubi
673 3078 676 3083 φ
690 2995 785 3075 tidem
806 3015 919 3061 uocans
941 3017 1020 3078 opem
1042 2998 1118 3076 Dei,
1148 3003 1176 3060 et
1196 2998 1258 3062 loco
1279 2996 1401 3078 epitheti
1455 2991 1568 3074 cisque
1599 2993 1753 3074 sperandi
1782 2994 1940 3076 loquitur,
1973 2996 2042 3060 eius
2070 2995 2320 3060 fundamentum
2352 2997 2430 3061 lacit

423 3083 612 3165 tricipitinus,
636 3082 809 3162 appositive
831 3102 944 3146 vocaris
965 3084 1200 3165 beneplacitum,
1228 3088 1317 3166 neqat
1339 3102 1404 3146 esse
1455 3079 1589 3160 spiritus
1611 3079 1776 3143 arrham·

424 3189 462 3234 er
478 3169 611 3249 proprio
628 3165 763 3230 hominiis
780 3172 879 3246 uiotu;
901 3189 996 3248 neque
1018 3191 1051 3234 eo
1072 3175 1227 3234 antenus
1247 3169 1402 3250 adiuuqit
1543 3169 1592 3227 37.
1639 3164 1747 3244 Neque
1773 3186 1846 3231 vero
1872 3166 1986 3231 oblitus
2007 3187 2079 3230 sum
2097 3167 2179 3248 quod
2200 3172 2270 3232 ante
2291 3168 2375 3246 diui,
2403 3173 2431 3232 et

423 3253 577 3334 specimen
599 3271 664 3316 esse
685 3253 812 3316 uirtutis
831 3253 965 3317 divinae.
1001 3254 1252 3320 Antonianas
1273 3257 1305 3337 (1
1327 3252 1401 3318 (lor.
1455 3250 1546 3314 cuites
1576 3252 1759 3315 maneriam
1791 3251 1919 3316 assidue
1949 3257 2076 3318 renouat
2102 3253 2307 3334 experientia,
2338 3255 2434 3335 tidem

424 3342 461 3417 2,
483 3337 534 3423 4),
567 3338 627 3402 ιιι
646 3338 740 3418 fidem
765 3359 827 3401 non
850 3341 986 3420 pendae
1008 3362 1045 3405 ee
1067 3342 1223 3422 sapientia
1244 3340 1404 3405 hominum
1455 3336 1569 3400 seilicet
1596 3337 1698 3401 uariis
1724 3337 1970 3403 dubitationibus
1999 3339 2132 3420 impelli,
2160 3345 2195 3402 nt
2215 3360 2289 3403 raro
2310 3341 2435 3405 suune

423 3425 513 3502 dicit,
536 3425 589 3489 sed
609 3425 778 3504 fundatam
798 3444 862 3488 esse
882 3426 918 3488 in
933 3428 1072 3506 potentia
1094 3429 1240 3507 spiritus,
1268 3426 1405 3507 loquitur
1455 3423 1519 3486 sint
1535 3423 1667 3503 piorum
1686 3429 1808 3501 mentes,
1830 3424 1938 3488 saltem
1959 3445 2021 3489 non
2041 3425 2333 3507 semperfmantur
2350 3431 2435 3489 tran·

423 3511 549 3593 quidem
581 3510 619 3574 de
651 3511 787 3574 externis
818 3512 998 3594 miraculis;
1029 3514 1083 3578 sed
1115 3513 1191 3594 quia
1223 3512 1266 3576 ad
1298 3531 1404 3576 eorum
1455 3507 1552 3589 quilla
1580 3513 1681 3587 statu;
1708 3510 1775 3589 sel,
1803 3510 2035 3591 quibuscunque
2062 3510 2217 3576 machinis
2238 3514 2433 3592 quatiantur,

423 3601 580 3677 aspeetm
612 3595 785 3659 caecutiunt
809 3597 946 3677 reprobi,
980 3598 1205 3680 comprehendit
1232 3597 1326 3662 etiam
1352 3596 1403 3659 in·
1456 3594 1505 3658 uel
1526 3613 1564 3657 ee
1583 3595 1652 3676 ipso
1677 3595 1876 3659 tentationum
1900 3598 2023 3679 qurqite
2043 3602 2213 3680 eurerquut,
2241 3598 2288 3663 uel
2315 3599 2351 3661 in
2372 3603 2435 3671 sta·

423 3683 523 3746 terius
551 3681 632 3746 illud
660 3680 815 3762 sipillum,
849 3685 942 3748 euius
970 3686 1047 3749 olibi
1075 3684 1223 3748 meminit.
1268 3684 1318 3747 Ae
1344 3702 1404 3763 quo
1456 3680 1537 3742 tione
1557 3699 1619 3743 sua
1634 3686 1826 3762 pamanent.
1872 3681 2031 3747 Securitas
2058 3684 2184 3764 quidem
2207 3682 2281 3748 haec
2302 3683 2370 3748 sola
2389 3684 2436 3765 fo

423 3767 527 3848 maqis
553 3767 587 3829 in
610 3771 674 3829 tam
689 3767 856 3846 praeclaro
882 3770 960 3834 douo
981 3792 1075 3835 suam
1096 3770 1312 3834 liberalitatem
1334 3768 1405 3832 illu-
1456 3769 1503 3829 oe
1534 3785 1570 3829 ac
1598 3770 1701 3830 tuetur
1724 3767 1833 3847 fider,
1865 3769 1922 3832 ubi
1949 3769 2116 3833 statu-imus
2140 3769 2223 3848 quod
2248 3771 2284 3834 iu
2308 3768 2436 3834 Psalmo

423 3856 498 3916 stret
516 3851 614 3929 Deus,
637 3871 697 3914 non
718 3874 821 3917 manes
842 3876 876 3920 eo
891 3857 1069 3936 promiscue
1090 3857 1247 3938 duamur,
1269 3855 1323 3919 sed
1339 3855 1406 3918 siri·
1457 3850 1529 3931 (46,
1551 3849 1585 3933 3)
1611 3851 1741 3932 aanor,
1769 3851 1928 3918 Dominus
1949 3856 2099 3934 protadio
2125 3859 2246 3934 nostra,
2274 3856 2435 3919 auritium

422 3937 532 4021 putari
549 3937 716 4018 priailepio
737 3940 875 4020 impertit
895 3941 1009 4020 quibus
1029 3943 1101 4006 vult.
1144 3940 1244 4006 Cuius
1264 3942 1311 4005 rei
1333 3945 1405 4004 ante
1457 3938 1492 4000 in
1513 3936 1727 4016 tribulatione;
1753 3938 1822 4004 idm
1849 3961 1911 4005 nou
1939 3940 2115 4005 timebimus
2135 3941 2211 4005 dum
2231 3943 2437 4006 contremiscet

424 4021 590 4087 alcuimus
616 4023 799 4089 testiuunin.
847 4027 986 4106 (lterum
1011 4029 1095 4108 fidus
1117 4028 1271 4108 interpres
1292 4027 1405 4109 Aupu
1456 4027 1551 4100 terra,
1573 4028 1601 4087 et
1621 4025 1798 4089 hanmlient
1818 4032 1935 4091 montes
1954 4027 1990 4090 in
2011 4047 2062 4091 cor
2082 4028 2191 4092 maris.
2233 4025 2321 4090 Haec
2342 4029 2437 4091 etiam

423 4109 530 4173 miuus
544 4108 567 4194 ¹)
594 4108 760 4187 exclamat,
787 4115 822 4173 ut
848 4117 986 4177 ememor
1010 4115 1126 4179 doceret
1154 4114 1261 4193 ipsum
1289 4133 1405 4193 quoque
1456 4111 1649 4174 suauissima
1675 4111 1764 4191 quies
1790 4111 1869 4176 alibi
1895 4112 2064 4178 alebrotur
2094 4111 2184 4197 (ibid.
2206 4116 2240 4189 3,
2265 4109 2315 4195 6):
2346 4113 2435 4175 deero

424 4195 546 4261 credam
567 4195 641 4259 doni
663 4214 735 4275 csse,
758 4217 819 4260 non
841 4199 952 4261 meriti.
998 4200 1105 4278 Neam,
1127 4199 1238 4279 inquit,
1261 4199 1342 4262 omi
1362 4198 1405 4262 ad
1458 4194 1521 4272 bui,
1539 4200 1567 4258 et
1587 4216 1731 4261 somnum
1752 4198 1827 4278 cepi,
1849 4203 1877 4262 et
1898 4200 2042 4263 surrexi:
2063 4201 2141 4280 quia
2158 4198 2318 4262 Dominus
2334 4216 2434 4259 susce·

425 4301 474 4344 me
493 4281 559 4345 uisi
574 4285 669 4362 pater
691 4301 778 4346 meris
798 4284 934 4346 traxerit
954 4304 1038 4361 eum,
1060 4289 1087 4349 et
1108 4285 1160 4348 cui
1181 4285 1289 4349 datum
1309 4285 1407 4366 luerit
1451 4281 1504 4362 pit
1524 4301 1580 4345 me.
1625 4282 1698 4346 Non
1718 4283 1799 4363 quod
1819 4284 1978 4365 aequabili
1998 4289 2098 4349 unam
2117 4303 2236 4362 semper
2256 4282 2299 4344 ad
2319 4281 2436 4344 laetam

424 4388 446 4431 a
473 4371 567 4446 patre
596 4386 660 4431 meo
688 4365 816 4450 (Ioann.
837 4372 871 4446 6,
891 4369 957 4453 44).
1001 4369 1126 4435 illimem
1157 4375 1203 4434 est
1232 4371 1312 4450 quod
1343 4370 1406 4434 duo
1456 4366 1647 4432 hilaritatem
1667 4370 1852 4451 compositus
1870 4371 1969 4452 suerit
1985 4369 2111 4449 Daoid,·
2131 4369 2184 4432 sed
2201 4371 2352 4450 quatenus
2369 4364 2436 4429 Dei

423 4452 574 4517 audiunt:
601 4472 685 4516 uuus
707 4455 880 4531 cmtemrnt,
903 4456 983 4520 alter
1004 4457 1148 4521 aseeridit.
1196 4456 1258 4537 Qui
1280 4462 1407 4520 contem
1455 4453 1592 4535 matiam
1609 4473 1672 4534 pro
1693 4456 1781 4520 modo
1795 4456 1871 4535 fidei
1885 4455 2037 4537 pustabat,
2057 4454 2212 4537 pariatur
2232 4471 2265 4514 se
2282 4452 2436 4532 intrepule

423 4538 479 4616 uit,
502 4539 630 4618 imputet
651 4537 733 4620 sibi,·
754 4541 809 4620 qui
831 4542 975 4620 ascendit,
997 4563 1057 4608 uon
1079 4547 1200 4625 arroqet
1221 4543 1290 4606 sibi.
1330 4541 1407 4605 Alio
1458 4539 1611 4619 despicere
1642 4541 1796 4621 quidquid
1827 4542 1938 4606 euntis
1964 4561 2074 4620 pacem
2104 4537 2277 4617 inquietare
2304 4541 2435 4616 poterat.

424 4622 502 4687 loca:
524 4645 622 4704 quare
643 4624 700 4687 mu
721 4627 830 4690 datiam
851 4627 903 4704 est,
925 4648 988 4692 uon
1009 4628 1125 4693 altat?
1162 4628 1236 4692 Non
1257 4648 1305 4692 me
1321 4629 1408 4709 pipet
1459 4624 1535 4688 ldeo
1556 4627 1731 4706 scriptura,
1757 4626 1832 4690 dum
1859 4627 1903 4690 ad
1921 4625 2015 4705 fidem
2035 4624 2154 4688 hortari
2173 4622 2252 4700 nult,
2282 4623 2437 4703 quiescere

423 4708 532 4786 dicere,
555 4710 609 4773 hoe
630 4715 675 4775 est
690 4711 886 4792 molendum
907 4716 1020 4778 eruam
1058 4713 1109 4778 De
1125 4715 1283 4795 motando
1305 4713 1406 4777 neseio
1457 4710 1548 4774 iubet.
1587 4712 1687 4792 Apud
1710 4710 1851 4776 Iesaiam
1872 4712 1938 4795 (30,
1962 4709 2031 4793 15):
2052 4711 2088 4774 in
2108 4729 2164 4789 spe
2184 4713 2213 4772 et
2233 4707 2356 4772 silentio
2377 4710 2438 4772 erit

423 4800 483 4873 quo
505 4796 695 4861 indiciorum
716 4796 795 4875 Dei,
820 4818 899 4879 quae
919 4801 1118 4878 persemtari
1144 4820 1207 4864 non
1224 4818 1405 4880 possumus,
1456 4796 1607 4876 fortitudo
1633 4801 1743 4860 uestra.
1788 4796 1831 4860 In
1855 4795 1982 4860 Psalmo
2004 4795 2076 4878 (37,
2097 4798 2149 4880 7).·
2175 4793 2234 4858 sile
2256 4792 2437 4859 Iehonaeet

417 4880 559 4957 procedit
583 4900 670 4945 omine
699 4884 780 4962 quod
795 4903 975 4963 possumus.
1023 4886 1113 4966 Quod
1128 4905 1274 4965 possum,
1303 4885 1406 4950 rideo:
1457 4886 1596 4960 exspecta
1629 4882 1728 4945 idum.
1780 4880 1902 4960 Quibus
1928 4881 2089 4962 respondet
2119 4880 2200 4945 illud
2231 4881 2362 4960 apostoli
2394 4880 2438 4944 ad

423 4963 507 5026 unde
522 4984 668 5044 possum,
696 4988 756 5031 non
777 4969 879 5048 eidem
908 4972 974 5034 nisi
996 4972 1072 5052 quia
1093 4971 1240 5036 lauimus
1260 4971 1405 5049 uidene
1458 4965 1618 5031 Hebraeos
1661 4971 1706 5043 10,
1727 4966 1799 5051 36).·
1813 4967 1973 5046 patientia
1993 4987 2072 5048 opus
2092 4971 2146 5045 est,
2169 4970 2220 5029 ete.

423 5046 492 5111 Deo
513 5069 587 5112 esse.
634 5051 737 5130 Quare
759 5060 860 5118 autem
882 5056 982 5135 illum,
1003 5063 1032 5121 et
1053 5078 1115 5121 nou
1135 5058 1251 5121 illum?
1271 5056 1405 5119 multum
1544 5055 1594 5114 38.
1677 5051 1729 5118 'nc
1755 5051 1899 5116 iudicare
1928 5052 2005 5118 licet
2031 5074 2130 5135 quam
2153 5051 2371 5135 perniciosum
2395 5051 2438 5114 s't

423 5138 469 5198 est
490 5134 532 5198 ad
553 5153 616 5211 me·
645 5136 775 5215 mussas
797 5145 854 5218 est,
877 5143 1075 5224 melaredum
1098 5144 1209 5213 erucis.
1254 5142 1405 5205 Admira
1457 5136 1689 5202 scholasticum
1717 5138 1800 5202 illud
1822 5137 1957 5221 dogma,
1986 5159 2046 5202 nos
2073 5137 2113 5202 de
2140 5137 2248 5222 gratia
2269 5137 2331 5201 Dei
2358 5157 2439 5218 erga

422 5220 505 5285 tione
532 5219 706 5284 exclamare
727 5243 871 5303 possum,
901 5247 961 5290 non
989 5229 1197 5309 dispertitione
1223 5232 1403 5290 uwnnrare.
1456 5245 1516 5289 nos
1544 5243 1610 5287 non
1639 5223 1735 5290 aliter
1763 5233 1907 5290 statuere
1938 5245 2034 5306 posse
2061 5246 2160 5307 quam
2188 5244 2230 5286 ex
2253 5223 2439 5287 coniectura

423 5305 497 5370 Hae
524 5306 606 5370 redit
633 5327 770 5383 mmma,
802 5308 975 5392 Christum,
1004 5314 1058 5377 ubi
1079 5334 1136 5379 nos
1163 5315 1197 5375 in
1216 5312 1310 5392 tidem
1331 5311 1404 5374 illu·
1456 5309 1591 5387 morali,
1619 5321 1718 5393 prout
1744 5332 1779 5376 sc
1800 5310 2025 5393 unusquisque
2044 5331 2110 5374 non
2131 5309 2303 5404 indignum
2325 5328 2364 5371 ea
2386 5329 2439 5372 re·

421 5393 522 5455 mittat
550 5393 687 5473 spiritus
715 5395 769 5457 sui
796 5395 921 5477 munte,
954 5401 1049 5465 umal
1071 5401 1206 5464 insuere
1236 5399 1271 5462 iu
1293 5417 1406 5480 corpus
1456 5402 1560 5481 putat.
1604 5396 1768 5479 Equidem
1800 5397 1829 5461 si
1862 5396 1902 5462 ab
1937 5395 2090 5478 operibus
2122 5393 2363 5460 assumendum
2395 5394 2441 5457 sit

422 5495 526 5555 mum,
547 5482 581 5541 ul
600 5477 718 5558 flamm
740 5480 885 5544 bonorum
907 5489 1045 5551 omnium
1061 5485 1243 5568 participes.
1456 5482 1599 5567 qualiter
1619 5483 1755 5549 affectus
1776 5483 1821 5548 sit
1842 5502 1923 5565 erga
1943 5502 2003 5546 nos
2025 5482 2202 5558 Dominus,
2224 5479 2260 5544 id
2282 5500 2324 5544 nc
2346 5481 2440 5544 tenid

428 5600 632 5610 *Q*-
1457 5569 1590 5652 quidem
1623 5571 1809 5634 coniectura
1841 5587 1937 5650 posse
1967 5588 2028 5632 nos
2061 5566 2189 5649 assequi
2221 5566 2343 5642 sareon
2381 5565 2440 5630 sod

492 5660 523 5725 1)
540 5663 610 5734 Aug.
629 5668 662 5719 do
683 5667 773 5719 vorbis
791 5673 877 5736 apost.
897 5670 957 5725 libr.
978 5672 1003 5724 a.
1457 5676 1559 5738 quum
1586 5656 1727 5739 simplici
1753 5663 1787 5719 et
1814 5652 1978 5737 punine
2004 5652 2212 5734 promissioni
2241 5649 2441 5734 respondere
