5600 6809
388 755 447 818 921
726 752 817 819 LIB.
840 753 900 819 IV.
943 753 1007 818 DE
1028 751 1265 819 EXTERNIS
1285 752 1452 821 MEDHS
1473 754 1539 820 AD
1561 750 1792 820 SALUTEM„
1835 752 1934 819 CAP.
1956 753 2055 873 xm

387 950 495 1023 tueque
537 943 664 1006 animoa
701 942 735 1006 in
771 943 925 1026 gurgitem
960 942 1188 1024 desperationis
1221 943 1361 1023 proiecit.

390 1028 571 1110 Certaquod
583 1027 802 1093 sacerdotibus
813 1025 1024 1092 interdictum
1042 1028 1103 1091 fuit
1113 1028 1308 1111 coniugium,
1327 1027 1361 1091 id

387 1115 509 1178 factum
532 1121 582 1177 est
603 1114 704 1197 impia
725 1112 914 1196 tyrannide,
941 1135 1008 1178 non
1036 1112 1130 1177 modo
1152 1121 1266 1178 eontm
1287 1134 1360 1178 ver·

388 1199 465 1263 bum
485 1199 558 1275 Dei,
577 1198 752 1263 sedetiam
772 1206 886 1288 eontra
904 1220 1033 1263 omnem
1045 1200 1250 1281 aequitatem.
1285 1199 1361 1263 Pri·

387 1305 480 1348 mum
512 1293 642 1362 vetare,
682 1283 768 1367 quod
801 1285 962 1350 Dominus
994 1285 1133 1350 liberum
1168 1285 1359 1367 reliquisset,

387 1370 479 1435 nulla
501 1371 627 1434 ratione
655 1370 842 1435 hominibus
869 1371 970 1434 licuit.
1015 1369 1145 1435 Deinde
1168 1371 1360 1435 nominatim

387 1456 495 1521 Deum
525 1455 650 1520 cavisse
678 1456 777 1520 verbo
799 1477 857 1520 suo
882 1478 924 1520 ne
945 1455 1026 1521 haec
1047 1456 1181 1520 libertas
1203 1456 1360 1539 infringe·

387 1549 487 1618 retur,
511 1541 630 1606 clarius
652 1552 702 1605 est
723 1563 820 1623 qnam
843 1548 881 1605 ut
899 1541 997 1624 longa
1019 1541 1294 1606 demonstratione
1311 1541 1361 1605 uti

387 1649 519 1692 neccsse
559 1629 609 1690 sit.
661 1625 786 1691 Omitto
825 1626 913 1708 quod
943 1627 1070 1691 Paulus
1102 1626 1251 1709 pluribus
1283 1627 1361 1692 locis

387 1714 573 1795 episcopum
594 1712 667 1776 vult
687 1735 757 1777 esso
779 1713 879 1776 unius
900 1713 1013 1776 uxoris
1034 1713 1143 1776 virum
1165 1712 1197 1796 <1
1221 1714 1303 1776 Tim.
1331 1717 1360 1790 3,

389 1802 423 1877 23
452 1799 514 1862 Tit.
546 1803 578 1875 l,
610 1798 653 1882 6).
699 1795 766 1863 Sed
794 1796 873 1880 quid
907 1797 1014 1880 potuit
1040 1797 1269 1862 vehementius
1297 1798 1361 1863 dici
1450 1851 1456 1862 .

388 1905 487 1966 quam
509 1883 565 1947 ubi
588 1905 629 1947 ex
651 1883 767 1965 spiritu
791 1891 902 1947 sancto
924 1882 1104 1960 denuntiat,
1134 1884 1202 1947 fore
1222 1884 1361 1949 novissi-

388 1970 451 2032 mis
472 1968 672 2051 temporibus
694 1968 844 2033 hominos
865 1969 982 2051 impios
1000 1969 1055 2051 qui
1074 1970 1264 2052 coniugium
1285 1990 1360 2052 pro-

387 2054 530 2132 hibeant,
554 2075 671 2136 eosque
690 2075 757 2118 non
774 2054 870 2118 modo
887 2056 1079 2137 impostores
1101 2063 1280 2138 nuncupat,
1303 2055 1361 2119 sed

389 2139 584 2204 daemones?
608 2139 640 2223 <1
667 2141 750 2203 'l'im
774 2147 809 2216 4,
834 2139 878 2224 3).
928 2140 1006 2205 Hoc·
1028 2140 1129 2224 igitur
1156 2141 1358 2219 vaticinium,

388 2225 449 2291 hoe
472 2245 600 2290 sacrum
622 2226 790 2290 oraculum
812 2237 862 2290 eet
883 2225 1017 2310 spiritus
1039 2226 1151 2304 sanna,
1174 2247 1236 2308 quo
1258 2227 1360 2292 ccele-

388 2312 471 2375 siam
494 2310 535 2374 ab
556 2311 650 2374 initio
671 2311 879 2393 praemunire
902 2311 1059 2376 adversus
1080 2312 1225 2394 pericula
1246 2313 1358 2392 voluit,

387 2396 566 2461 doctrinam
586 2395 831 2461 daemoniorum
849 2419 918 2462 esse
937 2397 1081 2480 coniugii
1098 2397 1357 2480 prohibitionem.

385 2483 512 2546 Verum
545 2482 628 2545 belle
661 2503 696 2546 se
728 2483 854 2564 elapsos
887 2505 957 2548 csse
990 2492 1109 2566 putant
1141 2504 1241 2566 quum
1274 2483 1360 2549 hanc

385 2568 582 2631 sententiam
604 2566 798 2649 detorquent
816 2568 857 2633 ad
879 2569 1084 2647 Montanum,
1108 2569 1271 2646 Tatianos,
1289 2570 1359 2634 Dn-

386 2653 518 2717 cratitas
544 2653 688 2735 aliosque
714 2663 842 2718 veteres
868 2654 1056 2720 haereticos.
1101 2654 1169 2733 Illi,
1197 2655 1360 2737 inquiunt,

386 2738 448 2803 soli
474 2739 719 2802 matrimonium
747 2737 959 2818 damnarunt;
986 2762 1046 2804 nos
1067 2741 1203 2804 minime
1225 2738 1360 2805 damna-

384 2845 475 2901 mus,
504 2824 561 2888 sed
586 2824 840 2889 ecclesiasticum
864 2824 1010 2890 ordinem
1033 2837 1160 2890 tantum
1183 2827 1223 2891 ab
1246 2846 1284 2890 eo
1307 2848 1359 2890 ar·

385 2929 512 2987 murus,
550 2911 602 2973 cui
634 2920 788 2992 putamus
821 2932 886 2974 non
914 2912 993 2976 satis
1022 2912 1204 2977 convenire.
1255 2910 1358 2993 Quasi

385 3016 463 3059 vero
496 2995 624 3059 etiamsi
662 2995 696 3059 in
734 2996 799 3060 illis
831 2994 1050 3079 superioribus
1086 2995 1283 3080 completum
1316 2998 1360 3062 sit

383 3081 490 3163 primo
512 3080 581 3144 loco
603 3081 664 3146 hoe
686 3081 885 3157 vaticinium,
909 3104 975 3146 non
997 3083 1033 3146 in
1053 3083 1132 3147 istos
1154 3084 1253 3147 etiam
1271 3104 1358 3148 com-

383 3174 489 3248 petat3
519 3175 577 3230 aut
604 3168 697 3249 quasi
725 3166 837 3240 auditu
865 3168 965 3250 digna
993 3169 1035 3232 sit
1061 3168 1196 3250 puerilis
1223 3170 1287 3233 ista
1306 3190 1358 3232 ar-

384 3251 522 3334 gutiola‚
546 3252 631 3334 quod
653 3252 825 3334 prohibere
847 3276 881 3317 sc
904 3262 1040 3336 negant,
1067 3255 1230 3336 quianon
1253 3255 1358 3318 omni·

383 3336 444 3401 bus
477 3337 659 3418 prohibent.
704 3337 847 3403 Perinde
883 3340 970 3403 enim
998 3347 1047 3404 est
1075 3359 1113 3403 ac
1140 3340 1167 3404 si
1196 3348 1358 3423 tyrannus

384 3421 533 3504 iniquam
555 3444 621 3486 non
644 3444 713 3487 essc
735 3424 842 3506 legem
865 3424 1048 3502 contendat,
1072 3425 1164 3490 cuius
1186 3425 1358 3508 iniquitate

383 3529 460 3590 pars
482 3506 645 3572 duntaxat
665 3509 808 3574 civitatis
830 3519 1006 3592 prematur.

470 3597 520 3655 24.
566 3591 750 3672 Obiioiunt,
779 3596 887 3678 aliqua
915 3605 992 3661 nota
1014 3596 1146 3661 differre
1168 3605 1359 3680 oporterea

382 3677 476 3761 plebe
494 3678 702 3744 sacerdotem.
740 3679 842 3761 Quasi
861 3704 925 3746 non
947 3682 1127 3765 providerit
1149 3683 1210 3749 hoc
1231 3704 1359 3765 quoque

382 3763 545 3828 Dominus
575 3765 691 3847 quibus
719 3769 919 3832 ornamentis
948 3768 1107 3833 excellere
1130 3768 1285 3834 deberent
1307 3789 1358 3832 sa-

383 3849 538 3915 cerdotes.
583 3851 637 3915 Ita
659 3852 841 3936 apostolum
864 3853 1046 3936 perturbati
1072 3854 1195 3920 ordinis
1217 3855 1358 3929 confusi·

385 3957 447 4017 que
470 3935 595 4001 decoris
617 3938 824 4003 ecclesiastici
842 3939 1043 4017 insimulant,
1067 3940 1122 4022 qui
1144 3962 1245 4023 quum
1265 3941 1358 4005 abso-

384 4020 489 4085 lutam
511 4023 588 4086 boni
611 4024 750 4105 episcopi
773 4023 879 4088 ideam
901 4025 1087 4102 delinearet,
1111 4027 1196 4090 inter
1217 4026 1358 4107 reliquas

384 4105 476 4172 dotes
510 4128 590 4189 quas
617 4109 653 4171 in
680 4130 718 4173 eo
746 4110 945 4191 requirebat,
975 4132 1074 4176 ausus
1100 4112 1143 4176 sit
1170 4112 1357 4193 coniugium

383 4214 512 4274 ponere.
564 4191 639 4258 Scio
673 4194 815 4276 qualiter
844 4196 905 4260 hoe
936 4195 1209 4279 interpretentur,
1240 4217 1358 4278 nempe

384 4278 571 4361 eligendum
592 4300 660 4343 non
678 4301 749 4344 esse
766 4281 821 4361 qui
843 4281 1020 4349 secundam
1039 4282 1190 4346 habuerit
1211 4303 1356 4346 imorem.

382 4363 491 4446 Atque
522 4364 608 4429 hane
629 4365 934 4448 interpretationem
956 4388 1023 4430 non
1045 4389 1115 4432 esse
1137 4389 1258 4433 novam
1280 4388 1357 4432 con-

383 4448 479 4528 oodo;
507 4449 563 4516 sed
593 4451 707 4516 falsam
737 4472 806 4516 esse
829 4473 871 4515 ex
892 4453 962 4535 ipso
984 4460 1140 4518 contextu
1163 4453 1272 4536 palam
1293 4460 1358 4518 est:

383 4535 459 4614 quia
486 4536 598 4600 statim
626 4536 819 4619 praescribit
846 4538 957 4620 quales
984 4539 1210 4622 episcoporum
1230 4547 1265 4603 et
1287 4539 1357 4604 dia-

383 4638 536 4683 conorum
564 4643 683 4689 uxores
710 4645 781 4688 esse
808 4631 962 4706 oporteat.
1007 4624 1133 4689 Paulus
1159 4626 1246 4689 inter
1272 4625 1357 4708 epis-

383 4704 454 4801 copi
483 4707 622 4771 virtutes
650 4716 803 4773 numerat
831 4711 1032 4794 coniugium:
1067 4711 1122 4775 isti
1153 4710 1357 4776 intolerabile

382 4796 503 4853 utrum
530 4791 564 4853 in
593 4793 705 4859 ordine
730 4795 947 4865 ecclesiastico
976 4816 1047 4861 esse
1069 4796 1194 4862 docent.
1238 4798 1299 4877 Et,
1328 4796 1357 4861 si

381 4875 454 4972 Deo
477 4874 592 4973 placet,
616 4876 677 4941 hac
699 4881 843 4962 generali
866 4883 1105 4965 vituperatione
1126 4904 1195 4948 nou
1212 4883 1357 4949 contenti

382 4959 623 5024 immuudrtiem
645 4976 678 5026 et
698 4965 910 5046 pollutionem
932 4970 1040 5034 carnis
1068 4970 1103 5033 in
1133 4970 1201 5034 suis
1222 4970 1357 5035 canoni·

382 5043 442 5109 bus
464 5052 591 5111 vocant.
607 5046 631 5130 ¹)
660 5046 791 5130 Cogitet
812 5055 946 5134 quisque
969 5054 1055 5136 apud
1077 5076 1112 5118 se
1135 5076 1176 5119 ex
1198 5077 1262 5137 qua
1284 5057 1356 5120 offi-

381 5131 455 5195 cina
477 5131 558 5197 haec
588 5132 776 5215 prodierint.
822 5135 974 5201 Christus
996 5160 1033 5202 eo
1055 5139 1177 5204 honore
1199 5140 1356 5226 dignatur

381 5217 578 5301 coniugium,
600 5227 638 5281 ut
659 5218 836 5300 imaginem
855 5242 925 5284 esse
948 5222 1028 5284 velit
1048 5244 1158 5286 sacrae
1181 5246 1258 5289 suae
1280 5249 1354 5292 cum

382 5304 518 5368 ecclesia
550 5303 798 5369 coniunctionis.
849 5303 940 5386 Quid
966 5304 1168 5388 splendidius
1192 5309 1255 5373 dici
1282 5321 1355 5394 pot-

381 5397 452 5454 erat
474 5389 516 5455 ad
537 5388 830 5456 commendandam
852 5391 995 5474 coniugii
1018 5390 1234 5475 dignitatem?
1280 5395 1356 5476 Qua

382 5563 585 5573 -ψ

450 5662 479 5730 1)
497 5665 608 5718 Siricius
628 5666 662 5718 ad
680 5665 821 5735 episcopos
839 5665 1040 5734 Hispaniarum.

2324 757 2386 818 922

1413 943 1515 1026 igitur
1543 943 1649 1008 fronte
1671 942 1880 1007 immundum
1902 941 1955 1006 vel
1977 942 2139 1025 pollutum
2161 942 2330 1008 vocabitur
2351 943 2387 1007 in

1412 1050 1475 1111 quo
1495 1027 1674 1093 similitudo
1696 1028 1873 1111 spiritualis
1896 1027 2022 1092 Christi
2043 1028 2167 1110 gratiae
2189 1027 2314 1092 elucet?

1500 1170 1550 1230 25.
1595 1166 1668 1230 Iam
1694 1187 1772 1231 vero
1798 1186 1899 1248 quum
1926 1165 1973 1228 ita
1995 1166 2082 1229 clare
2104 1186 2180 1229 cum
2200 1165 2300 1229 verbo
2321 1164 2388 1230 Dei

1412 1259 1537 1335 pugnet
1558 1273 1671 1316 eomm
1692 1251 1877 1333 prohibitio,
1900 1251 2075 1314 inveniunt
2095 1258 2206 1314 tamen
2227 1251 2262 1314 in
2284 1253 2386 1334 scrip-

1412 1337 1497 1402 turis
1518 1358 1582 1419 quo
1604 1358 1677 1401 eam
1695 1336 1880 1401 defendant
1920 1334 2114 1401 Sacerdotes
2131 1335 2287 1415 leviticos,
2306 1357 2387 1419 quo-

1413 1424 1474 1487 ties
1497 1422 1538 1488 ad
1566 1444 1621 1487 ees
1642 1422 1852 1487 ministrandi
1873 1422 1961 1486 vices
1988 1420 2152 1499 redibant,
2180 1421 2325 1504 oportuit
2346 1420 2388 1487 ab

1413 1509 1570 1573 uxoribus

1412 1679 1529 1745 biliora
1546 1681 1612 1743 sint
1630 1688 1663 1744 et
1684 1678 1882 1762 quotidiana,
1902 1701 1925 1761 a
1941 1678 2122 1761 coniugatis
2139 1680 2274 1743 tractari
2293 1679 2388 1745 valde

1413 1765 1513 1828 fuerit
1533 1765 1734 1830 indecorum.
1780 1764 1885 1844 Quasi
1906 1786 1984 1830 vero
2007 1763 2120 1827 eadem
2143 1764 2186 1828 sit
2207 1765 2388 1848 evangelici

1413 1850 1587 1915 mmisterii
1609 1872 1749 1932 persona
1776 1870 1858 1932 quae
1880 1851 1942 1914 fuit
1962 1848 2135 1914 sacerdotii
2156 1850 2286 1915 levitici.
2331 1850 2387 1915 Illi

1413 1937 1501 2000 enim
1530 1945 1686 2018 tanquam
1716 1935 1869 1998 dulcores
1891 1935 2060 2000 Christum
2088 1935 2386 2017 repraesentabant,

1413 2023 1469 2103 qui
1486 2022 1662 2097 ‚mediator
1687 2023 1752 2085 Dei
1780 2031 1814 2085 et
1843 2021 2012 2085 hominum
2054 2020 2293 2086 absolutissima
2327 2040 2389 2086 sua

1413 2109 1556 2191 puritate
1585 2108 1851 2174 reconciliaturus
1879 2115 2007 2189 patrem
2036 2105 2128 2170 nobis
2149 2114 2229 2170 erat.
2274 2105 2388 2187 Quum

1413 2214 1491 2257 vero
1503 2195 1593 2257 omni
1607 2214 1648 2257 ex
1666 2203 1760 2276 parte
1780 2193 1936 2257 exhibere
1953 2199 2138 2274 peccatores
2156 2200 2273 2275 typum
2291 2210 2387 2257 sane·

1412 2279 1515 2343 titatis
1533 2281 1602 2344 eius
1620 2302 1685 2344 non
1702 2286 1844 2362 possent,
1862 2277 2057 2360 quibusdam
2075 2287 2187 2342 tamen
2205 2278 2388 2343 lineamen-

1413 2365 1455 2429 tis
1476 2373 1516 2428 ut
1537 2363 1778 2442 adumbrarent,
1801 2365 1881 2429 iussi
1904 2375 1982 2428 sunt
2002 2364 2091 2428 ultra
2112 2363 2295 2427 humanum
2317 2384 2388 2428 mo·

1412 2472 1483 2514 rem
1505 2472 1539 2514 se
1561 2451 1747 2532 purificare,
1771 2450 1849 2515 dum
1871 2449 1912 2513 ad
1935 2450 2158 2514 sanctuarium
2180 2448 2385 2514 accederent:

1412 2536 1488 2617 quia
1510 2545 1582 2599 tum
1600 2536 1724 2601 scilicet
1741 2536 1872 2619 proprie
1891 2535 2063 2600 Christum
2081 2532 2277 2617 figurabant,
2300 2533 2387 2616 quod

1411 2621 1513 2685 veluti
1524 2622 1757 2702 pacificatores,
1776 2621 1817 2685 ad
1835 2620 2112 2685 reconciliandum
2130 2619 2202 2683 Dec
2219 2621 2386 2703 populum,

1411 2707 1613 2788 apparebant
1634 2706 1675 2770 ad
1697 2705 1954 2784 tabernaculum,
1977 2706 2125 2771 coelestis
2145 2705 2320 2770 tribunalis
2341 2705 2386 2767 si·

1411 2791 1604 2857 mulacrum.
1648 2792 1746 2855 Hanc
1772 2811 1946 2874 personam
1972 2792 2050 2873 quia
2078 2790 2177 2855 hodie
2197 2810 2264 2854 non
2287 2792 2386 2856 susti-

1411 2884 1492 2942 nent
1509 2878 1718 2943 ecclesiastici
1740 2883 1900 2959 pastores,
1929 2878 2053 2941 frustra
2075 2861 2233 2940 cumillis
2255 2897 2385 2959 compa·

1411 2972 1537 3027 rantur.
1578 2963 1690 3044 Quare
1712 2962 1877 3046 apostolus
1899 2961 2016 3045 <Heba
2040 2965 2087 3040 13,
2107 2963 2142 3044 4)
2164 2961 2248 3025 citra
2269 2981 2386 3044 excep·

1411 3051 1534 3113 tionem
1547 3069 1659 3114 secure
1669 3049 1870 3131 pronuntiat,
1889 3046 2077 3112 honorabile
2095 3068 2165 3111 esse
2176 3047 2262 3110 inter
2273 3066 2387 3112 omnes

1411 3135 1614 3217 coniugium,
1643 3142 1837 3200 scortatores
1866 3143 1976 3197 autem
2003 3142 2037 3195 et
2063 3131 2229 3195 adulteros
2253 3151 2387 3197 manere

1411 3220 1473 3283 Dei
1502 3220 1669 3285 iudicium.
1714 3221 1760 3284 Et
1786 3220 1849 3301 ipsi
1876 3218 2013 3301 apostoli
2041 3240 2099 3282 suo
2127 3216 2277 3299 exemplo
2299 3237 2386 3281 com·

1410 3304 1604 3387 probarunt,
1638 3306 1761 3370 nulhus
1787 3304 1967 3387 quamlibet
1993 3303 2182 3368 excellentis
2211 3303 2387 3368 hechonis

1410 3391 1586 3456 sanctitate
1607 3392 1780 3476 indignum
1803 3412 1874 3455 esse
1896 3389 2093 3473 coniugium.
2132 3389 2221 3453 Nam
2242 3408 2297 3453 eos
2318 3409 2413 3459 non.

1411 3485 1541 3541 tantum
1561 3498 1682 3543 uxores
1702 3478 1891 3555 retinuisse,
1913 3475 1971 3540 sed
1993 3497 2103 3540 secum
2126 3475 2226 3539 etiam
2247 3475 2387 3539 eircum-

1412 3562 1544 3628 duxisse
1566 3564 1659 3629 testis
1682 3571 1733 3628 est
1752 3563 1879 3628 Paulus
1901 3562 1933 3646 <1
1959 3561 2033 3626 Cor.
2058 3567 2086 3639 9,
2111 3560 2154 3643 5).

1497 3687 1547 3747 26.
1591 3680 1721 3748 Deinde
1748 3682 1834 3746 mira
1854 3681 1917 3746 fuit
1937 3680 2156 3764 impudentia,
2184 3680 2269 3763 quod
2292 3679 2385 3745 deco-

1411 3790 1487 3832 rum
1509 3768 1597 3834 istud
1615 3768 1775 3833 eastitatis
1788 3770 1813 3851 ¹)
1831 3788 1890 3850 pro
1908 3767 2092 3832 necessaria
2109 3787 2145 3830 re
2163 3760 2386 3846 venditarimtss

1411 3855 1446 3918 in
1486 3875 1649 3919 summam
1688 3854 1808 3919 veteris
1849 3853 2002 3918 ecclesiae
2035 3852 2262 3935 ignominiam:
2302 3873 2385 3934 quae

1411 3961 1512 4023 quum
1534 3938 1709 4004 abundarit
1730 3939 1852 4003 eximia
1872 3939 1937 4002 Dei
1959 3935 2155 4015 eruditione,
2178 3937 2252 4019 plus
2273 3944 2386 4003 tamen

1411 4026 1625 4090 sanctimonia
1647 4024 1810 4090 excelluit.
1855 4024 1942 4088 Nam
1964 4024 1994 4089 si
2022 4023 2183 4106 apostolos
2205 4022 2290 4086 nihil
2313 4044 2384 4087 mo-

1410 4117 1528 4174 rantur
1548 4110 1600 4194 (ut
1621 4111 1727 4175 solent
1744 4131 1798 4176 eos
1817 4109 1981 4175 interdum
1998 4115 2132 4174 strenue
2149 4110 2383 4192 contemnere),

1411 4196 1504 4279 quid,
1539 4195 1668 4275 amabo,
1711 4196 1831 4261 facient
1870 4196 2020 4261 omnibus
2060 4195 2197 4260 vetustis
2225 4193 2406 4274 patribus„

1411 4285 1490 4364 quos
1512 4289 1639 4347 certum
1666 4288 1803 4347 estnon
1830 4279 1925 4345 modo
1947 4281 2134 4364 coniugium
2161 4280 2195 4341 iu
2218 4278 2383 4361 episcopo-

1411 4389 1486 4444 rum
1513 4367 1627 4432 ordine
1648 4367 1817 4444 tolerasse,
1842 4365 2020 4432 sedetiam
2042 4362 2259 4447 approbasse?
2304 4363 2383 4427 Ale-

1410 4453 1490 4518 bant
1511 4453 1635 4518 scilicet
1654 4452 1783 4518 foedam
1805 4474 1971 4519 sacrorum
1990 4450 2257 4532 profanationem,
2280 4468 2383 4529 quan-

1410 4539 1451 4603 do
1473 4540 1519 4603 ita
1540 4561 1607 4604 non
1628 4539 1691 4603 rite
1712 4537 1798 4622 apud
1822 4559 1877 4603 eos
1898 4537 2033 4602 Domini
2054 4534 2211 4618 mysteria
2232 4532 2383 4598 coleban-

1410 4632 1473 4689 tur.
1519 4625 1691 4708 Agitatum
1716 4623 1848 4706 quidem
1875 4624 1938 4686 fuit
1963 4623 1999 4685 in
2032 4621 2168 4683 nicaena
2195 4616 2319 4703 synodo
2342 4617 2384 4684 de

1409 4709 1583 4776 indicendo
1612 4710 1790 4789 caelibatu;
1818 4718 1857 4773 ut
1882 4726 2050 4789 nunqnam
2079 4703 2197 4768 desunt
2225 4702 2382 4785 supersti-

1410 4797 1533 4875 tiosuli,
1561 4797 1617 4880 qui
1644 4817 1773 4879 semper
1793 4814 1914 4858 novum
1943 4788 2072 4873 aliquid,
2091 4789 2383 4855 comminiscuntur

1409 4882 1497 4947 unde
1525 4882 1774 4947 admirationem
1802 4879 1863 4943 sibi
1886 4876 2068 4941 concilient.
2114 4872 2181 4939 Sed
2204 4872 2281 4957 quid
2303 4896 2382 4939 con-

1409 4969 1563 5033 stitutum
1591 4967 1674 5032 luit?
1690 4968 1718 5049 9)
1757 4983 1873 5045 nempe
1906 4962 1942 5025 in
1960 4957 2172 5028 [sententiam
2198 4959 2382 5043 Paphnutii

1409 5054 1588 5121 discessum
1610 5060 1668 5124 est.
1691 5051 1746 5133 qui
1767 5047 1994 5131 pronuntiavit
2011 5046 2195 5119 casatatem
2214 5067 2284 5111 esse
2306 5068 2382 5112 cum

1408 5142 1540 5224 propria
1562 5158 1663 5203 uxore
1685 5133 1899 5200 concubitum.
1944 5133 2071 5198 Mansit
2091 5152 2169 5215 ergo
2190 5131 2278 5196 inter
2294 5132 2381 5214 ipsos

1408 5247 1536 5290 sacrum
1563 5222 1767 5304 coniugium3
1799 5239 1904 5301 neque
1934 5226 1991 5283 aut
2022 5218 2103 5301 ipsis
2131 5217 2278 5282 dedecori
2311 5237 2380 5282 ees-

1408 5313 1465 5390 sit,
1488 5318 1545 5375 aut
1566 5305 1729 5371 maculam
1751 5304 1855 5370 ullam
1876 5325 2049 5390 aspergere
2070 5303 2252 5368 ministerio
2277 5300 2379 5367 credi·

1408 5405 1481 5460 tum
1503 5400 1560 5459 est.

1478 5666 1506 5730 1)
1524 5665 1647 5717 cantata
1665 5663 1741 5720 lou.
1810 5663 1841 5734 a)
1860 5664 1932 5719 aar.
1950 5667 2059 5734 tripart.
2077 5663 2138 5752 ner.
2157 5660 2181 5715 a.
2200 5648 2258 5730 cap.
2276 5659 2318 5714 re

1604 1509 1773 1585 secubare,
1808 1529 1870 1589 quo
1904 1508 1979 1591 puri
2006 1514 2040 1571 et
2065 1507 2267 1572 immaculati
2294 1517 2388 1574 satra
2499 1571 2501 1574 .

1402 1602 1602 1659 tractarent.
1644 1593 1766 1658 Nostra
1786 1615 1864 1677 ergo
1886 1613 1994 1671 sacra,
2022 1613 2123 1675 quum
2145 1603 2180 1656 et
2199 1593 2305 1656 multo
2327 1614 2387 1658 no-

2411 4020 2414 4027 ·
2456 4002 2465 4033 l
