5600 6809
381 733 422 792 29
988 728 1255 793 PRAEFATIO
1278 730 1343 794 AD
1364 731 1536 797 REGEM
1554 730 1774 795 GALLIAE·
1952 727 1955 740 '
2344 737 2386 798 30

379 940 421 983 ne
442 919 541 983 nimis
562 917 691 994 multis,
719 917 847 1001 quando
870 918 950 983 hacc
977 917 1043 981 iam
1064 917 1221 999 praefatio
1243 917 1285 981 ad
1304 917 1356 981 iu·
1408 939 1536 1000 semper
1557 918 1705 991 vinculis,
1728 918 1851 1000 flagris,
1874 920 2028 1001 equuleis,
2048 919 2252 999 sectionibus,
2275 921 2386 984 incen-

381 1037 450 1095 stae
477 1050 581 1112 paene
603 1029 770 1113 apologiae
796 1029 931 1094 modum
957 1027 1095 1093 accedit:
1124 1049 1189 1110 qua
1210 1049 1277 1093 non
1300 1028 1355 1092 de-
1408 1028 1469 1094 diis
1497 1029 1663 1107 saeviunt,
1698 1050 1758 1094 nos
1791 1028 1936 1111 quidem,
1971 1031 2062 1095 velut
2090 1052 2166 1096 oves
2194 1031 2387 1096 mactationi

380 1142 561 1205 sensionem
592 1147 718 1218 texere,
753 1140 811 1204 sed
844 1140 1006 1204 duntaxat
1033 1139 1074 1203 ad
1100 1141 1206 1222 ipsam
1238 1161 1356 1205 causae
1408 1140 1602 1219 destinatae,
1632 1139 1674 1203 ad
1696 1151 1843 1205 extrema
1869 1163 2015 1224 quaeque
2042 1141 2244 1225 redigemur3
2268 1144 2314 1206 sie
2336 1151 2386 1207 ta·

380 1253 541 1317 actionem
564 1252 762 1316 audiendam
783 1251 930 1316 animum
947 1258 1042 1314 tuum
1063 1250 1268 1333 praemollire
1286 1260 1355 1315 stu·
1407 1273 1498 1331 men,
1531 1259 1570 1316 ut
1602 1253 1637 1314 in
1664 1251 1825 1332 patientia
1858 1259 1972 1317 nostra
2005 1251 2228 1335 possideamus
2258 1254 2385 1318 animes

380 1362 451 1441 dui,
480 1383 634 1427 aversum
662 1362 794 1445 quidem
820 1384 908 1427 nunc
935 1368 969 1425 et
1002 1361 1179 1426 alienatum
1208 1362 1355 1440 anobis,
1406 1371 1551 1440 nostras,
1586 1370 1619 1427 et
1651 1383 1787 1426 manum
1819 1363 1955 1427 Domini
1995 1364 2113 1428 fortem
2146 1371 2383 1445 exspectemus:

380 1473 463 1538 addo
486 1473 585 1538 etiam
611 1474 866 1552 inflammatum
894 1472 951 1538 sed
974 1474 1064 1538 cuius
1093 1472 1233 1556 gratiam
1254 1473 1356 1537 recol-
1406 1495 1488 1556 quae
1509 1474 1643 1538 indubie
1669 1481 1814 1555 tempore
1836 1474 1955 1550 aderit,
1984 1481 2017 1539 et
2045 1496 2115 1539 sese
2143 1485 2269 1538 armata
2291 1498 2384 1541 exse·

379 1585 481 1669 ligere
509 1605 569 1649 nos
595 1605 690 1666 posse
717 1584 925 1663 confidimus,
953 1585 980 1648 si
1006 1584 1091 1650 hanc
1112 1592 1256 1649 nostram
1279 1605 1356 1648 con·
1405 1593 1465 1663 ret,
1492 1593 1564 1649 tum
1585 1586 1627 1649 ad
1648 1606 1809 1667 pauperos
1836 1606 1877 1649 ex
1905 1585 2079 1650 afflictione
2107 1585 2284 1664 eruendos,
2313 1595 2384 1651 tum

379 1697 567 1773 sessionem,
596 1716 695 1777 quam
721 1717 781 1778 pro
809 1695 995 1760 defensione
1020 1694 1108 1778 apud
1135 1702 1227 1774 triam
1253 1696 1355 1760 maie-
1405 1697 1505 1760 etiam
1526 1695 1568 1760 ad
1588 1695 1811 1774 vindicandos,
1834 1696 1891 1777 qui
1913 1703 2006 1760 tanta
2026 1699 2198 1763 securitate
2221 1719 2308 1764 nunc
2327 1719 2384 1762 ex-

379 1813 497 1872 stetcm
519 1827 590 1871 esse
611 1806 776 1886 volumus,
804 1805 950 1889 placidus
972 1807 1231 1890 compositusque
1253 1805 1354 1870 semel
1377 1814 1381 1895 fl
1405 1807 1544 1886 sultant,
1573 1815 1823 1888 contemptores.
1868 1808 2032 1874 Dominus
2055 1831 2115 1873 rex
2135 1829 2268 1891 regum,
2293 1810 2384 1874 thro-

378 1918 505 2003 legeris
551 1916 619 1983 Sin
637 1936 716 1983 vero
743 1918 790 1982 ita
812 1938 909 1983 aures
929 1925 1003 1984 tuas
1024 1925 1185 2001 occupant
1209 1917 1353 1982 malevo·
1404 1939 1484 1981 num
1511 1928 1604 1982 tuum
1632 1918 1758 1983 iustitia
1781 1918 1940 1996 stabiliat,
1964 1926 1997 1983 et
2018 1919 2136 1985 solium
2158 1928 2252 1985 tuum
2275 1923 2385 2004 acqui·

377 2024 488 2095 lorum'*
507 2028 646 2107 susurri,
675 2036 715 2092 ut
735 2029 847 2095 nullus
868 2031 912 2093 sit
932 2030 997 2094 reis
1016 2050 1077 2112 pro
1098 2051 1133 2094 se
1156 2026 1285 2093 dicendi
1305 2027 1353 2091 lo·
1403 2029 1831 2107 tate‚illust1issimeRen
1877 2029 2040 2109 Basileus,
2064 2029 2198 2096 Calend.
2222 2032 2379 2115 Augusti,

377 2161 451 2220 cus,
484 2141 690 2224 importunae
720 2161 799 2205 vero
825 2141 901 2206 illae
930 2140 1049 2220 furiae,
1082 2149 1116 2204 te
1148 2140 1351 2217 connivente,
1403 2141 1503 2204 Anno
1525 2139 1764 2205 MDXXXVI.
1809 2174 1812 2185 ·
