5600 6809
395 858 457 918 811
1043 845 1308 912 INSTITU'IIO
1332 847 1437 913 REL.
1461 845 1643 913 CHRIST.
1671 851 1760 912 1559.
2348 853 2414 914 812

394 1038 615 1121 conspicitur?
651 1034 835 1118 Quidquid,
865 1057 932 1100 non
951 1034 1029 1104 ,dico
1052 1033 1094 1098 ad
1115 1036 1255 1117 priscam
1282 1035 1373 1100 illam
1426 1034 2240 1120 1011111101Η1110111111111Ν11ο11110111111111,
2259 1047 2415 1103 utmen·

393 1125 629 1209 frugalitatem,
658 1123 716 1188 sed
739 1122 781 1187 ad
808 1122 981 1187 honestam
1003 1121 1146 1202 aliquam
1167 1119 1373 1186 mediocrita-
1427 1120 1533 1184 sulam
1554 1120 1625 1184 eins
1646 1142 1806 1203 pauperes
1828 1129 1861 1186 et
1879 1123 2044 1205 peregrini
2067 1128 2195 1188 etcum
2220 1124 2286 1189 illis
2309 1123 2415 1189 Ohri·

394 1222 461 1276 tem
479 1217 529 1274 est
548 1210 772 1291 compositum,
792 1209 965 1290 respuitur.
995 1206 1089 1270 Nihil
1106 1207 1238 1270 omnino
1256 1207 1371 1288 placet,
1426 1212 1497 1271 stus
1525 1206 1675 1271 convivia
1692 1206 1717 1291 ¹)
1745 1207 1887 1284 noverit,
1920 1216 2079 1290 tanquam
2107 1209 2206 1273 nimis
2239 1221 2414 1276 austerum

393 1297 457 1362 nisi
484 1295 571 1378 quod
597 1295 713 1359 luxum
743 1302 776 1358 et
803 1301 988 1375 temporum
1014 1292 1235 1375 corruptelam
1257 1293 1371 1374 sapiat.
1426 1291 1655 1374 repudiabunt
1706 1293 1833 1356 Verum
1861 1293 1947 1375 quod
1973 1294 2085 1358 statim
2112 1295 2243 1364 subiicit
2271 1295 2415 1378 pudebit

393 1383 531 1447 Interim
551 1388 680 1446 tantum
702 1382 794 1446 abest
811 1386 848 1443 ut
868 1379 1020 1443 vivorum
1037 1380 1236 1460 templorum
1253 1378 1373 1442 iustam
1426 1398 1482 1441 eos
1505 1378 1647 1454 diffiteri,
1670 1377 1808 1461 gloriam
1825 1400 1896 1442 esso
1919 1379 2069 1461 episcopi,
2093 1401 2276 1462 pauperum
2293 1382 2414 1463 opibus

393 1469 538 1533 habeant
566 1476 694 1541 curam,
727 1475 766 1531 nt
792 1465 900 1547 potius
927 1464 1032 1527 multa
1058 1485 1240 1546 pauperum
1269 1464 1374 1528 millia
1425 1462 1615 1547 providere;
1634 1464 1851 1547 ignominiam
1867 1466 2014 1528 omnium
2032 1466 2245 1545 sacerdotum,
2264 1467 2413 1550 propriis

393 1555 480 1620 fame
509 1554 616 1635 perire
643 1553 771 1634 passuri
799 1551 879 1626 sint,
909 1570 1007 1631 quam
1034 1550 1211 1614 minimum
1240 1550 1374 1615 calicem
1403 1547 1708 1615 ἱ1111111111111.
1744 1549 1819 1614 Hoc
1840 1557 1951 1614 autem
1972 1552 2115 1633 recipere
2137 1562 2313 1633 nequeunt,
2327 1553 2413 1636 quin

394 1646 452 1704 aut
479 1640 645 1704 urceolum
672 1637 881 1719 confringant
908 1633 951 1699 ad
984 1635 1128 1717 inopiam
1156 1656 1269 1698 eornm
1297 1636 1373 1701 sub·
1427 1656 1461 1699 se
1483 1656 1597 1699 omnes
1619 1634 1819 1718 ignominiae
1840 1634 2067 1701 condemnent.
2105 1635 2173 1702 Sed
2190 1660 2256 1702 non
2279 1647 2331 1703 est
2352 1661 2413 1704 ne·

395 1725 578 1790 levandam.
623 1725 673 1787 Ne
688 1721 774 1804 -quid
796 1721 930 1804 gravius
952 1741 971 1783 a
993 1743 1045 1785 me
1065 1722 1135 1802 ipso
1153 1723 1371 1803 pronuntiem,
1427 1742 1515 1785 cesse
1538 1720 1653 1785 durius
1675 1721 1728 1785 hic
1751 1741 1805 1785 101
1827 1721 1987 1803 persequi,
2011 1744 2114 1805 quum
2135 1723 2220 1787 nihil
2242 1723 2334 1788 aliud
2352 1746 2413 1789 10-

397 1812 457 1875 101
485 1819 614 1875 tantum
641 1809 711 1891 pios
742 1808 878 1874 lectores
906 1807 1049 1888 cogitare
1079 1807 1193 1870 velim:
1228 1807 1256 1871 si
1286 1829 1373 1872 nune
1426 1806 1544 1870 luerim
1556 1826 1653 1888 qnam
1677 1804 1910 1884 demonstrare,
1933 1807 2099 1872 sublatum
2120 1831 2191 1873 esse
2212 1809 2412 1893 iampridem

395 1896 600 1979 Exuperium
626 1894 722 1957 illum
744 1893 879 1959 Tolosae
905 1893 1108 1975 episcopum,
1137 1913 1234 1974 quem
1260 1893 1373 1956 retuli·
1427 1890 1467 1955 de
1489 1890 1595 1956 medio
1619 1892 1705 1974 apud
1726 1893 1813 1974 ipsos
1834 1893 2019 1976 legitimum
2037 1893 2225 1960 diaconatus
2247 1896 2411 1975 ordinem,

395 2003 477 2058 mus,
501 1982 528 2046 si
549 1979 712 2057 Acatium,
736 1979 764 2043 si
782 1977 1004 2055 Ambrosium,
1028 1984 1085 2042 aut
1102 1978 1243 2042 similem
1261 1999 1373 2059 quem·
1426 1999 1468 2041 ne
1495 1977 1635 2059 amplius
1661 1978 1724 2042 hoc
1752 1977 1847 2042 titulo
1874 1977 1917 2041 11
1949 1978 2103 2045 ecclesiae
2131 2002 2209 2045 suae
2241 2003 2412 2047 commen-

394 2068 483 2151 piam
515 2066 651 2130 excitari
680 2087 700 2129 a
731 2065 870 2129 mortuis
904 2064 1088 2146 contingat,
1123 2063 1281 2145 quidnam
1308 2065 1374 2128 sint
1427 2062 1592 2127 dationem
1621 2062 1817 2145 superbiant.
1864 2061 1962 2144 Quod
1983 2087 2035 2129 me
2058 2065 2186 2130 abunde
2213 2067 2329 2132 fecisse
2352 2089 2413 2132 ex·

394 2151 537 2218 dicturi?
572 2151 670 2216 Certe
696 2173 764 2216 non
783 2147 983 2232 probabunt,
1011 2150 1047 2212 in
1076 2155 1166 2213 tanta
1193 2171 1374 2231 pauperum
1426 2148 1545 2213 istimo.

395 2238 596 2314 necessitate,
619 2237 712 2318 quasi
734 2238 915 2319 superfluas
938 2256 1014 2316 opes
1032 2235 1095 2298 alio
1114 2234 1293 2300 transferri.
1327 2236 1375 2301 Ut

394 2330 528 2400 taceam,
553 2323 612 2387 hos
635 2344 713 2388 usus
736 2322 854 2405 quibus
876 2319 1120 2403 impenduntur,
1144 2322 1271 2385 etiamsi
1291 2321 1374 2384 nulli

394 2411 463 2476 sint
478 2429 647 2492 pauperes,
670 2408 784 2472 multis
803 2405 907 2472 modis
925 2407 1049 2481 noxios,
1072 2406 1169 2472 utiles
1187 2428 1265 2472 1110
1283 2407 1374 2470 nulla

394 2516 437 2561 ex
469 2501 564 2577 parte
595 2516 674 2558 esse.
725 2492 793 2559 Sed
820 2493 969 2557 homines
1001 2493 1124 2556 omitto.
1170 2493 1265 2556 Bona
1293 2493 1374 2558 haec
1437 2550 1441 2575 ,
2187 2568 2189 2575 .

395 2581 530 2647 Christo
563 2588 642 2644 sunt
672 2578 796 2658 dicata3
830 2580 901 2643 eius
933 2578 1043 2660 itaque
1076 2579 1210 2642 arbitrio
1243 2577 1373 2660 dispen-
1677 2608 1686 2620 .
1736 2632 1744 2649 ,
2206 2636 2213 2652 ,

395 2664 1374 2751 1111111111.,1111111111111111111111111111111111111
1582 2635 1648 2715 De
1681 2644 1868 2744 prlmabu
1897 2663 2094 2717 romanae
2127 2636 2250 2718 sedis.

396 2751 530 2818 Christo
558 2751 679 2828 ferent,
707 2771 806 2832 quam
834 2764 964 2833 praeter
985 2751 1055 2814 eius
1083 2747 1278 2814 mandatum
1299 2770 1374 2832 pro-

396 2836 559 2902 fuderunt
595 2834 805 2918 Quanquam,
824 2843 862 2901 ut
884 2857 1000 2902 verum
1017 2836 1129 2913 fatear,
1148 2856 1215 2899 non
1232 2835 1375 2899 multum
1516 2838 1542 2898 1.
1588 2835 1758 2899 Hactenus
1780 2855 1835 2900 eos
1857 2837 2081 2900 recensuimus
2102 2836 2255 2901 ecclesiae
2275 2838 2412 2907 ordines

396 2924 438 2988 de
455 2921 619 2986 ordinario
637 2921 792 2987 ecelesiae
809 2920 917 2987 reditu
934 2921 987 2986 his
1005 2922 1190 3003 sumptibus
1205 2919 1373 2986 deciditur.
1427 2920 1481 3002 qui
1510 2921 1547 2983 in
1573 2922 1693 2986 veteris
1721 2920 1874 2986 ecelesiae
1902 2920 2138 3002 gubernatione
2164 2924 2314 3002 fuerunt,
2347 2925 2410 2992 111

395 3008 489 3073 Nulli
517 3007 604 3073 enim
634 3016 712 3072 sunt
738 3014 807 3072 tam
835 3007 981 3090 opulenti
1012 3007 1230 3089 episcopatus,
1264 3007 1374 3071 nullae
1426 3013 1539 3088 postea
1560 3005 1761 3089 temporibus
1784 3005 1943 3089 corrupti,
1966 3007 2071 3090 magis
2093 3007 2210 3073 deinde
2239 3030 2275 3074 ac
2297 3013 2408 3094 magis

395 3101 464 3159 tam
497 3094 624 3175 opimae
663 3093 826 3169 abbatiae,
866 3093 960 3157 nulla
994 3092 1133 3175 denique
1166 3113 1272 3175 neque
1305 3099 1374 3158 tam
1427 3091 1549 3171 vitiati,
1582 3114 1671 3158 nune
1703 3093 1738 3168 in
1769 3092 1905 3158 ecclesia
1937 3092 2045 3174 papali
2075 3094 2210 3157 titulum
2244 3093 2409 3161 duntaxat

395 3179 500 3244 multa
518 3199 623 3261 neque
640 3184 711 3242 tam
733 3179 843 3262 ampla
864 3178 1053 3255 sacerdotia,
1076 3199 1158 3260 quae
1176 3178 1218 3242 ad
1240 3178 1374 3260 explcn·
1426 3178 1586 3256 retinent,
1615 3199 1651 3241 re
1677 3198 1758 3243 1111
1784 3177 1868 3242 nihil
1894 3176 1985 3241 aliud
2007 3187 2085 3243 sunt
2106 3200 2205 3261 quam
2225 3180 2345 3259 larvae,
2370 3187 2410 3248 ut

395 3265 472 3330 dam
494 3264 700 3329 sacerdotum
722 3264 904 3347 ingluviem
924 3264 1096 3329 sufficiant.
1142 3264 1269 3328 Verum
1296 3264 1374 3329 dum
1426 3284 1469 3328 ex
1495 3265 1736 3346 comparatione
1764 3263 1925 3329 iudicaret
1953 3265 2027 3346 pins
2053 3264 2156 3329 lector
2187 3266 2318 3351 qualem
2345 3267 2409 3333 ha·

395 3350 459 3416 sibi
480 3351 596 3416 volunt
617 3370 760 3432 parcere,
782 3350 940 3432 populum
960 3350 1191 3432 superstitione
1213 3349 1374 3416 inducunt
1426 3347 1526 3413 beant
1547 3349 1717 3415 ecclesiam
1738 3350 1977 3427 Romanenses,
1999 3351 2035 3413 in
2058 3351 2150 3415 cuius
2172 3352 2314 3435 gratiam
2334 3375 2408 3421 reos

396 3445 434 3501 ut
454 3436 540 3518 quod
561 3444 633 3500 erat
649 3437 684 3500 in
701 3456 862 3519 pauperes
879 3433 1091 3519 erogandum,
1114 3435 1156 3500 ad
1174 3435 1375 3500 exstruenda
1427 3434 1614 3500 schismatis
1631 3456 1692 3499 nos
1708 3434 1843 3513 faciunt,
1863 3436 2019 3517 quoniam
2037 3435 2078 3500 ab
2096 3457 2134 3500 ea
2152 3436 2406 3506 discesserimus

373 3568 381 3577 -.
396 3522 533 3605 templa,
561 3522 603 3586 ad
625 3521 797 3606 erigendas
824 3528 963 3599 statuas,
993 3521 1035 3586 ad
1057 3520 1195 3586 emenda
1215 3543 1308 3599 vasa,
1333 3521 1375 3586 ad
1427 3519 1538 3602 Caput
1569 3528 1680 3609 autem
1707 3519 1843 3585 aelesti
1868 3521 1936 3585 ‘um
1962 3522 2063 3586 totius
2091 3522 2229 3601 ordinis,
2261 3524 2324 3588 hoc
2347 3533 2405 3604 est,

394 3609 553 3691 pretiosas
580 3615 688 3673 vestes
716 3607 952 3689 comparandas
979 3614 1180 3672 convertant.
1232 3607 1286 3671 Ita
1314 3607 1374 3673 hoc
1425 3607 1603 3689 primatum
1624 3625 1777 3670 romanae
1859 3607 1898 3686 ‘s,
1927 3605 2014 3671 unde
2035 3607 2173 3690 probare
2202 3610 2407 3676 contendunt

396 3695 526 3777 gurgite
546 3693 755 3776 quotidianae
777 3694 1003 3778 eleemosynae
1025 3691 1253 3758 absumuntur.
1425 3714 1526 3775 penes
1548 3713 1582 3757 se
1603 3691 1688 3756 10101
1709 3711 1780 3756 esse
1805 3692 1999 3758 catholicam
2024 3693 2206 3773 ecclesiam,
2235 3717 2303 3760 non
2330 3697 2407 3763 atti·

484 3783 532 3844 19.
577 3780 630 3844 De
650 3778 761 3846 reditu
778 3801 876 3862 quem
894 3801 936 3843 ex
958 3779 1046 3862 agris
1063 3785 1097 3843 et
1117 3780 1374 3861 possessionibus
1427 3779 1550 3862 gimus,
1579 3778 1657 3860 quia
1682 3798 1787 3859 neque
1816 3799 1858 3843 ex
1887 3777 2014 3843 Christi
2040 3780 2205 3858 instituto,
2233 3803 2341 3864 neque
2366 3804 2407 3849 ex

395 3865 595 3946 percipiunt,
623 3866 701 3947 quid
728 3865 818 3930 aliud
847 3864 954 3929 dicam
981 3885 1079 3947 quam
1101 3863 1274 3947 quodiam
1295 3864 1372 3944 dixi,
1426 3864 1580 3929 eeclesiae
1602 3864 1724 3928 veteris
1746 3886 1808 3929 usu
1830 3865 1971 3945 sumpsit
1991 3866 2164 3948 originem,
2194 3875 2232 3930 ut
2252 3867 2330 3933 illae
2353 3890 2407 3935 su·

397 3957 430 4014 et
457 3959 507 4014 est
533 3956 609 4014 ante
636 3952 784 4016 omnium
806 3949 938 4017 oculos?
981 3951 1164 4016 Maximam
1190 3952 1375 4033 portionem
1426 3951 1569 4032 periores
1591 3957 1714 4031 partes,
1742 3971 1823 4032 quas
1850 3949 2053 4016 ostendimus
2075 3951 2121 4014 ita
2142 3950 2182 4015 ab
2210 3954 2407 4036 antiquitate

397 4033 546 4100 videmus
567 4055 631 4116 qua
644 4036 709 4102 fide
722 4037 962 4115 administrent,
983 4037 1037 4119 qui
1055 4037 1198 4120 episcopi
1215 4045 1374 4102 vocantur
1426 4042 1514 4099 ortas
1543 4057 1627 4112 esse,
1655 4042 1694 4099 ut
1720 4043 1902 4117 temporum
1925 4035 2003 4101 vitio
2025 4058 2158 4119 prorsus
2186 4037 2408 4122 degenerave-

396 4139 429 4185 11
447 4121 589 4186 abbates.
624 4120 717 4201 Quae
734 4123 863 4187 insania
879 4130 930 4187 est
951 4121 1206 4188 ecclesiasticum
1227 4122 1375 4187 ordinem
1427 4122 1508 4199 rint,
1541 4121 1607 4184 imo
1638 4141 1772 4203 prorsus
1802 4141 1922 4185 novam
1954 4122 2094 4186 formam
2126 4121 2302 4189 induerint.
2361 4127 2408 4193 llt

396 4207 450 4293 hic
461 4208 638 4289 quaerere?
662 4208 717 4273 An
733 4209 770 4272 in
789 4208 935 4273 satellitii
951 4229 1098 4285 numero,
1117 4207 1249 4273 aedium
1265 4209 1374 4290 splen·
1426 4213 1538 4271 tamen
1558 4207 1755 4290 persuadere
1781 4205 1904 4271 mundo
1931 4215 2105 4286 conantur,
2134 4209 2196 4274 hoc
2217 4231 2288 4275 esse
2309 4232 2409 4293 prae·

395 4291 488 4370 dore,
517 4293 656 4356 vestitus
678 4301 711 4358 et
738 4294 908 4376 epularum
931 4293 1069 4372 deliciis,
1090 4295 1277 4377 principum
1303 4295 1374 4359 lau·
1427 4292 1559 4375 eipuum
1580 4313 1618 4358 ac
1639 4313 1740 4375 prope
1760 4294 1895 4358 unicum
1916 4294 2151 4359 ecclesiasticae
2173 4297 2307 4360 unitatis
2331 4299 2409 4361 vin-

394 4377 484 4443 titias
517 4379 675 4442 aemulari
703 4400 759 4445 eos
791 4379 941 4457 decebat,
975 4401 1114 4460 quorum
1147 4381 1251 4444 vitam
1279 4400 1373 4462 opor·
1427 4377 1552 4455 culum,
1586 4378 1614 4441 si
1642 4399 1795 4442 romanae
1822 4377 1892 4444 sedi
1918 4378 2170 4456 adhaereamus,
2205 4402 2242 4446 11
2267 4382 2301 4444 in
2332 4382 2409 4449 eius

395 4470 504 4528 tuerat
526 4463 691 4547 singulare
708 4465 916 4548 frugalitatis,
935 4465 1123 4544 modestiae,
1142 4466 1372 4544 continentiae,
1427 4461 1609 4528 obedientia
1627 4485 1883 4545 perseveremus.
1928 4465 2011 4544 Hac,
2034 4465 2177 4547 inquam,
2200 4466 2321 4531 fultura
2347 4489 2410 4550 po-

397 4550 592 4614 humilitatis
619 4572 689 4616 esse
722 4550 916 4632 exemplar?
969 4548 1142 4630 Quantum
1171 4559 1205 4615 et
1237 4551 1299 4616 hoo
1332 4550 1372 4615 ab
1426 4549 1593 4613 tissimum
1619 4550 1784 4629 nituntur,
1814 4572 1916 4633 quum
1943 4551 2037 4616 nobis
2064 4553 2232 4616 eeclesiam
2260 4551 2410 4620 adimere

395 4657 508 4700 eorum
530 4637 634 4700 officio
656 4636 854 4701 abhorrebat
875 4658 956 4718 quos
978 4645 1149 4701 aeternnm
1170 4637 1393 4702 inviolabile--
1426 4641 1459 4699 et
1480 4635 1541 4700 sibi
1561 4635 1734 4701 vendicare
1751 4635 1876 4714 volunt,
1899 4637 1985 4719 quod
2002 4638 2147 4701 retinent
2167 4646 2264 4721 eaput
2281 4660 2324 4702 ex
2342 4660 2409 4722 quo

393 4743 459 4805 que
479 4722 544 4786 Dei
566 4719 710 4787 edictum
732 4723 836 4804 turpis
858 4722 940 4787 lueri
968 4730 1158 4804 appetentes
1180 4744 1251 4787 esse
1272 4729 1371 4801 vetat,
1424 4720 1546 4804 pendet
1567 4721 1721 4786 ecclesiae
1741 4723 1860 4802 unitas,
1882 4729 1916 4788 et
1937 4724 2007 4788 sine
2028 4744 2091 4805 quo
2114 4722 2254 4789 dissilire
2271 4745 2346 4789 eam
2366 4745 2408 4792 ao

395 4815 429 4872 et
460 4807 601 4890 simplici
626 4809 715 4873 victu
748 4816 918 4873 contentos
945 4828 1017 4872 esse
1043 4807 1148 4886 iubet,
1182 4829 1251 4871 non
1277 4807 1372 4873 modo
1426 4807 1585 4888 disrumpi
1613 4828 1745 4873 neeesse
1774 4816 1831 4872 est.
1884 4806 1941 4874 Sic
1969 4809 2056 4872 enim
2079 4809 2278 4889 1111111111,
2302 4810 2408 4877 11111·

394 4893 475 4955 11111
497 4904 531 4956 11
551 4895 679 4959 arcibus
701 4914 836 4959 manum
858 4893 1001 4970 iniicere,
1024 4891 1135 4956 sedin
1156 4893 1372 4974 amplissimas
1424 4894 1507 4957 siam
1525 4913 1642 4975 corpus
1660 4915 1730 4958 esse
1750 4894 1986 4976 quodammodo
2007 4895 2162 4960 mutilum
2180 4918 2218 4960 ac
2239 4904 2408 4975 truncum,

396 4977 555 5058 satrapias
580 4979 741 5057 involare,
770 4980 902 5044 demum
929 4978 1065 5061 imperia
1093 4979 1163 5059 ipsa
1190 4979 1370 5062 occupare?
1425 4979 1489 5043 nisi
1507 4999 1661 5042 romanae
1679 4978 1756 5057 sedi,
1778 4987 1934 5063 tanquam
1955 4981 2063 5062 capiti,
2086 4982 2129 5044 sit
2147 4981 2299 5047 subiecta.
2336 4983 2408 5048 Ita·

397 5058 436 5124 Si
458 5062 596 5126 verbum
616 5062 680 5128 Dei
702 5072 932 5143 contemnunt,
961 5064 1038 5146 quid
1065 5062 1310 5145 respondebunt
1330 5064 1372 5128 ad
1425 5085 1488 5146 que
1509 5084 1612 5146 quum
1630 5063 1670 5128 de
1692 5064 1876 5130 hierarchia
1897 5087 1957 5130 sua
1977 5066 2154 5148 disputant,
2178 5068 2219 5132 ab
2238 5068 2300 5133 hoc
2318 5089 2409 5133 sem·

1780 2457 1933 2524 11111
1955 2458 2012 2522 11.
2022 2458 2051 2543 1)

395 5150 527 5210 11111111
547 5146 604 5210 1111
625 5150 823 5231 synodorum
850 5150 981 5216 decreta
1003 5149 1120 5232 quibus
1142 5146 1311 5227 statuitur,
1334 5156 1372 5213 ut
1424 5170 1483 5231 per
1512 5149 1674 5213 axiomata
1701 5160 1837 5215 sumunt
1862 5152 2047 5216 exordium:
2072 5174 2245 5216 romanum
2271 5154 2409 5235 pontifi·

396 5231 564 5314 episcopus
585 5253 651 5296 non
668 5236 780 5316 procul
799 5236 839 5301 ab
861 5235 996 5302 ecclesia
1013 5234 1226 5318 hospitiolum
1242 5234 1370 5312 habeat,
1424 5255 1503 5312 cem,
1526 5240 1683 5317 tanquam
1704 5235 1838 5315 Christi,
1860 5238 1918 5319 qui
1938 5248 2035 5321 caput
2056 5245 2107 5303 est
2127 5239 2290 5318 ecelesiae,
2315 5241 2409 5306 vies·

396 5317 497 5383 vilem
522 5337 686 5396 mensam,
713 5329 746 5384 et
771 5321 1016 5403 supellectilem.
1035 5319 1060 5403 ¹)
1104 5318 1193 5401 Quid
1221 5319 1263 5385 ad
1289 5320 1372 5385 illud
1423 5321 1524 5400 rium,
1548 5321 1618 5385 eins
1639 5320 1708 5387 1010
1730 5323 1884 5389 ecclesiae
1905 5325 2083 5390 universali
2110 5324 2311 5408 praesidere,
2342 5347 2408 5394 1111

396 5402 516 5486 synodi
546 5403 753 5486 aquileiensis
785 5405 946 5490 elogium,
984 5428 1046 5489 quo
1061 5438 1063 5443 v
1079 5407 1115 5470 in
1150 5404 1371 5473 sacerdotibus
1425 5480 1447 5485 -
2303 5434 2309 5446 ·

395 5489 533 5554 Domini
559 5488 702 5573 gloriosa
721 5499 898 5574 paupertas
918 5491 1145 5587 praedicatur?
1179 5492 1266 5557 Nam
1290 5491 1372 5558 illud

1492 5561 1522 5628 1)
1541 5559 1588 5614 Sic
1603 5562 1661 5629 ipsi
1677 5562 1741 5616 labri
1757 5563 1908 5618 0111111111
1923 5568 1949 5617 et
1964 5564 2127 5617 recentiores
2148 5564 2205 5630 fere
2229 5580 2337 5633 111111,-
2360 5582 2410 5622 ae·

332 5632 336 5648 ·
397 5660 451 5670 -.
489 5664 602 5672 .--
1423 5645 1485 5683 ram
1502 5630 1613 5684 omnino
1630 5631 1654 5684 le
1671 5630 1784 5684 endum:
1807 5631 1934 5694 conriva3
1952 5634 2113 5701 1111111111
2135 5632 2280 5688 1111111111
2299 5634 2411 5692 Ausa

589 5763 594 5774 Ι
1085 5700 1089 5707 ’
1423 5697 1589 5753 1011111111
1605 5704 1631 5751 ct
1709 5697 1860 5754 laetiense
1934 5698 1964 5766 2)
1985 5699 2155 5821 Reparatur
2176 5704 2221 5756 1111
2243 5720 2316 5772 quac
2340 5706 2411 5761 oa·

467 5760 495 5820 11
513 5761 613 5816 0011111.
632 5763 820 5832 1111111111.
839 5781 861 5817 1
881 5761 1019 5817 141111.
1421 5765 1535 5830 sacrant
1554 5764 1583 5821 0.
1604 5765 1690 5820 VIII.
1708 5767 1731 5833 ξ.
1749 5765 1853 5822 86-88
1870 5774 1896 5822 et
1912 5766 2039 5822 91-10.
