5600 6809
381 784 444 845 aaa
719 776 810 843 nra.
832 776 893 840 tv.
937 776 1000 840 aa
1022 774 1260 842 ursanum
1281 772 1449 842 smnus
1471 776 1536 841 sn
1560 775 1790 842 saturnu
1835 776 1935 843 cnr.
1957 778 2054 844 xvi.
2270 757 2279 769 “
2326 785 2392 849 aar

381 969 457 1033 fidei
484 967 606 1032 mentio
637 966 785 1044 auditur,
816 965 919 1030 solam
946 964 1097 1029 sufficere
1125 964 1360 1046 poenitentiam
1413 964 1500 1029 deris
1522 966 1709 1030 societatem
1730 967 1913 1049 patefacere
1939 967 2026 1033 solae
2047 975 2202 1050 possunt;
2230 970 2389 1050 quivero

382 1057 525 1131 evincet;
554 1053 651 1131 alter,
686 1073 749 1134 qno
776 1051 979 1134 poenitentia
1005 1050 1141 1114 minime
1170 1051 1358 1131 requiritur,
1413 1072 1433 1114 a
1455 1049 1652 1116 Christianis
1682 1053 1840 1136 originem
1865 1052 1988 1118 ducunt
2014 1054 2170 1133 infantes,
2199 1062 2237 1118 ut
2263 1055 2298 1118 in
2321 1057 2388 1120 foe-

381 1142 484 1204 solam
506 1139 587 1204 satis
609 1159 680 1203 esse
701 1136 809 1202 fidem.
852 1135 1039 1217 Excipient,
1068 1142 1158 1217 puto,
1181 1136 1289 1201 locum
1312 1136 1359 1200 al·
1413 1135 1499 1200 deris
1521 1136 1757 1202 haereditatem
1787 1139 1901 1202 statim
1922 1160 1960 1202 ac
1981 1140 2049 1202 nati
2073 1147 2165 1218 sunt,
2196 1141 2309 1205 aDeo
2329 1163 2388 1206 ex·

380 1236 490 1290 terum
519 1225 621 1291 altero
650 1223 813 1301 adiuvari,
841 1222 978 1304 ideoque
1008 1220 1106 1285 simul
1129 1241 1199 1285 θεεθ
1222 1241 1359 1286 connec-
1412 1223 1593 1304 cipiantur,
1621 1224 1668 1287 ita
1693 1225 1729 1288 in
1751 1223 1954 1307 baptismum
1975 1225 2185 1308 recipiendos.
2230 1227 2281 1290 Eo
2302 1229 2387 1293 refe-

381 1311 505 1375 tendos.
542 1312 614 1394 Ego
636 1329 764 1392 qnoque
785 1308 930 1373 vicissim
949 1304 1161 1372 conferendos
1185 1305 1256 1372 dico
1279 1307 1358 1373 alios
1411 1308 1550 1373 rendum
1572 1309 1730 1391 estquod
1752 1319 1868 1374 narrat
1895 1311 2099 1394 evangelista
2122 1312 2256 1397 (Matth.
2282 1316 2316 1390 3,
2341 1313 2386 1397 6),

380 1398 466 1462 locos
494 1397 550 1480 qui
578 1394 620 1459 ad
647 1396 742 1460 istius
769 1393 845 1458 nodi
876 1394 1071 1458 solutionem
1092 1390 1216 1475 aliquid
1236 1393 1356 1458 valent.
1411 1393 1590 1476 baptizatos
1613 1416 1633 1459 a
1654 1395 1778 1460 Ioanne
1805 1397 1906 1460 faisse
1933 1397 1988 1478 qui
2016 1403 2149 1479 peccata
2170 1419 2231 1461 sua
2253 1400 2388 1463 eonfite-

381 1481 653 1565 Quandoquidem
680 1480 803 1545 multae
831 1481 867 1542 in
895 1479 1058 1560 scriptura
1088 1480 1268 1542 sentcntiae
1298 1479 1358 1544 ha-
1411 1486 1540 1560 rentur;
1563 1480 1649 1562 quod
1666 1481 1855 1563 exemplum
1872 1482 2114 1547 observandum
2132 1482 2293 1565 hodieque
2311 1506 2388 1549 cen-

379 1569 514 1646 bcntur,
550 1575 690 1651 quarum
722 1565 943 1648 intelligentia
976 1584 996 1626 a
1024 1563 1086 1628 looi
1115 1565 1359 1629 circumstantia
1411 1585 1530 1630 semus.
1569 1567 1677 1632 Turta
1694 1567 1782 1631 enim
1800 1569 1828 1632 si
1845 1589 1880 1631 se
1902 1566 1944 1630 ad
1962 1569 2159 1651 baptismum
2176 1569 2301 1648 offerat,
2320 1591 2389 1634 non

379 1655 528 1737 pendeat.
579 1651 685 1734 Quale
711 1653 753 1729 ‚in
780 1651 967 1733 praesentia
993 1649 1180 1731 exemplum
1207 1652 1357 1715 occurrit.
1410 1658 1534 1715 temere
1556 1673 1576 1715 a
1595 1653 1689 1717 nobis
1708 1654 1929 1736 intingeretur
1950 1654 2015 1718 nisi
2043 1655 2243 1719 confessione
2265 1656 2389 1721 scilieet

379 1741 466 1804 Nam
499 1741 617 1823 quibus
649 1738 730 1803 haec
762 1738 917 1801 dicuntur
950 1757 970 1799 a
1001 1735 1101 1799 Petro
1130 1744 1163 1799 et
1191 1735 1355 1818 Philippo,
1410 1735 1498 1802 edita
1519 1759 1584 1820 qua
1605 1738 1759 1803 ecclesiae
1781 1738 1967 1804 satisfaciat.

380 1833 487 1891 aetate
514 1832 593 1890 sunt
619 1822 660 1887 ad
686 1823 921 1906 poenitentiam
949 1819 1172 1884 meditandam
1193 1821 1356 1904 fidemque
1498 1827 1548 1887 25.
1592 1823 1647 1888 Ad
1674 1824 1755 1888 haec
1776 1823 1903 1889 Christi
1929 1826 2030 1890 verba
2057 1846 2140 1907 quae
2161 1824 2296 1891 Ioannis
2318 1834 2386 1891 ter-

380 1911 625 1993 conoipiendam
650 1909 774 1973 idonea.
820 1907 930 1985 Tales,
958 1908 1022 1971 nisi
1049 1913 1220 1989 perspecta
1242 1927 1356 1971 eorum
1410 1909 1455 1971 tio
1479 1908 1524 1993 (v.
1550 1910 1584 1993 5)
1611 1911 1792 1974 recitantur
1819 1911 2004 1992 proferunt,
2033 1911 2151 1992 quibus
2178 1919 2385 1993 praesentem

379 1998 590 2062 conversione
617 2004 651 2060 et
676 1995 755 2072 fide,
783 1994 899 2059 saltem
929 2001 1088 2074 quantum
1115 1992 1284 2056 hominum
1305 1994 1356 2056 iu·
1409 1995 1445 2057 in
1467 1989 1628 2076 briptismo
1650 1998 1931 2077 regenerationem
1953 1998 2145 2061 existimant
2163 1997 2297 2078 requiri:
2320 1999 2386 2063 nisi

380 2084 463 2147 dicio
485 2082 650 2165 explorari
671 2087 796 2162 potest,
824 2077 1038 2161 baptizandos
1060 2098 1131 2142 esse
1149 2078 1276 2143 fortiter
1298 2099 1356 2142 ne-
1408 2080 1481 2161 quis
1510 2088 1645 2145 renatus
1671 2082 1771 2145 fuerit
1797 2102 1839 2146 ex
1861 2102 1945 2162 aqua
1972 2089 2006 2145 et
2032 2084 2163 2165 spiritu,
2191 2104 2258 2147 non
2280 2090 2388 2164 potest

380 2189 504 2251 gamus.
538 2168 666 2232 Verum
688 2168 722 2229 in
740 2166 842 2229 alium
864 2164 1048 2246 catalogum
1072 2162 1265 2246 relegandos
1285 2186 1355 2229 esse
1408 2166 1537 2250 ingredi
1554 2168 1590 2230 in
1608 2187 1747 2250 regnum
1767 2168 1841 2231 Dei.
1881 2168 1945 2245 En,
1964 2167 2127 2249 inquiunt,
2149 2175 2188 2231 nt
2203 2169 2388 2251 baptismus

378 2254 535 2331 infantes,
570 2253 644 2334 plns
678 2251 757 2315 satis
778 2251 987 2334 perspicuum
1016 2256 1075 2313 ost.
1119 2249 1207 2313 Nam
1235 2251 1356 2332 siquis
1409 2272 1464 2314 ore
1491 2252 1629 2315 Domini
1657 2254 1862 2335 regeneratio
1892 2259 2034 2318 vocetur.
2086 2251 2178 2332 Quos
2205 2254 2314 2336 igitur¹
2334 2275 2387 2318 re-

379 2340 457 2402 olim
478 2361 513 2404 sc
535 2338 651 2402 israeli
678 2337 876 2420 adiungebat
902 2336 938 2398 in
964 2334 1133 2418 roligionis
1155 2336 1355 2399 communio·
1409 2339 1629 2420 generationis
1648 2337 1784 2402 minime
1802 2358 1938 2420 capaces
1960 2359 2030 2403 csse
2052 2340 2133 2402 actis
2153 2359 2308 2419 superque
2334 2360 2397 2404 ao-¹

379 2446 469 2502 nem,
493 2432 569 2489 ante
591 2432 623 2488 et
650 2422 764 2487 foedus
784 2422 919 2486 Domini
937 2419 1063 2486 edoceri
1084 2428 1117 2484 et
1138 2419 1210 2503 lege
1233 2421 1355 2486 erudiri
1408 2429 1475 2487 tura
1496 2430 1559 2499 est,
1584 2443 1647 2505 quo
1669 2430 1843 2505 praetextu
1865 2423 2026 2505 baptismo
2047 2425 2215 2488 initiamus
2237 2425 2294 2506 qui
2316 2426 2388 2490 sine

379 2510 549 2592 oportebat
571 2530 669 2591 quam
687 2509 934 2573 circumcisione
956 2507 1160 2590 signaretur;
1189 2506 1275 2588 quod
1297 2527 1355 2571 na·
1407 2508 1479 2591 ipsa
1518 2517 1668 2574 constare
1705 2509 1842 2591 nequit?
1896 2510 2049 2573 Primum
2086 2510 2121 2573 in
2154 2530 2193 2574 eo
2225 2510 2387 2575 falluntur

252 2586 256 2595 ’
379 2597 467 2660 tione
485 2604 555 2659 erat
573 2593 752 2677 ἀλλόφυλος,
777 2594 838 2659 hoc
856 2602 914 2670 est,
934 2592 1117 2676 alienigena
1130 2592 1170 2655 ab
1182 2591 1354 2657 israelitico
1407 2593 1493 2675 quod
1510 2593 1663 2677 baptismi
1681 2596 1882 2660 mentionem
1900 2596 1973 2659 fieri
1992 2595 2053 2659 hoc
2070 2595 2140 2661 loco
2157 2601 2284 2677 putant,
2308 2596 2387 2678 quia

378 2681 507 2763 populo,
536 2701 676 2763 quocum
698 2679 819 2756 foedus,
848 2678 934 2761 qnod
956 2677 1157 2744 circumcisio
1179 2679 1353 2757 sanciebat,
1408 2700 1510 2761 aquae
1548 2701 1669 2743 nomon
1707 2678 1854 2744 audiunt.
1909 2681 2089 2762 Postquam
2122 2683 2211 2745 enim
2242 2691 2383 2746 naturae

377 2788 570 2848 percussum
590 2766 706 2830 fuerat.
1080 2766 1081 2771 ’
1407 2765 1650 2847 corruptionem
1677 2765 1854 2830 Nicodemo
1883 2768 2034 2848 exposuit
2061 2765 2229 2845 Christus,
2265 2787 2302 2832 ac
2330 2787 2384 2831 re·

465 2856 515 2916 24.
561 2850 847 2932 Quemadmodum
865 2869 926 2913 nec
939 2849 1115 2927 Dominus,
1133 2870 1237 2931 quum
1246 2849 1354 2914 Abra·
1407 2852 1498 2916 nasci
1519 2859 1668 2933 oportere
1689 2850 1807 2929 docuit,
1835 2852 1912 2933 qnia
1932 2850 1988 2915 ille
2009 2853 2247 2917 renascentiam
2269 2873 2384 2936 corpo-

309 2960 336 2976 *
379 2938 515 3001 hamum
532 2938 594 3003 sibi
613 2943 750 3019 cooptat,
770 2936 1047 3001 acircumcisione
1061 2936 1161 2999 sumit
1175 2931 1354 3014 exordium,
1406 2937 1511 3001 ralem
1532 2936 1723 3014 somniabat,
1751 2936 1885 3000 modum
1906 2936 1960 3001 hic
1981 2935 2105 3000 indicat
2126 2959 2189 3018 quo
2211 2944 2385 3021 regenerat

378 3025 512 3088 interim
530 3023 609 3106 quid
627 3023 683 3087 illo
706 3023 799 3104 signo
817 3023 880 3086 sibi
900 3021 980 3086 velit
997 3019 1216 3098 dissimulans,
1239 3042 1354 3085 verum
1407 3042 1468 3087 nos
1489 3021 1591 3100 Deus,
1613 3043 1732 3104 nempe
1753 3044 1812 3105 per
1834 3043 1953 3104 aquam
1975 3029 2009 3085 et
2030 3023 2195 3104 spiritum3
2219 3024 2312 3105 quasi
2334 3023 2384 3088 di-

377 3109 463 3190 quod
491 3110 588 3173 ferire
616 3131 690 3174 curn
717 3108 788 3191 ipso
817 3105 929 3172 foedus
949 3108 1110 3184 instituat,
1133 3107 1275 3189 primum
1299 3107 1355 3170 de·
1407 3118 1502 3187 cerat,
1525 3109 1766 3192 perspiritum,
1790 3109 1844 3190 qui
1868 3107 2038 3191 purgando
2060 3118 2093 3172 et
2113 3108 2281 3191 irrigando
2302 3108 2384 3174 fide·

378 3196 518 3273 nuntiat,
542 3204 615 3258 tum
637 3194 754 3259 deinde
771 3203 845 3277 post
861 3192 961 3257 fidem
982 3193 1190 3274 promissioni
1208 3191 1354 3256 habitam
1406 3194 1454 3257 les
1488 3196 1615 3259 animas
1647 3196 1718 3259 vioe
1746 3214 1848 3276 aquae
1874 3194 2031 3276 fungitur.
2083 3194 2215 3277 Aquam
2243 3215 2320 3277 ergo
2350 3201 2385 3259 et

378 3281 574 3345 sacramenti
614 3281 692 3345 facit
729 3280 930 3362 participem.
986 3277 1057 3342 Gur
1093 3279 1129 3341 in
1163 3277 1354 3343 Abrahamo
1407 3281 1559 3363 spiritum
1594 3280 1784 3363 simpliciter
1812 3280 1934 3362 accipio
1962 3300 2021 3361 pro
2048 3281 2182 3360 spiritu,
2213 3280 2269 3361 qui
2298 3301 2384 3362 aqua

377 3366 477 3430 fidem
506 3376 747 3430 sacramentum
768 3367 929 3447 sequitur,
957 3365 993 3427 in
1012 3365 1125 3428 Isaaoo
1147 3363 1214 3427 filio
1231 3364 1355 3427 intelli·
1407 3374 1465 3430 est.
1511 3367 1625 3448 Neque
1648 3366 1728 3430 haec
1753 3386 1841 3431 nova
1867 3373 1918 3429 est
1944 3365 2106 3447 loquuti0;
2133 3386 2268 3446 prorsus
2295 3367 2384 3430 enim

378 3453 523 3534 gentiam
566 3472 697 3515 omnem
736 3449 923 3533 praecedit?
981 3447 1145 3530 Quoniam
1185 3470 1261 3512 eum
1299 3451 1354 3531 qui
1407 3473 1480 3516 oum
1499 3453 1557 3516 illa
1574 3473 1657 3534 quae
1674 3453 1770 3515 tertio
1788 3451 1951 3515 Matthaei
1973 3451 2079 3533 capite
2102 3450 2147 3534 (v.
2170 3451 2225 3534 ll)
2243 3450 2385 3516 habetur

379 3537 492 3602 adulta
509 3536 642 3601 demum
660 3545 765 3601 aetate
782 3539 818 3600 in
835 3536 974 3603 foederis
992 3537 1180 3600 societatem
1198 3535 1354 3616 recipitur
1406 3540 1573 3603 convenit:
1602 3539 1658 3621 qui
1685 3539 1834 3619 sequitur
1861 3558 1928 3613 me,
1956 3536 2011 3600 illc
2034 3546 2084 3601 est
2106 3538 2162 3618 qui
2183 3537 2327 3618 baptizat
2347 3537 2384 3601 in

379 3644 482 3704 aquo
504 3623 612 3687 fuerat
634 3624 791 3688 hactenus
814 3623 951 3699 alienus,
975 3623 1044 3686 eius
1070 3620 1272 3686 conditiones
1294 3642 1354 3685 an·
1406 3624 1523 3705 spiritu
1545 3632 1656 3689 sancto
1679 3630 1712 3686 et
1732 3624 1812 3705 igni.
1857 3620 2143 3702 Quemadmodum
2165 3643 2242 3705 crgo
2265 3623 2384 3705 spiritu
2406 3619 2416 3631 ’

378 3717 432 3772 tea
469 3707 653 3789 perdiscere
684 3730 824 3791 aequum
850 3717 915 3784 θεῖ,
950 3709 1112 3771 infantem
1139 3728 1218 3772 vero
1246 3728 1288 3770 ex
1316 3727 1354 3770 co
1407 3718 1519 3774 sancto
1540 3719 1574 3774 θῖ
1596 3708 1666 3792 igni
1688 3709 1864 3789 baptizare,
1887 3715 1938 3772 cst
1958 3709 2110 3790 spiritum
2131 3716 2282 3772 sanctum
2305 3727 2383 3771 oon-

377 3795 595 3876 progenitum,
619 3816 684 3858 non
706 3796 800 3873 itcm;
821 3795 878 3876 qui
896 3793 1112 3859 haereditario
1133 3795 1215 3870 iure,
1239 3814 1354 3858 secun·
1406 3796 1506 3873 ferre,
1530 3797 1586 3877 qui
1605 3797 1639 3858 in
1662 3795 1911 3877 regeneratione
1938 3794 2026 3877 ignis
2048 3794 2191 3858 officium
2213 3799 2384 3857 naturam·

379 3878 459 3943 dum
480 3880 703 3961 promissionis
724 3880 908 3956 formulam,
938 3881 1003 3943 iam
1026 3900 1046 3942 a
1066 3880 1182 3942 matris
1203 3886 1296 3942 utero
1318 3879 1354 3941 in
1406 3901 1469 3962 quc
1497 3881 1612 3959 habet,
1640 3881 1687 3944 ita
1705 3881 1832 3944 renasci
1859 3900 1945 3960 aqua
1971 3888 2005 3942 et
2034 3879 2152 3960 spiritu
2180 3878 2263 3941 nihil
2291 3877 2382 3942 aliud

378 3964 507 4029 foedere
530 3967 722 4030 continetur.
760 3968 830 4029 Aut
852 3966 931 4048 (quo
953 3987 1006 4030 res
1027 3966 1146 4029 clarius
1164 3986 1202 4028 ac
1224 3964 1354 4029 brevius
1407 3974 1457 4031 est
1478 3988 1577 4048 quam
1594 3968 1662 4031 vim
1679 3965 1771 4029 illam
1788 3966 1923 4046 spiritus
1939 3965 2004 4030 rcci
2029 3986 2092 4043 ero,
2114 3984 2197 4046 quae
2215 3965 2250 4028 in
2272 3964 2384 4028 anima

378 4050 556 4134 indicetur)
584 4053 610 4116 si
634 4051 780 4115 fidelium
802 4051 911 4128 liberi,
936 4052 1018 4116 citra
1039 4050 1274 4132 intelligentiae
1297 4049 1354 4113 ad·
1406 4052 1441 4116 id
1462 4053 1539 4116 facit
1560 4051 1645 4134 qnod
1667 4072 1753 4134 aqua
1769 4052 1805 4114 in
1823 4071 1965 4133 corpore.
1999 3986 2086 4129 doio,
2112 4049 2193 4114 ahos
2214 4050 2310 4115 aliter
2330 4050 2384 4113 in·

378 4136 582 4214 miniculnm,
605 4135 742 4201 foederis
764 4145 842 4200 sunt
861 4137 1043 4220 participes,
1072 4158 1137 4200 non
1160 4145 1210 4199 est
1231 4157 1290 4200 cur
1312 4135 1354 4199 ob
1406 4139 1594 4221 terpretari;
1628 4137 1685 4202 sed
1712 4137 1801 4201 hunc
1829 4157 1900 4201 esse
1927 4157 2120 4219 germanum
2148 4156 2282 4199 sensum
2313 4154 2383 4198 non

378 4222 412 4285 id
434 4244 454 4285 a
475 4223 569 4305 signo
590 4231 771 4298 arceantur,
795 4224 871 4304 quia
893 4224 927 4286 in
948 4222 1088 4287 foederis
1109 4221 1354 4303 stipulationem
1407 4222 1533 4289 dubito:
1562 4225 1638 4305 quia
1667 4223 1832 4287 consilium
1860 4221 1985 4286 Christi
2011 4243 2072 4287 noa
2099 4221 2190 4285 aliud
2216 4226 2261 4283 eat
2286 4240 2382 4299 quom

378 4309 487 4372 iurare
514 4316 689 4389 nequeunt.
733 4308 826 4373 Haec
854 4315 941 4373 certe
968 4309 1052 4371 ratio
1081 4321 1131 4371 θεῖ
1148 4328 1208 4372 cur
1230 4307 1353 4390 aliquo·
1407 4315 1441 4373 ut
1458 4310 1570 4388 doceat
1593 4310 1769 4374 arcadum
1786 4328 1851 4372 ease
1866 4309 2037 4389 proprium
2057 4307 2216 4389 ingenium
2237 4303 2382 4368 omuibus

378 4396 440 4458 ties
468 4391 560 4459 Deus
587 4395 730 4458 infantes
758 4395 812 4476 qui
841 4393 882 4458 ab
908 4393 1068 4458 Israelitis
1097 4393 1262 4471 oriuntur,
1292 4394 1354 4459 sibi
1407 4397 1463 4477 qui
1483 4397 1527 4460 ad
1547 4395 1667 4460 coeleste
1682 4415 1812 4478 reguum
1833 4395 1985 4475 aspirant.
2024 4392 2212 4472 Quanquam
2228 4390 2258 4452 si
2273 4389 2386 4470 putide

379 4480 507 4559 genitos
534 4487 568 4544 et
596 4490 690 4544 natos
718 4480 817 4545 fuisse
845 4482 962 4544 asserit
990 4478 1061 4563 (Ea.
1089 4483 1142 4556 16,
1172 4483 1213 4542 20
1241 4487 1275 4543 et
1302 4483 1353 4558 23,
1408 4502 1515 4545 eorum
1533 4501 1617 4546 more
1643 4480 1790 4547 moillari
1813 4479 1921 4555 libeat,
1949 4497 2086 4560 reperere
2114 4475 2181 4539 iilis
2203 4479 2385 4555 promptum

381 4563 446 4644 37).
490 4566 577 4629 Nam
603 4566 747 4630 filiorum
776 4565 866 4630 haud
894 4565 989 4629 dubie
1017 4564 1086 4629 loco
1113 4563 1213 4629 habet
1241 4585 1356 4630 eorum
1407 4573 1483 4632 essct
1503 4566 1572 4651 (ubi
1593 4567 1831 4632 concesserimus
1852 4565 1934 4646 quod
1950 4563 2069 4646 volum)
2091 4560 2278 4641 racemum
2294 4561 2386 4639 pria

379 4648 464 4711 filios
496 4671 635 4730 quorum
669 4651 786 4716 semini
819 4653 854 4715 in
880 4660 1009 4734 patrem
1036 4672 1071 4714 so
1097 4652 1165 4714 fore
1192 4651 1356 4734 pollicitus
1407 4674 1474 4717 rem
1494 4673 1559 4718 csse
1575 4653 1638 4734 fide
1658 4652 1910 4734 etpoeaiteatra5
1936 4646 2062 4730 quaudo
2089 4646 2125 4708 ia
2149 4643 2266 4708 Christi
2283 4645 2386 4710 verbis

381 4741 439 4797 est
476 4732 542 4813 Qui
565 4756 643 4799 vcro
665 4736 806 4802 infidelis
828 4745 887 4816 est,
910 4736 1020 4819 impiis
1042 4744 1133 4801 ortus
1154 4738 1355 4818 parentibus,
1408 4740 1556 4820 spiritam
1572 4739 1741 4819 praecedit.
1784 4736 1836 4799 Dc
1866 4730 2090 4813 spiritualibus
2110 4731 2201 4794 donia
2222 4730 2277 4795 boc
2298 4731 2387 4796 intei-

381 4819 483 4883 donec
507 4840 567 4900 per
592 4820 691 4885 fidem
719 4824 791 4888 Deo
818 4824 968 4900 uniatur,
998 4844 1017 4886 a
1043 4822 1182 4887 {hederis
1210 4842 1356 4888 eommu-
1408 4825 1466 4905 ligi
1486 4830 1601 4890 mum
1620 4831 1681 4906 θεῖς
1701 4842 1780 4905 quoe
1800 4822 1831 4884 si
1847 4819 2035 4901 baptismum
2051 4821 2231 4897 sequoretur,
2254 4818 2387 4897 adeptus

381 4906 480 4967 nione
513 4913 688 4971 extraneus
710 4897 870 4975 condetur.
916 4910 1032 4991 Itaque
1054 4907 1137 4972 nihil
1160 4908 1299 4987 mirum,
1327 4911 1355 4974 si
1408 4931 1479 4975 aum
1500 4911 1581 4993 quod
1599 4912 1675 4976 volo.
1722 4907 1782 4972 Sec
1803 4905 1930 4970 omissis
1950 4902 2082 4980 cavillis,
2105 4903 2235 4966 tercado
2251 4902 2387 4983 amplae

381 5010 442 5053 nec
461 4990 555 5073 signo
573 4994 802 5073 eommunicet,
823 4997 916 5060 ciuus
938 4995 1134 5078 significatio
1151 4996 1187 5059 in
1204 5015 1242 5060 eo
1254 4995 1357 5060 fallax
1408 5002 1453 5062 est
1475 4998 1684 5078 interpretatio
1705 5011 1801 5074 prom
1822 4989 1926 5065 uituli,
1949 4988 2115 5067 neminem,
2144 4988 2237 5052 dm
2256 5007 2386 5052 remia·

380 5076 554 5157 inanisque
574 5075 666 5139 foret.
709 5077 753 5138 In
772 5099 844 5141 eam
865 5082 1061 5144 sententiam
1082 5081 1209 5147 Paulus
1231 5102 1359 5164 quoque
1408 5089 1460 5148 tus
1478 5083 1577 5164 fuerit
1597 5101 1681 5160 aqua
1702 5079 1783 5156 oica,
1806 5076 1861 5141 boc
1881 5080 1926 5139 att
1945 5074 2074 5154 spiritu,
2090 5093 2186 5154 posse
2206 5074 2329 5159 ingredi
2350 5074 2386 5138 ia

382 5161 496 5226 scribit
517 5161 617 5244 (Eph.
643 5164 678 5239 2,
706 5162 775 5245 12),
803 5173 919 5244 gentes
940 5164 1098 5244 quamdiu
1116 5167 1152 5230 in
1174 5189 1234 5231 sua
1255 5168 1358 5232 idolo·
1409 5190 1539 5254 reguum
1559 5165 1632 5231 Dei.

381 5247 480 5311 latria
500 5247 673 5311 immersae
695 5248 846 5325 luerunt,
869 5254 965 5310 extra
991 5256 1226 5315 testamentum
1248 5253 1357 5319 fuisse.
1497 5256 1547 5315 26.
1591 5249 1665 5313 Iam
1697 5255 1731 5313 et
1761 5269 1803 5313 ex
1831 5267 1870 5312 eo
1897 5243 2139 5328 explodendum
2167 5265 2238 5310 esse
2270 5263 2386 5309 corum

382 5333 457 5398 Hoc
479 5332 670 5414 compendio
697 5340 768 5398 tota
794 5354 861 5411 res,
884 5333 949 5396 nisi
975 5333 1087 5411 fallor,
1109 5337 1280 5416 perspicue
1300 5359 1358 5402 ex·
1411 5341 1611 5405 commeatum
1653 5334 1762 5417 palam
1795 5340 1845 5399 est
1873 5333 1928 5414 qui
1956 5351 2071 5396 omnes
2096 5350 2165 5395 non
2203 5330 2385 5411 baptizatos

383 5418 489 5501 pediri
506 5425 617 5501 queat:
636 5420 691 5502 qui
709 5418 822 5484 adulta
838 5417 971 5482 demum
989 5424 1095 5483 aetate
1115 5418 1243 5484 Christi
1259 5421 1359 5489 fidem
1411 5433 1561 5490 aeternae
1588 5421 1687 5486 morti
1715 5419 1913 5485 adiudicant
1963 5414 2050 5482 Solis
2077 5435 2155 5498 ergo
2185 5412 2305 5480 adultis
2326 5413 2385 5479 ad·

385 5504 643 5587 amplectuntur,
665 5526 736 5583 eos,
758 5526 860 5587 quum
880 5505 1039 5569 hactenus
1067 5504 1167 5568 alieni
1188 5525 1208 5569 a
1229 5506 1359 5573 loedere
1409 5506 1590 5572 ministrari
1610 5506 1809 5590 baptismum
1830 5527 1873 5570 ex
1893 5524 2007 5568 corum
2026 5501 2190 5584 postulato
2206 5500 2383 5582 fingamus:

384 5590 515 5668 fuerint,
538 5612 604 5655 non
626 5612 697 5656 esse
718 5592 880 5674 baptismo
899 5589 1124 5674 insigniendos
1149 5591 1213 5655 nisi
1234 5590 1300 5657 fide
1321 5614 1358 5660 ao
1410 5591 1488 5675 quid
1509 5613 1611 5675 puero
1637 5593 1710 5659 fieri
1738 5592 1847 5658 dicent
1872 5589 1928 5672 qui
1956 5587 2088 5671 pietatis
2108 5583 2304 5657 rudimentis
2321 5586 2387 5653 rite

386 5676 589 5756 poenitentia
617 5676 854 5756 intercedente,
883 5697 967 5760 quae
994 5676 1120 5742 aditum
1147 5676 1212 5742 illis
1233 5677 1270 5740 in
1291 5679 1358 5746 fae-
1411 5678 1575 5763 probeque
1596 5678 1769 5757 imbuitur,
1793 5677 1874 5744 dum
1900 5673 2069 5741 motionis
2090 5670 2161 5737 dies
2187 5673 2325 5755 appetit,
2353 5673 2383 5757 si

492 5778 602 5834 Caluini
614 5796 705 5849 opera
748 5781 804 5834 Vct
821 5780 866 5833 λλ.
1466 5764 1472 5782 “
2147 5771 2182 5827 63
