5600 6809
378 765 439 827 ‘189
684 757 775 824 LIB.
797 758 858 822 IV.
901 757 965 822 DE
986 757 1224 824 Excussis
1247 755 1414 826 Manus
1438 757 1503 823 AD
1525 757 1758 829 SALUTEM.
1801 761 1901 830 OAP.
1924 762 1989 829 ΙΠ.
2011 763 2072 830 Π.
2321 773 2385 834 790

374 957 485 1034 partes
512 948 612 1013 habet
638 946 754 1012 consul
780 947 816 1010 in
842 952 975 1023 senatu,
1011 953 1050 1011 ιιι
1075 947 1196 1015 referat
1225 947 1266 1014 de
1292 968 1350 1012 ne-
1402 947 1498 1030 quale
1520 948 1561 1014 ab
1583 949 1662 1032 ipsis
1683 948 1849 1018 Dominus
1870 952 2024 1034 requirit,
2048 951 2268 1036 adigerentur.
2313 955 2384 1024 Nec

376 1036 487 1121 gotiis,
510 1034 689 1100 sententias
710 1039 818 1116 roget,
841 1030 1055 1111 consulendo,
1079 1033 1251 1112 monendo,
1273 1033 1351 1098 hor·
1402 1034 1500 1099 unius
1528 1039 1659 1100 tantum
1689 1039 1806 1104 astans
1832 1057 1958 1102 morem
1991 1037 2111 1118 refer03
2145 1039 2306 1122 siquidem
2337 1063 2382 1107 ne

375 1122 475 1187 tando
502 1121 576 1185 aliis
604 1125 751 1202 praeeat,
779 1118 953 1187 autoritate
982 1138 1042 1182 iua
1063 1124 1168 1183 totam
1189 1119 1351 1185 actionem
1404 1118 1559 1203 Gregorii
1591 1121 1724 1203 quidem
1755 1130 1917 1207 tempore,
1951 1143 2014 1206 quo
2047 1123 2182 1189 ecclesia
2214 1126 2279 1190 iam
2312 1127 2382 1192 iere

376 1214 485 1290 regat,
520 1213 553 1270 et
584 1204 671 1289 quod
704 1203 872 1269 decretum
898 1203 1062 1268 communi
1090 1204 1224 1270 consilio
1252 1205 1353 1270 fuerit
1403 1204 1546 1288 collapsa
1579 1214 1649 1271 erat
1687 1207 1790 1292 (certe
1822 1207 1964 1274 multum
1997 1209 2037 1274 ab
2071 1210 2206 1293 antiqua
2237 1213 2381 1294 puritate

376 1299 583 1374 exsequatur,
605 1290 640 1354 id
657 1290 804 1355 muneris
821 1289 1003 1354 sustinebat
1020 1289 1189 1372 episcopus
1207 1291 1242 1354 in
1259 1311 1350 1373 pres-
1404 1289 1674 1378 degeneraverat)
1702 1295 1871 1361 tolerabile
1892 1294 2008 1360 fuisset
2028 1296 2215 1378 episcopum
2237 1296 2379 1381 aliquem

375 1380 567 1463 bytercrum
594 1383 695 1442 coetu.
741 1378 849 1458 Atque
875 1373 911 1439 id
937 1375 1046 1456 ipsum
1077 1396 1136 1457 pro
1165 1383 1350 1460 temporum
1403 1397 1424 1440 a
1444 1377 1653 1443 concionibus
1676 1379 1848 1446 abstinere.
1893 1377 2070 1459 Sacerdos,
2098 1382 2206 1463 inquit
2228 1383 2297 1465 ipse
2320 1383 2379 1449 ali·

376 1465 570 1530 necessitate
590 1462 846 1528 fuissehumano
864 1481 1025 1526 consensu
1041 1460 1223 1541 inductum,
1245 1463 1351 1528 laten·
1403 1460 1520 1547 cubi,¹)
1542 1465 1691 1543 moritur,
1714 1466 1801 1531 side
1823 1487 1860 1531 eo
1881 1466 2008 1532 sonitus
2029 1488 2095 1530 non
2118 1467 2279 1546 audiatur,
2302 1471 2379 1552 qnia

376 1558 432 1615 tur
452 1550 517 1634 ipsi
539 1557 674 1614 veteres.
718 1548 772 1611 Ita
792 1547 1018 1630 Hieronymus
1045 1546 1081 1611 in
1107 1544 1280 1630 epistolam
1307 1547 1351 1613 ad
1401 1548 1487 1612 iram
1508 1557 1623 1614 contra
1643 1572 1680 1616 se
1700 1551 1819 1617 occulti
1841 1551 1958 1616 iudicis
1979 1552 2097 1635 exigit,
2126 1553 2154 1618 si
2176 1554 2247 1618 sine
2269 1557 2378 1620 sonitu
2507 1574 2517 1587 ³

377 1637 503 1701 Titum:
530 1635 632 1713 idem,
660 1634 782 1715 inquit,
810 1633 984 1716 presbyter
1003 1632 1060 1715 qui
1081 1633 1260 1717 episcopus.
1304 1635 1350 1699 Et
1401 1632 1655 1719 pmdicationis
1686 1637 1818 1704 incedit.
1862 1638 1910 1702 Et
1938 1637 2028 1702 alibi:
2043 1636 2072 1721 ²)
2104 1658 2205 1719 quum
2238 1646 2380 1706 testatur

377 1729 552 1806 antequam
581 1719 700 1785 diaboli
721 1719 880 1783 instinctu
902 1717 1036 1782 dissidia
1055 1718 1091 1782 in
1112 1719 1270 1805 religione
1292 1721 1349 1785 fie-
1401 1719 1528 1784 Paulus
1554 1742 1590 1786 se
1616 1721 1776 1787 mundum
1805 1744 1876 1788 esse
1902 1743 1923 1787 a
1951 1724 2112 1806 sanguine
2145 1725 2308 1806 omnium,
2342 1727 2378 1790 in

376 1817 460 1888 rent,
479 1815 512 1872 et
529 1809 564 1873 in
581 1805 710 1890 populis
727 1803 899 1882 diceretur,
922 1825 983 1887 ego
999 1804 1106 1882 Pauli,
1128 1825 1189 1888 ego
1207 1804 1348 1889 Cephea,
1401 1804 1463 1871 hac
1486 1827 1564 1872 voce
1582 1828 1643 1871 nos
1670 1808 1909 1887 convincimur,
1938 1829 1999 1873 nos
2022 1809 2290 1892 constringimur,
2318 1833 2378 1876 nos

375 1895 540 1961 communi
567 1891 700 1958 oonsilio
722 1892 990 1974 presbyterorum
1011 1890 1165 1955 ecclesiae
1187 1892 1349 1975 guberna·
1399 1891 1448 1956 rei
1476 1912 1548 1957 esse
1574 1893 1792 1975 ostendimur,
1825 1895 1881 1977 qui
1909 1893 2092 1960 sacerdotes
2117 1915 2289 1974 vocamur,
2321 1899 2377 1980 qui

375 1982 503 2047 bantur.
546 1979 682 2056 Postea,
705 1983 742 2041 ιιι
764 1975 1001 2042 dissensionum
1022 1975 1149 2042 semina
1169 1976 1349 2044 evelleren·
1400 1998 1499 2059 super
1520 1998 1560 2043 ea
1581 1978 1668 2044 mala
1689 2001 1772 2062 quae
1794 1980 1927 2063 propria
1946 1979 2122 2058 hebemus,
2151 1979 2275 2046 alienas
2298 2003 2377 2065 quo·

374 2073 444 2145 tur,
472 2065 515 2130 ad
542 2085 645 2128 unum
673 2062 778 2127 omnis
806 2061 990 2127 sollicitudo
1019 2070 1069 2127 est
1090 2061 1207 2127 delata.
1252 2061 1349 2129 Sicut
1399 2083 1462 2144 que
1490 2071 1612 2128 mortes
1639 2064 1804 2145 addimus;
1837 2065 1914 2147 quia
1940 2072 1991 2129 tot
2018 2064 2194 2130 occidimus
2224 2074 2302 2149 quot
2335 2068 2377 2132 ad

373 2171 452 2235 ergo
473 2150 657 2234 presbyteri
679 2149 789 2214 sciunt
805 2169 850 2226 sc,
873 2167 916 2211 ex
933 2146 1086 2212 ecclesiae
1103 2148 1347 2228 consuetudine,
1399 2158 1540 2213 inertem
1580 2150 1629 2214 ire
1664 2149 1807 2233 quotidie
1840 2149 1942 2233 tepidi
1973 2158 2008 2215 et
2039 2158 2184 2216 tacentes
2216 2152 2375 2219 videmus.

374 2238 404 2303 ei
433 2237 491 2319 qui
518 2243 648 2318 praeest
676 2234 853 2310 subiectos,
887 2234 934 2297 ita
966 2233 1108 2316 episcopi
1134 2235 1287 2301 noverint
1313 2257 1348 2300 se
1400 2235 1559 2300 'lucentes
1576 2257 1612 2301 se
1629 2243 1663 2300 et
1679 2236 1761 2302 alios
1777 2243 1883 2315 vocat,
1905 2237 1983 2319 quia
1998 2236 2108 2300 minus
2125 2237 2249 2315 assidui
2266 2248 2377 2304 essent

374 2323 481 2406 magis
513 2320 746 2387 consuetudine
777 2339 875 2403 quam
913 2318 1094 2384 dominicae
1130 2318 1349 2404 dispositionis
1399 2320 1559 2403 inopere
1587 2342 1685 2404 quam
1714 2323 1912 2389 conveniret.
1958 2320 2070 2402 Quum
2097 2343 2140 2386 ne
2172 2322 2213 2388 iis
2245 2322 2376 2406 quidem

376 2410 515 2474 veritate
542 2407 743 2490 presbyteris
771 2426 842 2472 esse
868 2405 1024 2483 maiores,
1056 2412 1089 2469 et
1115 2405 1150 2470 in
1177 2427 1351 2490 commune
1399 2413 1513 2489 parcat
1534 2407 1589 2488 qui
1611 2408 1754 2474 officium
1777 2407 1913 2473 dimidia
1933 2429 1977 2474 ex
1997 2413 2090 2489 parte
2112 2409 2268 2491 agebant,
2297 2411 2376 2493 quid

377 2492 494 2559 debere
515 2493 684 2558 ecclesiam
706 2512 829 2575 regere.
862 2490 984 2575 Alibi¹)
1007 2497 1118 2555 tamen
1138 2490 1232 2557 docet
1248 2513 1349 2642 agam
1399 2491 1564 2557 facturum
1594 2493 1694 2558 fuisse
1721 2500 1817 2578 putas
1844 2495 1873 2560 si
1900 2495 1973 2577 quis
2000 2494 2036 2557 in
2062 2498 2168 2557 totum
2195 2495 2374 2560 cessasset?

376 2580 475 2644 fuerit
491 2581 663 2661 antiquum
680 2578 878 2644 instititum.
900 2576 992 2642 Dicit
1008 2577 1106 2655 enim,
1118 2577 1247 2643 Alexan
1289 2579 1347 2658 ’ae,
1400 2576 1517 2641 Valiiit
1542 2598 1620 2662 ergo
1641 2576 1698 2643 diu
1719 2578 1803 2644 illud
1828 2580 1872 2645 in·
1892 2578 2043 2657 ecclesia,
2072 2584 2111 2642 ut
2138 2580 2264 2660 primae
2291 2582 2376 2663 epis-

376 2686 396 2730 a
414 2665 531 2740 ¹Marco
553 2664 757 2747 evangelista
777 2684 880 2746 usqne
901 2660 943 2726 ad
965 2661 1143 2729 Heraclam
1164 2670 1198 2728 et
1219 2662 1349 2748 Diony·
1400 2663 1473 2745 copi
1492 2670 1603 2745 partes
1624 2672 1742 2745 essent,
1762 2665 1920 2748 populum
1943 2663 2044 2733 verbo
2060 2664 2126 2728 Dei
2148 2685 2294 2747 pascere,
2318 2688 2376 2732 seu

376 2751 478 2830 sium,
504 2751 714 2834 presbyteros
742 2770 871 2833 semper
898 2769 1003 2812 unum
1032 2770 1073 2813 ex
1095 2769 1131 2814 se
1153 2749 1293 2815 electum
1313 2751 1349 2815 in
1401 2748 1573 2814 aedificme
1600 2749 1770 2815 ecclcsim
1796 2750 1925 2834 publice
1952 2772 1990 2817 ac
2020 2749 2178 2833 privatim
2199 2773 2280 2817 sana
2301 2751 2377 2819 dcc·

376 2836 547 2903 excelsiori
573 2834 678 2920 gradu
704 2835 891 2912 collocasse,
919 2855 1016 2916 quem
1037 2835 1224 2918 episcopum
1243 2836 1349 2900 nomi·
1399 2835 1496 2899 trina

375 2921 507 2987 nabent
552 2921 729 2986 Habebunt
756 2940 834 3004 ergo
861 2919 1010 3004 singulae
1037 2921 1185 2986 civitates
1211 2919 1349 3006 presby·
1488 2926 1517 2985 4.
1562 2919 1661 3001 Quod
1682 2927 1792 2987 autem
1813 2920 1962 3003 singulae
1983 2921 2172 3004 provinciae
2193 2943 2298 2987 unum
2319 2922 2380 2988 ha·

374 3017 522 3074 teroriim
550 3007 723 3091 collegium
749 3007 805 3089 qui
831 3013 978 3088 pastores
1003 3012 1100 3070 erant
1127 3027 1164 3072 ac
1193 3006 1348 3072 doctores.
1401 3005 1524 3071 babent
1548 3007 1635 3071 inter
1661 3007 1829 3090 episcopos
1857 3007 2154 3090 archiepiscopum,
2186 3005 2271 3089 quod
2299 3008 2380 3073 item

375 3094 463 3159 Nam
485 3102 519 3159 et
540 3092 627 3176 apud
648 3092 806 3176 populum
827 3112 949 3156 munus
975 3091 1125 3171 docendi,
1152 3093 1351 3158 exhortandi
1401 3093 1437 3155 in
1465 3092 1602 3158 nicaena
1629 3092 1755 3177 synodo
1783 3092 1952 3159 consttuti
1973 3099 2051 3157 sunt
2071 3092 2293 3175 patriarchae,
2324 3095 2379 3174 qui

375 3188 409 3244 et
426 3178 619 3265 corrigendi,
638 3177 724 3262 qnod
740 3177 866 3243 Paulus
883 3177 1044 3261 episcopis
1062 3177 1214 3261 iniungit,
1236 3199 1350 3245 omnes
1401 3184 1511 3261 essent
1531 3177 1647 3244 ordine
1669 3186 1703 3245 et
1724 3177 1884 3263 dignitate
1906 3177 2158 3262 archiepiscopis
2185 3177 2377 3259 superiores,

376 3265 526 3345 obibant3
548 3272 590 3344 et,
611 3284 676 3348 quc
698 3284 810 3330 semen
832 3269 906 3346 post
926 3284 962 3328 se
982 3263 1221 3346 relinquerent,
1244 3263 1350 3330 iunio·
1401 3261 1500 3328 idad
1522 3263 1713 3348 disciplinae
1734 3265 2016 3332 conseruationem
2036 3262 2230 3346 pertinebat
2264 3260 2379 3342 Quan-

375 3351 466 3417 ribus
483 3351 538 3433 qui
555 3371 667 3416 sacrae
684 3349 820 3414 militiae
840 3369 961 3415 nomen
982 3348 1142 3414 dederant
1163 3349 1351 3429 erudiendis
1401 3370 1501 3432 qnam
1517 3350 1554 3415 in
1571 3350 1634 3416 hac
1651 3350 1870 3434 disputatione
1886 3349 2060 3433 praeteriri
2075 3369 2142 3414 non
2163 3354 2272 3432 potest
2293 3348 2377 3430 quod

375 3436 543 3502 navabant
563 3456 704 3520 operam.
748 3435 933 3518 Unicuique
953 3433 1079 3501 usitati
1100 3439 1172 3500 erat
1192 3435 1352 3502 attributa
1401 3436 1566 3502 ratissimi
1587 3441 1656 3502 crat
1675 3456 1763 3504 aean
1809 3434 1863 3502 Ob
1890 3435 1976 3502 lianc
1997 3435 2100 3519 igitur
2121 3454 2255 3501 causam
2276 3433 2379 3516 potis-

377 3529 467 3587 certa
483 3523 583 3606 regio,
604 3542 688 3605 qnae
705 3522 914 3605 presbyteros
930 3520 1007 3587 inde
1029 3528 1182 3601 sumeret,
1204 3528 1238 3587 et
1258 3521 1352 3588 velut
1401 3522 1524 3587 simum
1541 3521 1687 3588 instituti
1708 3529 1786 3589 sunt
1805 3521 1856 3586 illi
1877 3519 2009 3605 maduo,
2031 3527 2070 3584 ut
2089 3521 2118 3586 si
2139 3518 2378 3603 quidineccle·

264 3651 290 3676 2
377 3610 504 3691 corpori
536 3607 690 3674 ecclesiae
721 3607 810 3672 illius
842 3612 1076 3673 accenseretur.
1120 3604 1280 3693 Singula,
1313 3614 1351 3673 ut
1402 3608 1451 3673 sia
1471 3606 1616 3691 qualibet
1636 3607 1797 3675 incideret
1814 3605 1901 3691 quod
1918 3627 1985 3672 non
2002 3612 2112 3689 posset
2127 3605 2211 3672 bene
2229 3627 2249 3670 a
2265 3607 2378 3688 paucis

378 3692 455 3773 dixi,
477 3693 614 3778 collegia
635 3693 768 3777 politiae
788 3700 918 3758 tantum
939 3700 974 3760 et
995 3693 1085 3776 pacis
1103 3693 1350 3760 conservandae
1401 3693 1563 3777 expediri,
1592 3693 1634 3758 ad
1662 3692 1825 3778 synodum
1852 3692 2086 3776 provincialem
2107 3692 2294 3756 referretur.
2339 3687 2379 3758 Si

377 3779 485 3863 gratia
501 3780 559 3844 uni
581 3781 730 3862 episcopo
752 3780 917 3858 suberant,
939 3780 997 3863 qui
1017 3779 1064 3844 sic
1087 3778 1169 3846 alios
1190 3779 1350 3864 dignitate
1401 3779 1595 3864 magnitudo
1623 3785 1681 3846 ant
1707 3778 1881 3845 difficultas
1911 3799 2030 3844 causae
2059 3777 2220 3849 maiorem
2251 3797 2378 3860 quoque

376 3864 603 3945 antecedebat,
634 3872 671 3930 ιιι
691 3867 831 3930 fratrum
852 3866 959 3931 coetui
981 3864 1204 3931 subiiceretnr.
1252 3865 1351 3947 Quod
1403 3865 1637 3932 hammonem
1668 3864 1864 3947 postularet,
1898 3862 2139 3930 adhibebantur
2170 3862 2378 3946 patriarchae

376 3952 405 4015 si
427 3951 565 4034 amplior
592 3958 662 4015 erat
689 3971 767 4034 ager
786 3952 843 4033 qui
869 3952 929 4016 sub
957 3951 1029 4016 eius
1056 3952 1243 4035 episcopatu
1269 3959 1349 4034 erat,
1401 3973 1470 4017 una
1497 3973 1574 4017 cuni
1602 3950 1753 4035 synodis,
1788 3949 1952 4038 aquibus
1980 3969 2049 4014 non
2076 3955 2163 4015 esset
2188 3949 2377 4031 provocatio

373 4057 473 4118 quam
500 4046 538 4101 ut
564 4037 712 4102 sufficere
740 4035 891 4102 omnibus
917 4037 1059 4120 episcopi
1087 4038 1209 4102 muniis
1229 4039 1350 4121 ubique
1401 4037 1467 4102 nisi
1499 4037 1542 4102 ad
1572 4035 1760 4103 universale
1790 4034 1973 4101 concilium.
2018 4034 2302 4123 Gubernaticnem
2331 4034 2378 4101 sic

373 4129 499 4204 posset,
526 4143 585 4206 per
606 4124 714 4206 ipsum
736 4142 854 4206 agrum
875 4121 1131 4205 designabantur
1153 4124 1250 4189 certis
1269 4125 1349 4191 locis
1400 4122 1615 4189 constitutam
1635 4121 1788 4187 nonnulli
1809 4121 2030 4187 hierarchiam
2050 4127 2220 4200 vocarunt,
2233 4121 2376 4186 'nomine

372 4209 566 4292 presbyteri,
590 4209 646 4290 qui
667 4209 704 4271 in
724 4206 905 4275 minoribus
926 4208 1065 4290 negotiis
1085 4208 1156 4272 eius
1173 4210 1260 4275 vices
1280 4209 1349 4276 obi·
1400 4207 1559 4294 (etmihi
1579 4204 1733 4292 ridetur)¹
1750 4206 1943 4291 improprio,
1970 4213 2059 4273 certe
2080 4206 2250 4288 scripturis
2272 4206 2377 4270 inusi-

373 4302 456 4358 rent.
501 4294 569 4359 Eos
590 4294 751 4359 vocabant
771 4292 1027 4376 chorepiscopos,
1053 4293 1143 4376 quod
1162 4315 1222 4377 per
1242 4297 1348 4379 ipsam
1400 4303 1477 4359 tato.
1523 4292 1650 4361 Oavere
1676 4293 1766 4360 enim
1792 4293 1898 4360 voluit
1924 4293 2061 4375 spiritus
2083 4298 2216 4357 sanctus
2237 4291 2375 4372 nequis

372 4380 577 4462 provinciam
599 4380 787 4463 episcopum
807 4378 1105 4462 repraesentabant.
1399 4381 1622 4466 principatum
1644 4386 1702 4445 aut
1723 4378 1981 4445 dominationem
2002 4378 2188 4453 somniaret,
2210 4394 2312 4456 quum
2335 4374 2375 4438 de

322 4481 326 4492 ’
461 4469 489 4529 3.
535 4464 602 4531 Sed
631 4471 792 4548 quantum
817 4463 860 4529 ad
886 4463 1030 4529 officium
1058 4465 1178 4531 attinet
1211 4466 1252 4531 dc
1283 4489 1347 4551 quo
1399 4466 1555 4533 ecclesiae
1572 4465 1810 4550 gubernatione
1827 4465 1945 4549 agitur.
1975 4464 2103 4528 Verum
2121 4461 2149 4526 si
2167 4479 2238 4525 rem
2252 4459 2374 4558 'omisso
2434 4527 2438 4537 ,

373 4569 462 4615 nunc
494 4552 643 4635 agimus,
680 4559 750 4616 tani
789 4552 978 4634 episcopum
1008 4572 1107 4633 quam
1138 4552 1348 4637 presbyteros
1398 4552 1558 4619 vocabulo
1590 4553 1779 4632 intuemur,
1812 4550 2014 4635 reperiemus
2047 4553 2175 4612 veteres
2208 4563 2375 4628 episcopos

373 4635 467 4699 verbi
503 4645 537 4700 et
568 4645 847 4703 sacramentorum
885 4637 1121 4720 dispensationi
1159 4637 1348 4704 incumbere
1398 4659 1467 4703 non
1493 4637 1592 4703 aliani
1618 4635 1782 4722 regendae
1807 4636 1962 4703 ecclesiae
1978 4633 2127 4698 ¹formam
2148 4630 2291 4697 voluisse
2312 4631 2374 4694 fin-

373 4720 528 4802 opcrtuit.
571 4722 659 4787 Nam
681 4721 902 4789 Alexandriae
927 4727 1056 4787 tantuin
1084 4723 1254 4807 (quoniam
1279 4725 1347 4792 illic
1399 4745 1477 4810 gere
1498 4724 1540 4790 ab
1562 4745 1602 4789 ea
1621 4743 1722 4807 quani
1742 4723 1835 4788 Deus
1855 4720 1955 4787 verbo
1976 4738 2035 4784 suc
2057 4716 2276 4800 praescripsit.

373 4805 475 4870 Arius
497 4806 665 4871 ecclesiam
686 4808 892 4895 turbaverat)
913 4808 1103 4876 institutum
1118 4809 1181 4875 luit
1197 4832 1240 4876 ne
1256 4832 1347 4896 pres·
1487 4816 1515 4876 5.
1559 4810 1630 4877 Nec
1656 4809 1721 4875 alia
1746 4814 1826 4874 tunc
1853 4807 1916 4871 fuit
1937 4805 2150 4870 diaconorum
2170 4800 2255 4866 ratio
2275 4820 2374 4883 qnam

373 4891 471 4974 byter
491 4890 678 4956 concionem
700 4894 742 4958 ad
762 4896 920 4979 populum
940 4895 1085 4975 haberet,
1108 4902 1145 4960 ut
1166 4897 1213 4962 sit
1230 4896 1348 4964 Socra-
1399 4898 1460 4963 sub
1478 4896 1642 4980 apostolis.
1677 4894 1868 4961 Oblationes
1889 4891 1979 4955 enim
1999 4887 2147 4987 fidelium
2167 4884 2375 4970 quotidianas

373 4984 424 5040 tes
443 4975 525 5040 libro
544 4979 572 5040 9.
595 4978 779 5060 tripertitae
795 4982 959 5048 historiae.
993 4980 1091 5062 Quod
1108 4984 1251 5049 tameni
1273 5005 1348 5050 sum
1400 4990 1434 5049 et
1455 5003 1580 5049 annuos
1601 4982 1761 5048 ecclesiae·
1781 4982 1961 5060 proventus
1989 4972 2204 5056 recipiebant,
2232 4979 2271 5037 ιιι
2298 4993 2375 5038 con·

373 5061 599 5146 Hieronymus
610 5062 640 5147 ²)
662 5061 723 5126 sibi
745 5063 914 5148 displicere
933 5088 1000 5132 non
1022 5067 1214 5135 dissimulat
1249 5005 1348 5137 berte
1399 5070 1525 5136 ferrent
1545 5070 1582 5133 in
1603 5087 1698 5134 veros
1715 5085 1803 5140 usus,
1825 5061 1941 5159 id.⁰⁸l’
1963 5059 2084 5144 partim
2105 5058 2276 5158 ministris,
2298 5079 2375 5141 par-

374 5148 479 5213 instar
497 5147 642 5231 portenti
665 5147 816 5213 habitum
842 5158 941 5231 esset,
970 5154 999 5216 si
1027 5155 1101 5235 quis
1123 5178 1157 5222 se
1202 5177 1239 5221 ro
1262 5156 1347 5241 epis-
1399 5155 1462 5221 tini
1482 5153 1679 5239 pauperibus
1696 5147 1822 5216 alendis
1839 5146 2082 5226 distribuerent,
2104 5165 2247 5229 episcopi
2263 5151 2377 5243 tamen

373 5254 454 5319 copo
476 5232 685 5311 venditasset,
708 5234 765 5317 qui
786 5254 853 5299 non
875 5237 974 5300 etiam
996 5258 1032 5301 re
1052 5234 1164 5320 ipsae
1215 5242 1349 5309 'buisset
1400 5241 1551 5321 arbitrio,
1577 5239 1630 5302 oui
1652 5245 1686 5301 et
1706 5233 1912 5300 oeconomiae
1933 5251 2013 5298 suae
2034 5231 2179 5297 rationes
2200 5236 2376 5313 quotannis

373 5341 490 5386 rerum
507 5321 701 5405 episcopum.
735 5319 787 5385 Ea
803 5320 907 5403 igitur
927 5320 991 5385 init
1010 5327 1196 5406 temporum
1216 5326 1348 5392 illorum
1399 5325 1587 5393 reddebant.
1632 5322 1718 5386 Nam
1744 5319 1833 5403 quod
1861 5339 2001 5385 canones
2032 5317 2220 5402 episcopum
2254 5313 2377 5396 ubique

374 5407 545 5486 severitas,
574 5414 611 5471 ιιι
631 5405 775 5472 ministri
796 5426 909 5471 omnes
929 5405 971 5470 ad
993 5406 1197 5490 implendum
1217 5433 1346 5493 munus,
1399 5413 1524 5479 faciunt
1555 5410 1717 5475 bonorum
1747 5406 1894 5471 omnium
1923 5403 2077 5472 ecclesiae
2106 5402 2376 5485 dispensatorem,

444 5680 805 5750 1)Epist.adEi'agriuui.
874 5677 906 5748 2)
922 5680 1010 5750 Epist.
1028 5679 1065 5733 ad
1082 5681 1238 5752 Euagrium.
1470 5685 1499 5748 1)
1517 5684 1603 5753 Epist.
1621 5680 1664 5735 24.
1733 5677 1764 5750 2)
1780 5678 1880 5736 Homil.
1898 5681 1927 5733 iu
1943 5678 1991 5732 lla.
2010 5673 2052 5729 ll.
2118 5757 2154 5812 ω
