5600 6809
398 781 459 846 tte
757 777 848 844 LIB.
871 777 949 844 IV.·
975 777 1039 843 DE
1061 772 1296 843 exultarem
1318 774 1486 843 Munus
1508 776 1574 844 AD
1596 775 1827 845 effluunt.
1872 775 1972 845 OAP.
1989 777 2042 846 ’Π.
2340 786 2402 846 774

395 966 460 1037 lius
481 966 561 1033 idoli
637 967 734 1032 annis
755 966 942 1048 occupavit,
970 965 1000 1030 si
1021 986 1098 1030 cum
1118 964 1295 1031 israelitica
1315 963 1374 1029 illa
1425 985 1525 1048 quam
1545 964 1630 1030 nihil
1652 964 1707 1030 hic
1728 965 1933 1048 amplificem.
1966 966 2041 1032 Iam
2062 989 2164 1051 quum
2184 968 2226 1034 ad
2247 969 2402 1036 eudesiae

395 1054 552 1136 veteri,q
609 1052 637 1118 's
653 1051 741 1135 apud
762 1052 939 1134 prophetas
960 1049 1124 1115 delineata
1145 1057 1204 1129 est,
1226 1049 1373 1115 confera-
1425 1071 1505 1116 suae
1526 1052 1789 1126 communionem
1811 1050 1943 1134 adigere
1964 1072 2025 1117 nos
2045 1053 2175 1133 volunt,
2204 1054 2269 1119 duo
2290 1065 2402 1138 postu-

395 1145 459 1204 tur.
503 1139 688 1204 Veretum
708 1138 859 1203 exstabat
879 1136 967 1220 apud
988 1135 1128 1202 Iudaeos
1149 1145 1183 1201 et
1203 1135 1373 1201 Israelitas
1424 1136 1496 1202 lant
1516 1157 1537 1201 a
1558 1136 1665 1203 nobis:
1694 1137 1839 1219 primum
1858 1145 1898 1202 ut
1919 1139 2068 1220 precibus
2090 1141 2254 1224 sacrisque
2275 1149 2309 1206 et
2328 1162 2402 1207 eae·

395 1225 547 1304 eeclesia,
581 1245 683 1307 quum
714 1223 751 1288 in
780 1222 919 1288 foederis
946 1220 1074 1305 legibus
1100 1228 1300 1305 perstarent:
1333 1242 1373 1286 ea
1424 1222 1579 1288 rameniis
1607 1223 1676 1288 suis
1708 1222 1858 1288 omnibus
1889 1225 2179 1305 communicemus;
2212 1226 2330 1293 deinde
2363 1235 2403 1292 ut

395 1310 519 1377 scilicet
536 1307 729 1388 obtinentes,
740 1308 806 1374 Dei
821 1308 986 1386 beneficio,
999 1308 1118 1390 quibus
1139 1306 1276 1373 ecclesia
1296 1328 1372 1372 con·
1424 1307 1581 1391 quidquid
1603 1307 1751 1386 honoris,
1779 1309 1963 1391 potestatis,
1993 1310 2224 1395 iurisdictionis
2245 1312 2402 1380 ccclesiae

395 1395 529 1461 tinetur.
569 1395 763 1461 Docti-inam
784 1395 933 1460 veritatis
954 1391 1120 1459 habebant
1140 1392 1176 1457 iu
1197 1391 1278 1476 lege,
1302 1393 1372 1458 eius
1425 1413 1504 1458 suae
1526 1392 1642 1459 tribuit
1663 1393 1833 1473 Christus,
1861 1394 1896 1459 id
1924 1395 2078 1460 ecclesiae
2107 1418 2185 1462 suae
2206 1397 2399 1464 deferamus.

396 1482 617 1548 ministerium
657 1502 757 1563 penes
791 1479 976 1547 sacerdotes
1011 1486 1083 1543 erat
1117 1485 1152 1543 et
1184 1478 1370 1561 prophetas.
1424 1477 1521 1560 Quod
1549 1480 1591 1545 ad
1619 1481 1763 1562 primum
1789 1481 1922 1559 attinet,
1955 1482 2060 1546 fateor
2085 1483 2262 1566 prophetas
2288 1505 2402 1550 omnes

396 1565 660 1634 Circumcisionis
687 1565 834 1652 symbolo
861 1566 896 1630 in
923 1563 1114 1649 religionem
1142 1562 1371 1644 initiabantur;
1424 1566 1480 1648 qui
1505 1564 1716 1650 lerosolymis
1744 1566 1891 1646 fuerunt,
1913 1586 2015 1649 quum
2039 1588 2093 1634 res
2119 1568 2186 1635 illie
2207 1578 2317 1635 essent
2343 1569 2400 1635 ad-

395 1652 470 1718 aliis
492 1653 705 1719 sacramentis
731 1649 969 1718 exercebantur
991 1650 1032 1715 ad
1054 1648 1131 1715 fidei
1152 1650 1372 1714 confirmatio·
1423 1650 1557 1715 modum
1578 1658 1759 1735 corruptae,
1785 1672 1847 1716 nec
1868 1672 2016 1717 seorsum
2037 1655 2245 1734 sacrificasse,
2267 1676 2328 1721 nec
2350 1678 2401 1721 se·

395 1759 481 1805 nem.
525 1739 601 1805 Non
627 1737 762 1804 dubium
784 1737 865 1819 quiri
886 1742 1109 1818 competerent
1128 1736 1164 1800 in
1185 1755 1298 1800 eorum
1319 1756 1371 1800 so-
1422 1745 1553 1819 paratos
1576 1736 1729 1802 habuisse
1751 1737 1792 1802 ab
1813 1737 1887 1803 aliis
1909 1737 1951 1802 ad
1973 1739 2136 1803 orandum
2163 1748 2283 1805 coetus.
2328 1741 2400 1806 Ha-

395 1824 548 1892 cietatem
564 1823 672 1907 elogia
688 1821 805 1905 quibus
823 1821 992 1889 ecclesiam
1006 1821 1171 1887 Dominus
1188 1821 1369 1886 honoravit
1423 1821 1545 1888 babent
1565 1823 1655 1887 enim
1676 1823 1741 1888 Dei
1761 1823 1963 1903 mandatum,
1984 1845 2047 1906 quo
2069 1825 2104 1889 in
2126 1826 2285 1907 templum
2305 1824 2400 1892 Solo·

395 1909 574 1993 Postquam
593 1909 722 1975 deserta
738 1909 811 1993 lege
827 1908 965 1973 Domini
982 1907 1225 1991 degenerarunt
1242 1906 1285 1971 ad
1301 1906 1371 1972 ido·
1423 1909 1529 1973 monis
1573 1910 1747 1975 convenire
1798 1909 2020 1989 iubebantur;
2066 1909 2250 1975 sacerdotes
2293 1912 2399 1977 leviti-

394 1994 558 2061 lolatriam
586 2002 620 2060 et
645 1996 926 2079 superstitionem,
960 1993 1019 2058 illa
1050 1993 1280 2077 praerogativa
1310 2012 1371 2076 pro
1423 2015 1492 2072 ecs,
1521 2015 1616 2077 quos,
1638 1995 1716 2078 quia
1741 2015 1910 2060 sacrorum
1938 1995 2102 2061 antistites
2131 1995 2275 2061 ordinati
2304 2007 2401 2062 erant

395 2088 490 2165 parte
510 2081 712 2147 exciderunt
747 2079 831 2161 eris
848 2080 936 2145 enim
954 2080 1041 2144 ausit
1062 2079 1216 2144 eeclesiae
1238 2079 1372 2143 titulum
1424 2081 1623 2158 aDomino,
1656 2079 1975 2158 neodumabdieati,
2010 2093 2176 2164 utcunque
2205 2081 2333 2168 indigni
2361 2103 2400 2148 eo

395 2167 437 2232 iis
464 2167 652 2249 praeripere
679 2166 767 2251 apud
793 2186 874 2250 quos
902 2164 995 2232 verbi
1022 2165 1074 2230 sui
1095 2164 1372 2246 praedicationem
1424 2165 1547 2230 honore
1569 2175 1686 2244 essent,
1710 2165 1816 2232 locum
1839 2164 1933 2230 illum
1954 2166 2028 2232 iure
2045 2167 2153 2233 adhuc
2170 2176 2282 2233 tenere
2299 2190 2400 2234 nove·

395 2261 430 2318 et
449 2254 681 2338 mysteriorum
698 2252 958 2318 observationem
975 2250 1124 2334 deposuit
1140 2249 1253 2315 Deus?
1282 2250 1371 2314 Rur-
1423 2259 1507 2316 rant
1552 2250 1652 2332 Quod
1680 2272 1759 2317 vero
1786 2259 1886 2334 caput
1913 2260 1964 2317 est
1992 2254 2093 2318 totius
2119 2255 2330 2335 quaestionis,
2359 2253 2401 2319 ad

395 2358 486 2418 sum,
515 2339 588 2421 quis
615 2339 702 2403 ausit
722 2360 799 2404 eum
820 2345 949 2404 coetum
970 2336 1062 2401 nulia
1083 2357 1159 2402 cum
1181 2337 1372 2418 exceptione
1423 2337 1551 2402 nullum
1572 2337 1836 2419 superstitiosum
1857 2337 1981 2403 cultum
2002 2336 2233 2422 adigebantur;
2260 2340 2326 2404 imo
2349 2341 2400 2404 ni·

395 2423 567 2489 ecclesiam
594 2424 778 2506 appellare,
801 2422 856 2488 ubi
878 2420 1015 2490 verbum
1037 2419 1173 2486 Domini
1202 2421 1311 2505 palam
1339 2428 1373 2486 et
1423 2422 1471 2487 hil
1498 2423 1720 2506 suscipiebant
1744 2421 1831 2506 quod
1857 2444 1924 2488 non
1952 2431 2038 2490 esset
2059 2444 2079 2489 a
2099 2422 2173 2489 Deo
2198 2425 2397 2490 institutum.

395 2507 530 2591 impune
551 2510 775 2588 conculcatur,
804 2509 862 2575 ubi
888 2510 960 2608 eius
981 2507 1218 2607 ministerium,
1242 2507 1372 2606 praeci·
1422 2508 1523 2608 Apud
1546 2508 1605 2573 hos
1629 2514 1765 2608 autem,⁸
1784 2510 1928 2607 papistas
1950 2508 2036 2587 dico,
2058 2509 2136 2592 quid
2158 2509 2285 2575 simile?
2330 2511 2398 2576 Vix

309 2758 316 2770 ‚
395 2591 1373 2765 111111101ιῖ11ίέἑίἷᾶἓΐιὲἲΐιῗιζῗῗὲῗῗιῗὶῗριῖᾙ
1423 2593 1640 2762 1111111
1653 2604 2058 2762 ttttttttttttt
2074 2594 2399 2763 11111111ῗὲ

396 2765 524 2848 reliqua
551 2774 623 2831 erat
642 2767 679 2831 in
704 2766 837 2832 Iudaeis
865 2765 1020 2831 ecclesiae
1070 2764 1207 2829 articula
1238 2785 1281 2829 ex
1308 2784 1372 2846 quo
1423 2764 1636 2848 praecipuum
1672 2765 1910 2830 communionis
1941 2766 2110 2831 vinculum
2141 2768 2176 2831 in
2208 2768 2310 2833 missa
2340 2778 2398 2845 est,

396 2850 440 2916 ad
466 2850 683 2916 idololatriam
712 2850 921 2918 defecerunt?
965 2850 1067 2915 Fac‘
1111 2858 1166 2934 „est
1193 2850 1370 2933 responsio.
1424 2872 1524 2934 quam
1551 2870 1610 2915 nos
1640 2858 1678 2914 ut
1704 2851 1887 2914 mammam
1918 2851 2128 2934 saerilegium
2163 2852 2398 2919 abominamur.
2507 2923 2510 2934 ,

395 2935 549 3002 Primum
571 2937 699 3016 dieo,in
718 2939 791 3021 ipsa
813 2937 992 3003 deiectione
1014 2936 1114 3000 fuisse
1136 2935 1258 3019 gradus
1276 2957 1372 3019 quos·
1425 2938 1535 3018 Atque
1545 2934 1581 3000 id
1589 2936 2029 3002 meritoantemereanobis
2042 2938 2109 3015 fiat,
2129 2937 2207 3002 alibi
2224 2938 2397 3005 videbitur.

396 3020 488 3101 dam;
521 3045 625 3106 neque
657 3024 746 3089 enim
773 3023 918 3089 dicemus
945 3020 1088 3087 eundem
1114 3021 1216 3086 trusae
1243 3021 1372 3103 lapsum
1423 3021 1522 3087 Nune
1542 3022 1623 3087 satis
1643 3031 1695 3087 est
1716 3021 1887 3086 ostendere
1909 3021 2007 3086 aliam
2023 3023 2058 3086 in
2076 3022 2139 3088 hac
2155 3031 2249 3110 parte
2267 3045 2397 3089 causam

396 3105 500 3174 Iudae
527 3116 561 3174 et
587 3109 735 3188 Israelis,
763 3129 828 3191 quc
855 3109 998 3191 primum
1026 3114 1331 3190 temperanterque
1353 3129 1372 3171 a
1424 3116 1572 3172 nostram
1593 3128 1665 3172 esse
1686 3128 1786 3190 quam
1807 3107 1907 3172 iuer-it
1927 3107 2177 3191 prophetarum,
2200 3109 2257 3190 qui
2277 3118 2316 3173 ut
2337 3111 2398 3173 im-

418 3215 478 3258 uro
505 3195 569 3259 Dei
598 3195 687 3261 culto
715 3194 856 3260 deflexit
900 3193 1087 3270 Iarobeam,
1118 3214 1221 3275 quum
1251 3192 1372 3258 vitulos
1423 3193 1554 3276 piorum
1578 3194 1681 3259 sacris
1705 3193 1918 3273 interessent,
1952 3192 2061 3258 nullas
2093 3194 2313 3260 caeremonias
2345 3195 2398 3260 vel

429 3278 571 3345 bricaret
604 3288 719 3346 contra
751 3287 900 3364 apertam
933 3279 998 3344 Dei
1032 3277 1300 3361 prohibitionem,
1338 3285 1373 3344 et
1423 3286 1572 3361 spectare
1600 3279 1654 3345 vel
1681 3300 1843 3362 usurpare
1862 3279 2063 3364 cogebantur
2083 3280 2147 3344 nisi
2169 3301 2189 3345 a
2209 3277 2282 3344 Deo
2303 3279 2399 3346 insti·

396 3362 578 3430 adoratori
600 3365 708 3441 locum
730 3386 797 3432 nou
824 3365 950 3432 licitum
973 3363 1152 3443 dedicaret,
1180 3363 1371 3447 religionem
1423 3372 1520 3430 tutas.
1554 3365 1613 3444 Ao,
1635 3364 1871 3448 siexamplum
1886 3365 2018 3430 omnino
2039 3364 2145 3431 simile
2166 3364 2288 3445 habere
2308 3364 2398 3444 libet,

396 3470 531 3535 prorsus
552 3452 706 3535 eorrupit
739 3449 856 3517 Iudaei
869 3451 962 3535 prius
983 3472 1019 3516 se
1041 3451 1150 3533 impiis
1171 3449 1317 3515 moribus
1339 3457 1372 3514 et
1423 3470 1645 3516 sumamusex
1661 3471 1763 3535 ragno
1782 3451 1966 3518 israelitico.
1999 3448 2191 3517 Secundum
2211 3451 2398 3517 institutum

396 3541 1147 3707 ι
1173 3538 1373 3704 ιιι
1422 3535 1766 3689 ιιιιιι
2154 3537 2400 3707 ιιι
2501 3573 2511 3586 ·

1761 3673 1770 3703 5

396 3708 485 3792 enim
506 3709 567 3775 sub
587 3709 798 3776 Reohabeam
819 3709 941 3775 multas
967 3709 1035 3773 iam
1061 3729 1232 3790 perversas
1262 3728 1372 3773 caere-
1423 3709 1573 3792 patribus
1605 3715 1810 3792 acceperant;
1842 3706 1901 3775 sed
1931 3714 2066 3791 propter
2092 3707 2332 3775 commentitios
2361 3712 2400 3776 ac

396 3794 524 3860 munias
545 3795 645 3879 vulgo
667 3796 730 3862 sibi
752 3797 951 3874 asciverant,
979 3794 1056 3878 quia
1076 3800 1189 3859 tamen
1209 3792 1372 3879 Ierosoly·
1424 3795 1543 3860 vetitos
1564 3794 1681 3871 cultus,
1703 3790 1860 3877 quidquid
1880 3793 1947 3860 illie
1968 3792 2141 3892 agebatur,
2163 3794 2256 3859 Deus
2277 3795 2399 3878 impro-

396 3879 461 3944 mis
487 3879 666 3946 manebant
692 3889 726 3946 et
751 3881 834 3965 legis
861 3881 1009 3948 doctrina
1039 3887 1073 3944 et
1101 3878 1318 3946 sacerdotium
1339 3886 1373 3945 et
1424 3880 1523 3946 babat
1548 3899 1586 3944 ac
1613 3878 1797 3945 damnabat
1842 3878 1932 3945 Cedo
1958 3879 2043 3944 mrhi
2068 3878 2264 3963 prophetam
2285 3902 2397 3959 unum,

396 3965 480 4030 ritus
502 3966 614 4048 quales
635 3967 728 4031 Deus
749 3968 950 4045 instituerat,
979 3965 1145 4030 habebant
1165 3965 1233 4030 illic
1253 3965 1300 4048 pii
1321 3973 1390 4030 to·—
1423 3966 1478 4031 vel
1505 3967 1597 4048 pium
1624 3965 1766 4048 aliquem
1794 3966 1916 4044 vuum,
1946 3965 2002 4048 qui
2029 3964 2131 4031 semel
2158 3964 2344 4032 adoraverit
2363 3968 2399 4032 in

395 4048 564 4116 lerabilam
591 4051 744 4118 ecclesiae
771 4059 903 4118 statum.
947 4050 1047 4134 Apud
1074 4051 1242 4116 Israelitaa
1268 4073 1371 4134 usque
1423 4050 1559 4129 Bethel,
1589 4059 1648 4115 aut
1675 4070 1805 4116 sacrum
1830 4051 1951 4117 feeerit
1995 4050 2167 4116 Noverunt
2180 4049 2282 4116 'enim
2308 4072 2344 4117 se
2364 4052 2399 4117 id

396 4135 440 4201 ad
460 4158 600 4221 regnum
621 4138 738 4204 Achab
760 4159 813 4203 res
834 4138 969 4202 minime
989 4137 1025 4200 in
1046 4137 1163 4200 melius
1190 4137 1370 4215 restitutae,
1422 4158 1490 4201 non
1506 4138 1649 4202 facturos
1665 4136 1745 4220 quin
1763 4136 1871 4220 aliquo
1888 4135 2057 4220 sacrilegio
2074 4158 2109 4201 se
2127 4138 2397 4202 contaminarent

395 4229 477 4288 tuno
503 4244 581 4287 vero
608 4225 708 4288 etiam
734 4225 769 4288 in
795 4223 937 4288 deterius
969 4221 1139 4305 prolapsae
1172 4228 1260 4286 sunt.
1305 4221 1371 4303 Qui
1422 4221 1593 4289 Habemus
1620 4242 1713 4307 ergo,
1741 4243 1808 4287 non
1837 4242 1978 4305 eousque
1999 4221 2109 4288 valere
2132 4221 2218 4305 apud
2240 4222 2320 4287 alios
2342 4221 2397 4286 de-

395 4316 509 4390 postea
529 4318 770 4390 successerunt,
792 4329 896 4392 usque
918 4307 959 4373 ad
979 4309 1149 4372 interitum
1170 4307 1274 4393 regni,
1295 4329 1371 4391 par·
1422 4309 1500 4374 bere
1521 4308 1675 4374 ecclesiae
1695 4309 1971 4388 communionem,
1998 4315 2036 4372 ut
2056 4308 2085 4373 si
2106 4307 2164 4371 illa
2184 4305 2226 4371 ad
2246 4307 2398 4388 profanos

397 4394 457 4458 tim
486 4395 556 4460 eius
584 4395 719 4460 bierunt
744 4394 881 4473 similes,
910 4393 1047 4478 partim,
1077 4414 1178 4476 quum
1205 4392 1371 4476 aliquanto
1422 4394 1626 4478 pollutosque
1658 4395 1742 4459 ritus
1769 4393 2004 4478 degeneraret,
2033 4394 2126 4476 sequi
2157 4392 2307 4474 protinus
2340 4414 2397 4457 ne-

397 4480 548 4546 meliores
573 4502 645 4546 esse
672 4480 810 4560 vellent,
839 4480 1029 4563 exemplum
1049 4479 1220 4545 Iarobeam
1242 4480 1372 4563 sequuti
1422 4484 1517 4546 cesse'
1533 4480 1585 4545 sit

275 4623 283 4631 .
399 4574 491 4641 sunt,
520 4587 634 4632 omnes
660 4574 770 4631 autem
799 4566 840 4632 ad
867 4586 971 4630 unum
998 4566 1091 4648 impii
1118 4572 1152 4630 et
1171 4564 1369 4630 idololatrae.
1511 4570 1559 4631 10.
1604 4565 1732 4630 Verum
1759 4564 1801 4631 ds
1827 4565 1932 4631 altera
1958 4572 2052 4647 parte
2079 4563 2184 4646 magis
2217 4564 2397 4628 etiamnum

398 4647 441 4713 In
462 4649 585 4716 Iudaea
604 4652 717 4718 variae
737 4650 876 4717 subinde
896 4652 1093 4716 mutationes
1114 4651 1263 4731 fuenmt,
1292 4651 1370 4715 dum
1422 4649 1657 4717 eonteudimus.
1701 4651 1790 4717 Nam
1810 4652 1839 4716 si
1859 4651 1995 4717 ecelesia
2016 4648 2195 4714 secundum
2224 4667 2300 4711 eum
2322 4668 2397 4712 mc·
2507 4638 2514 4665 '

399 4733 454 4799 alii
476 4755 570 4817 reges
591 4737 716 4802 cultum
736 4738 802 4804 Dei
822 4738 914 4803 falsis
940 4744 974 4803 et
999 4737 1230 4804 commentitiis
1257 4758 1371 4820 super-
1423 4735 1502 4803 dum
1535 4736 1773 4818 consideratam,
1806 4737 1899 4802 cuius
1928 4734 2072 4800 revereri
2100 4732 2272 4812 iudicium,
2305 4735 2398 4800 cuius

397 4820 587 4886 stitionibus
604 4832 806 4903 pervertunt,
829 4824 885 4889 alii
902 4823 1094 4908 dissipatam
1110 4823 1303 4908 religionem
1319 4824 1371 4888 in·
1394 4816 1397 4921 l
1423 4823 1590 4888 autoritati
1612 4821 1753 4902 deferre,
1776 4824 1869 4888 cuius
1890 4819 2123 4885 monitionibus
2144 4839 2276 4900 parere,
2306 4820 2398 4886 cuius

397 4913 564 4985 Staurssfltt
584 4905 686 4972 donec
702 4909 766 4990 ipsi
783 4931 909 4994 quoque
926 4909 1111 4976 sacerdotes
1128 4910 1289 4992 templum
1305 4909 1371 4974 Dei
1423 4909 1691 4994 castigationibus
1712 4907 1925 4985 commoveri,
1949 4905 2040 4970 euius
2062 4903 2325 4969 communionem
2346 4927 2397 4970 re-

397 4991 543 5075 profanis
563 4990 852 5076 abominandisque
872 4997 990 5063 ritibus
1010 4996 1206 5079 polluerunt
1422 4995 1537 5079 ligiose
1562 4996 1599 5060 in
1626 4994 1777 5059 omnibus
1803 4990 1909 5057 colere
1935 4995 2098 5072 oporteat,
2132 4989 2302 5055 ecclesiam
2333 4991 2398 5056 illis

299 5143 307 5157 ,
485 5082 513 5141 9.
556 5077 631 5159 Age
657 5098 760 5156 nunc,
790 5088 910 5162 negent
930 5081 1079 5165 papistae
1100 5083 1128 5146 si
1149 5088 1303 5165 possunt,
1333 5088 1372 5146 ut
1422 5081 1599 5148 concedere
1629 5101 1697 5145 non
1721 5097 1893 5162 possumus
1920 5076 2000 5159 quin
2027 5075 2237 5141 subiectionis
2264 5083 2298 5140 et
2323 5075 2398 5142 obc-

397 5184 459 5230 sua
484 5161 568 5228 vitia
593 5161 737 5226 maxime
763 5169 956 5243 extenuent,
984 5166 1151 5249 religionis
1179 5175 1303 5233 statum
1324 5167 1371 5233 ita
1423 5167 1564 5233 dientiae
1585 5165 1763 5232 necessitas
1784 5183 1845 5227 nos
1866 5168 2007 5227 maneat
2040 5162 2199 5228 Libenter
2219 5169 2332 5227 tamen
2352 5165 2399 5228 eis

380 5247 485 5333 apud
502 5269 538 5314 se
555 5256 747 5330 corruptum
759 5247 977 5332 vitiatumque
994 5271 1065 5315 esse
1082 5258 1120 5315 ut
1135 5252 1199 5316 fuit
1215 5254 1252 5318 in
1268 5273 1370 5337 regno
1423 5252 1637 5319 concedemus
1669 5247 1757 5332 quod
1783 5246 1915 5314 Iudaeis
1941 5253 1976 5313 et
2002 5246 2162 5313 Israelitis
2194 5248 2245 5312 sui
2277 5247 2399 5313 saeculi

397 5333 572 5402 israelitico
588 5333 651 5400 sub
668 5332 849 5400 Iarobeam.
888 5335 991 5416 Atqui
1006 5333 1227 5401 idololatriam
1248 5338 1372 5404 habent
1422 5337 1585 5404 dederunt
1604 5335 1794 5419 prophatae,
1815 5353 1919 5417 quum
1938 5354 1992 5399 ras
2013 5340 2071 5398 aut
2089 5334 2126 5397 in
2146 5334 2219 5417 pari
2236 5338 2324 5397 statu
2341 5343 2399 5397 aut

398 5420 599 5500 crassiorem,
622 5441 729 5504 neque
750 5421 786 5486 iu
807 5417 956 5486 doctrina
972 5418 1104 5504 guttula
1123 5440 1193 5485 uua
1212 5431 1290 5488 sunt
1310 5444 1371 5505 pu·
1423 5424 1523 5488 etiam
1543 5420 1677 5486 meliore
1698 5418 1766 5484 illio
1787 5426 1905 5485 essent
1949 5418 2111 5485 Videmus
2132 5425 2243 5483 autem
2263 5425 2302 5482 ut
2322 5438 2397 5502 pas-

397 5507 500 5571 riores
506 5530 514 5587 ;
536 5505 601 5570 nisi
617 5506 700 5571 forte
719 5507 755 5570 in
772 5506 834 5572 hac
855 5525 981 5588 quoque
1001 5505 1074 5588 ipsa
1094 5505 1201 5588 magis
1221 5507 1289 5572 sint
1309 5508 1371 5571 im-
1422 5509 1487 5573 sim
1508 5507 1652 5574 clament
1672 5505 1810 5589 profana
1830 5525 1902 5572 esse
1923 5503 2163 5582 conventicula,
2192 5503 2310 5586 quibus
2331 5525 2397 5569 non

397 5592 481 5674 puri
526 5591 631 5669 Deus,
654 5594 717 5658 imo
737 5593 911 5674 quicunque
929 5590 1077 5657 madiaci
1097 5590 1215 5656 iudicio
1229 5591 1372 5672 praedit
1422 5594 1529 5676 magis
1557 5592 1741 5657 consentire
1767 5591 1866 5660 liceat
1885 5612 1985 5675 quam
2006 5591 2117 5657 Deum
2138 5587 2309 5673 abnegare
2353 5590 2399 5656 Et

397 5683 485 5758 aaut,
512 5677 593 5744 mitt
618 5683 707 5744 enea
732 5683 897 5759 ueteepet
923 5698 977 5751 rea
1002 5676 1103 5745 etam
1128 5675 1201 5760 ipsa
1227 5675 1372 5744 declam
1422 5686 1510 5742 certe
1532 5677 1562 5743 si
1581 5675 1658 5743 illae
1679 5677 1834 5746 eeclesiae
1854 5677 2005 5758 frisi-unt,
2033 5675 2180 5760 sequitur
2201 5675 2399 5743 abeeolesia

629 5764 633 5781 ⁸
1054 5805 1059 5811 .
1256 5768 1259 5771 ’
2143 5776 2193 5832 49·
