5600 6809
395 719 456 779 155
1042 673 1307 771 mammem
1329 706 1434 772 Rau.
1458 701 1639 770 cflnlsr.
1665 708 1757 768 1559.
2342 707 2405 769 156

480 905 509 965 2.
554 899 641 982 Erpa
668 897 732 962 Dei
754 895 987 976 providentiam
1014 895 1073 958 rite
1099 897 1126 957 el
1146 892 1263 957 ntr'litu
1284 913 1371 958 nemo
1424 898 1507 958 tum:
1521 893 1545 974 ¹)
1578 893 1656 973 quio
1682 913 1744 956 non
1771 892 1877 957 omnia
1902 893 2047 958 invimus
2074 914 2153 975 quae
2178 894 2217 959 de
2243 892 2332 958 nobis
2352 914 2408 976 op-
2502 932 2504 941 ·

393 988 550 1069 eopendet,
580 985 645 1049 nisi
667 984 722 1063 qui
743 983 805 1048 sibi
829 1002 899 1046 curn
917 981 1021 1068 fctorq
1041 1000 1097 1043 sno
1117 979 1285 1060 maridique
1308 979 1373 1058 opi-
1425 980 1500 1043 timo
1532 979 1640 1043 ordine
1669 977 1759 1042 Deus
1786 980 1865 1061 opit,
1898 979 1932 1042 in
1964 980 2031 1044 solu
2059 979 2139 1043 bono
2165 979 2321 1044 voluntate
2346 999 2408 1046 nos

391 1077 447 1157 hcc
468 1073 621 1156 neqotinru
640 1089 706 1134 esse
727 1073 890 1148 repetam,
912 1067 954 1131 ad
974 1071 1089 1130 rnatum
1110 1069 1138 1128 et
1158 1066 1371 1141 reverentiam,
1425 1063 1594 1128 secundum
1621 1064 1715 1145 leqem
1736 1084 1842 1146 apere,
1870 1065 1905 1127 in
1932 1065 2009 1129 aliis
2029 1086 2100 1131 vero
2119 1064 2290 1131 secundnm
2310 1065 2409 1148 leqem

393 1181 457 1242 qua
478 1159 558 1223 decet
573 1155 767 1231 humilitate,
797 1174 829 1218 se
850 1152 1034 1217 submiserit.
1080 1149 1165 1213 Hinc
1191 1149 1227 1230 fit
1254 1155 1288 1214 nt
1309 1155 1373 1213 tam
1425 1152 1495 1232 aqi3
1534 1150 1610 1231 quio
1642 1151 1712 1214 cius
1744 1150 1946 1231 prandentis
1977 1149 2027 1215 len
2059 1151 2102 1216 sit
2131 1150 2407 1217 incommutabilis.

393 1245 485 1310 eunti
506 1244 596 1308 hodie
615 1260 706 1305 canes
726 1239 901 1304 doctrinam
920 1237 999 1300 hone
1019 1235 1182 1300 undante
1203 1237 1273 1302 svis
1294 1256 1373 1300 mor·
1404 1235 1531 1318 ·Erqo,
1564 1255 1662 1315 quum
1694 1233 1757 1299 sibi
1789 1236 1841 1299 ins
1869 1237 1981 1314 mundi
2013 1237 2138 1319 rependi
2159 1237 2294 1302 vendicet
2314 1237 2437 1303 Dens·

394 1331 488 1408 sibus,
511 1329 558 1393 vel
579 1327 688 1392 saltem
709 1327 826 1390 latratu
848 1325 1005 1403 impetant,
1031 1322 1108 1403 qnia
1129 1341 1189 1384 non
1206 1322 1284 1400 plns
1305 1320 1373 1385 Deo
1426 1321 1515 1386 nobis
1536 1322 1734 1403 incoquitvm,
1755 1320 1829 1386 haec
1850 1322 1892 1385 sit
1908 1321 2086 1386 sobrietatis
2103 1342 2140 1386 oc
2156 1323 2323 1388 modestiae
2344 1322 2408 1403 leo,

394 1417 484 1481 licere
516 1415 619 1478 volunt
651 1432 746 1493 quom
772 1410 855 1489 ipsis
881 1410 977 1473 dictat
1003 1407 1140 1487 proprio
1171 1407 1261 1471 ratio.
1306 1405 1374 1469 Nos
1425 1408 1616 1488 acquiescere
1633 1425 1754 1470 sumum
1771 1408 1840 1471 eius
1857 1409 1997 1488 imperio,
2015 1413 2050 1473 ut
2067 1408 2136 1472 eius
2155 1409 2298 1473 voluntas
2317 1408 2410 1475 nobis

395 1504 489 1567 etiarn
515 1504 632 1582 quanta
653 1501 785 1579 possunt
810 1495 972 1574 protervia
997 1494 1170 1575 ecapitont,
1203 1493 1283 1573 quod
1312 1511 1374 1555 non
1426 1495 1468 1557 sit
1489 1494 1585 1556 unna
1606 1493 1747 1557 institiae
1768 1491 1892 1575 reputo,
1919 1498 1947 1557 ct
1970 1494 2148 1558 iustissima
2174 1513 2272 1558 causa
2298 1514 2410 1560 rerum

395 1588 525 1652 contenti
552 1586 628 1668 lepis
650 1581 839 1662 praeceptio,
874 1579 985 1660 quibus
1007 1577 1223 1658 comprehensa
1244 1582 1290 1642 est
1311 1576 1375 1641 Dei
1409 1579 1572 1643 ‘merium
1618 1577 1692 1641 Non
1718 1577 1778 1641 illa
1804 1578 1929 1657 quidem
1955 1578 2096 1644 absoluta
2117 1579 2260 1644 voluntas
2283 1580 2320 1644 de
2341 1601 2410 1661 qua

312 1738 314 1743 ,
395 1673 552 1748 veteratae,
585 1668 713 1733 areanis
746 1666 933 1730 annidies
959 1664 1099 1729 conciliis
1127 1664 1280 1727 mundum
1308 1663 1375 1745 reqi
1424 1665 1575 1747 qarriunt
1607 1663 1777 1745 sophistae,
1812 1664 1910 1744 impio
1931 1664 2129 1746 profanoque
2156 1665 2291 1730 dissidio
2317 1685 2411 1747 sepa-

396 1760 546 1824 dicovucs.
605 1754 702 1835 Quasi
740 1773 810 1815 vero
849 1751 963 1815 cerebri
994 1751 1095 1814 roostri
1126 1749 1304 1832 hqmemm
1334 1748 1376 1811 sit
1426 1755 1534 1814 rantes
1560 1750 1630 1814 eius
1656 1750 1813 1813 iustitiam
1833 1770 1855 1813 a
1871 1751 2028 1829 potentio,·
2057 1750 2112 1816 sed
2132 1751 2192 1816 illa
2213 1752 2410 1816 moderatrix

398 1844 479 1927 qnod
500 1843 656 1916 docemus,
690 1859 727 1902 ac
749 1858 810 1901 rura
830 1837 942 1917 ubique
963 1836 1046 1902 idem
1067 1836 1181 1899 diserte
1199 1835 1376 1915 pronuntiet
1427 1857 1535 1900 rerum
1556 1836 1694 1900 omnim
1709 1835 1927 1916 providemia,
1956 1856 1978 1899 a
2004 1857 2069 1916 qua
2095 1836 2178 1900 nihil
2202 1836 2269 1901 nisi
2290 1843 2411 1902 rectum

396 1929 531 2011 spiritus
558 1932 585 1991 et
616 1925 788 1988 inreunoeris
819 1922 964 2003 loquendi
997 1921 1110 2001 formis
1137 1925 1261 2001 repetat.
1315 1918 1376 1983 Sed
1428 1926 1546 1998 manat,
1569 1921 1713 2001 momnis
1734 1920 1824 1985 rubis
1845 1919 2040 1986 absconditae
2060 1923 2125 1987 sint
2145 1923 2291 1987 rationes.

396 2016 472 2096 qnia
505 2032 553 2076 eos
580 2012 689 2075 retinet
715 2009 833 2090 aliquis
855 2008 978 2087 medor,
1006 2028 1044 2070 ne
1066 2027 1143 2070 snus
1164 2005 1375 2086 blasphemias
1450 2003 1458 2027 '
1515 2010 1543 2069 3.
1586 2006 1642 2071 Ad
1670 2005 1749 2071 hono
1775 2006 1958 2071 modestiam
1977 2008 2155 2090 quicunque
2177 2013 2268 2072 uun
2290 2028 2412 2090 compo·

398 2101 533 2166 audeant
554 2099 589 2161 in
611 2097 725 2161 coel-nm
747 2113 893 2171 evomere,
914 2113 974 2173 quo
994 2092 1123 2157 liberius
1143 2092 1319 2170 insaniant,
1343 2109 1376 2153 se
1427 2093 1497 2169 siti,
1524 2112 1619 2172 neque
1647 2092 1682 2155 in
1704 2093 1910 2171 praeteritum
1936 2097 2057 2173 nmpus
2081 2093 2119 2159 de
2146 2093 2238 2157 rebus
2264 2093 2413 2160 adversis

398 2186 555 2251 roobiscrcm
575 2184 699 2266 litiqare
718 2180 848 2262 frtqnnt.
901 2178 1016 2242 Verum
1036 2179 1103 2242 nisi
1124 2178 1299 2255 admittant,
1329 2178 1375 2239 in·
1427 2183 1534 2242 eontra
1555 2177 1660 2241 Deum
1679 2177 1824 2258 frement,
1846 2198 1951 2258 neque
1977 2177 2126 2243 scelerum
2146 2179 2272 2259 culpam
2303 2180 2339 2242 in
2361 2181 2413 2286 ip·

398 2269 663 2351 comprehensibili
685 2266 750 2331 Dei
771 2264 899 2329 consilio
926 2265 1080 2346 quidquid
1108 2264 1143 2326 in
1163 2263 1277 2327 mnrrdo
1299 2262 1376 2326 acci-
1427 2283 1498 2328 sum
1518 2269 1656 2346 reperent
1661 2286 1671 2342 ;
1692 2264 1773 2327 sicut
1793 2262 1967 2329 homnium
1984 2263 2213 2346 Apamernnon:
2233 2262 2291 2343 eye
2309 2263 2337 2327 δ’
2357 2290 2414 2329 oua

397 2357 444 2421 dit
467 2355 652 2439 pubernori,
685 2351 890 2431 respondeant
921 2370 1069 2429 quorsum
1099 2350 1183 2414 dicat
1209 2350 1376 2428 scriptura,
1429 2349 1523 2421 αἴτιός
1543 2352 1614 2432 εἰμι,
1637 2346 1715 2410 ἀλλά
1734 2346 1812 2422 Zeis
1835 2353 1885 2412 rat
1906 2355 2006 2432 μοῖρα.
2053 2349 2163 2432 Neque
2194 2370 2339 2430 rursum,
2373 2357 2413 2418 nt

397 2444 465 2507 eins
493 2441 615 2506 indicia
640 2437 837 2519 profundam
865 2455 928 2500 esse
954 2435 1099 2518 abyssum
1126 2434 1228 2516 (Psal.
1250 2438 1298 2513 36,
1320 2433 1378 2516 7).2
1423 2436 1593 2518 plautinus
1619 2436 1673 2500 ille
1699 2436 1889 2513 adolescens,
1911 2436 2005 2517 quasi
2031 2434 2113 2516 fotis
2138 2435 2271 2517 abrepti,
2304 2437 2414 2518 despe

401 2529 487 2592 Nam
518 2545 615 2606 quum
649 2524 758 2588 clamet
785 2521 891 2586 Moses
918 2521 1031 2606 (Dent.
1053 2522 1168 2596 30‚'12
1192 2541 1277 2603 seqq.
1328 2541 1378 2584 vo-
1428 2522 1551 2586 ratmne
1582 2541 1614 2586 se
1640 2521 1811 2603 proiicient
1842 2521 1878 2586 in
1906 2522 2054 2586 echium:
2085 2521 2244 2587 instabilis
2269 2526 2315 2586 est
2340 2542 2415 2588 sors

398 2615 548 2678 lnntotem
568 2611 632 2676 Dei
658 2630 719 2674 non
742 2607 856 2688 procul
884 2608 919 2671 in
945 2607 1091 2686 noctibus,
1120 2606 1166 2671 vel
1193 2607 1228 2670 in
1295 2605 1378 2688 pssis
1428 2627 1552 2686 rerum,
1575 2627 1637 2688 pro
1663 2607 1791 2672 libidine
1815 2606 1886 2688 fota
1906 2612 2003 2689 oqunt
2024 2606 2176 2685 hauriens,-
2205 2607 2341 2688 referam
2362 2629 2416 2675 me

399 2697 609 2780 quaerendam
626 2715 698 2774 esse,
720 2695 797 2775 quia
813 2693 1020 2774 familiariter
1040 2695 1075 2756 in
1090 2694 1153 2775 leqe
1170 2693 1309 2774 exposita
1326 2692 1376 2770 sit,
1430 2694 1472 2758 od
1494 2693 1670 2773 scopulum,
1693 2699 1815 2758 utrem
1836 2692 1908 2757 istie
1928 2712 1998 2757 cum
2019 2698 2117 2758 aetate
2132 2694 2297 2774 perduam.
2343 2693 2411 2760 Ne-

399 2785 542 2864 sequitur
564 2781 744 2863 profundae
772 2780 881 2861 abysso
910 2779 1044 2860 conferri
1071 2779 1170 2842 aliam
1192 2777 1377 2842 vduatatem
1430 2800 1487 2859 qne
1514 2780 1644 2848 alterius
1670 2779 1807 2858 coempto
1829 2777 1892 2842 Dei
1919 2798 2029 2843 nomeu
2055 2779 2126 2843 suis
2143 2779 2278 2861 fbrqitiis
2304 2779 2410 2846 obten-

400 2868 626 2947 absoonditam;
658 2868 696 2931 de
728 2886 792 2946 qua
824 2866 918 2929 etium
947 2864 1071 2930 Patrius
1099 2864 1208 2946 (Rom.
1232 2863 1376 2948 11,33).·
1430 2865 1509 2929 deon.
1556 2863 1610 2929 Sic
1636 2865 1720 2928 enim
1742 2864 1915 2946 lpcouides
1939 2865 1975 2928 in
2004 2865 2105 2929 altera
2129 2863 2301 2929 comoedia:
2326 2866 2411 2932 dens

399 2954 680 3104 ssfflfflmdllallm
700 2952 939 3100 ‘libidimis
958 2951 1134 3100 efficatiae·
1154 2950 1378 3100 ethtpnitionis
1429 2951 1595 3117 impqqlsort
1609 2951 1689 3048 fuit;
1722 2949 1816 3116 aad}
1836 2951 2084 3100 deosttvoluisse,
2102 2970 2192 3118 {team
2219 2950 2255 3014 ui
2282 2950 2412 3104 dubii

435 3062 477 3106 er.
529 3059 606 3103 vom
626 3057 713 3102 anser
811 3057 846 3100 va
866 3057 905 3101 su
959 3058 972 3100 v
1014 3057 1081 3101 ocio
1106 3057 1187 3114 erus,
1264 3056 1378 3116 imper-
1429 3058 1492 3101 non
1520 3056 1606 3114 ere,
1635 3055 1707 3101 soro.
1804 3057 1838 3100 ur
1853 3056 1965 3116 pann
1986 3057 2025 3101 eo
2045 3056 2108 3101 scm
2142 3057 2218 3114 ura,
2238 3056 2281 3116 qu

398 3060 590 3209 culpabiles
610 3126 680 3187 viae
698 3123 787 3187 eins!
807 3123 882 3202 quis
902 3123 986 3186 enim
1007 3123 1144 3206 coprmvit
1165 3127 1294 3186 mentem
1311 3120 1378 3187 Do-
1424 3123 1550 3204 placeat
1571 3123 1731 3204 inquirent
1752 3141 1790 3186 ae
1810 3122 1941 3200 ducent,
1968 3127 2003 3186 ut
2028 3123 2145 3204 spiritu
2166 3123 2242 3187 duce
2263 3121 2338 3187 illuc
2360 3113 2414 3188 isi·

379 3213 493 3289 -miui,
524 3214 577 3274 aut
605 3208 809 3274 consiliarius
829 3209 898 3273 eins
916 3208 1005 3289 fnit?
1049 3207 1100 3272 Ao
1123 3227 1232 3271 vuum
1252 3207 1379 3289 quidem
1430 3214 1544 3273 tantur.
1591 3207 1695 3272 Simul
1715 3206 1836 3287 Deum,
1858 3228 2037 3290 amenaque
2059 3212 2158 3286 ovem,
2179 3209 2269 3288 sequi
2285 3209 2413 3290 parati,

398 3303 456 3376 est,
490 3298 526 3360 in
553 3297 617 3378 lepe
638 3301 666 3359 et
688 3293 843 3376 eoanqelio
864 3293 1077 3375 comprehendi
1103 3296 1268 3375 mysteria,
1298 3312 1378 3372 quoe
1430 3316 1464 3360 re
1487 3296 1560 3376 ipsa
1581 3294 1736 3361 ostendent
1756 3293 1838 3358 nihil
1858 3293 1956 3358 huius
1975 3295 2134 3360 dodriuoe
2154 3293 2322 3377 coquitioue
2343 3315 2415 3378 esse

397 3383 485 3466 luipo
505 3383 660 3447 emineant
680 3400 779 3459 snpra
807 3399 918 3445 sensns
943 3381 1042 3445 nostri
1063 3381 1204 3459 modum,·
1233 3380 1288 3444 sed
1306 3398 1387 3460 quo·
1431 3381 1589 3467 unone)
1625 3378 1736 3446 Stulte
1753 3379 1908 3445 cumsuis
1924 3381 2057 3462 ineptiis
2074 3379 2320 3444 tumultuantur
2332 3400 2414 3462 pro-

397 3471 486 3533 niom
512 3466 603 3532 Deus
629 3468 672 3530 ad
704 3465 855 3547 capienda
882 3465 958 3532 ham
988 3466 1150 3549 mysterio,
1184 3487 1263 3547 quoe
1291 3463 1379 3529 verbo
1430 3467 1500 3531 fani
1527 3466 1691 3545 homines,
1725 3472 1764 3530 ut
1789 3486 1894 3549 paene
1918 3466 2043 3531 coelum
2066 3473 2187 3544 terrae,
2215 3472 2255 3528 ut
2276 3463 2414 3544 dican,

392 3554 569 3637 patefacere
596 3553 746 3635 diqnatns
772 3556 830 3629 est,
863 3571 993 3616 suorum
1020 3556 1135 3617 mentes
1162 3551 1379 3634 inteltiqentiae
1429 3552 1655 3635 permisoeant
1701 3550 1740 3617 Si
1767 3553 1882 3617 mortis
1909 3559 2040 3616 nostrae
2072 3557 2231 3635 punctum
2264 3551 2417 3635 signavit

396 3641 517 3722 spiritu
538 3639 708 3716 illuminat,
730 3637 819 3701 nulla
841 3637 907 3701 ium
928 3637 994 3702 illic
1015 3637 1155 3720 abyssus,
1184 3638 1239 3701 sed
1259 3639 1322 3714 via,
1344 3637 1378 3700 in
1430 3637 1610 3717 Dominus,
1634 3637 1780 3721 effugere
1801 3636 1977 3702 nonlicet:
2006 3638 2129 3702 frustra
2150 3637 2253 3720 igitur
2273 3636 2309 3701 in
2330 3658 2414 3704 eau-

399 3746 463 3807 quo
484 3729 547 3790 tuto
571 3723 796 3788 ambulandum
813 3728 865 3801 est,
887 3723 1058 3788 etlueerna
1074 3723 1210 3805 pedibus
1226 3722 1377 3807 rependis,
1431 3724 1574 3790 tionibus
1612 3722 1805 3789 adhibendis
1842 3723 2020 3788 laboratur.
2077 3721 2174 3803 Quod
2211 3742 2289 3807 ergo
2321 3723 2414 3792 alius

262 3830 265 3836 ¹
398 3810 622 3887 ottrentae,
650 3814 678 3873 et
706 3813 803 3874 mrtoe
832 3809 1073 3892 conspicuasque
1099 3810 1241 3875 veritatis
1267 3808 1378 3873 scleola.
1430 3812 1632 3877 committere
1665 3831 1700 3875 se
1729 3809 1802 3874 viae
1829 3830 1896 3873 non
1924 3809 2039 3887 audet,
2069 3829 2169 3891 quam
2190 3807 2415 3892 periculosam

398 3894 445 3959 At
461 3895 573 3959 mundi
588 3894 783 3976 pubernandi
800 3895 1001 3960 admirabilis
1018 3896 1100 3960 ratio
1116 3897 1225 3960 merito
1247 3895 1379 3976 abyssus
1431 3897 1531 3974 audit,
1564 3916 1606 3959 ne
1639 3917 1659 3960 a
1688 3895 1872 3960 latronibus
1904 3893 2101 3974 trucidetur;
2141 3894 2227 3960 alius
2265 3894 2416 3962 medicos

399 3985 540 4058 vocatur,·
562 3980 649 4061 qnia,
671 3979 747 4043 dnm
768 4000 824 4044 nos
844 3981 925 4060 latet,
948 3987 1119 4046 reverenter
1141 3981 1305 4046 munuca
1326 3985 1377 4045 cst.
1430 3983 1567 4046 accersit
1593 4003 1630 4047 ac
1662 3981 1847 4064 pharmacis
1876 4002 1911 4044 se
1930 3981 2062 4064 fatigat,
2097 3988 2136 4044 ut
2159 3981 2246 4046 vitae
2268 3981 2416 4063 opitule-

402 4065 537 4130 Pulchre
558 4070 721 4144 utrumqne
736 4067 854 4146 paucis
874 4067 975 4132 verbis
997 4069 1150 4149 expressit
1172 4066 1287 4131 Moses.
1324 4065 1379 4132 Oc·
1430 4077 1500 4148 tur3
1534 4068 1619 4131 alius
1647 4088 1667 4131 a
1694 4068 1908 4132 crassioribus
1935 4066 2015 4132 cibis
2042 4066 2196 4144 abstinet,
2230 4088 2272 4130 ne
2298 4066 2416 4134 laedat

400 4152 497 4230 culta,
520 4151 623 4231 inquit
645 4150 758 4232 (Dent.
779 4155 829 4231 29,
850 4151 914 4236 29),
938 4151 1006 4217 Deo
1027 4159 1149 4234 nostro,·
1175 4173 1255 4233 quae
1275 4154 1378 4217 aretem
1430 4153 1628 4219 imbecillam
1647 4152 1884 4233 valetudinem3
1914 4152 1997 4216 alius
2019 4154 2171 4217 ruinosas
2193 4149 2290 4217 aedos
2311 4152 2416 4220 inha-

399 4237 448 4303 hic
480 4237 598 4318 scriptu
626 4241 713 4314 sunt,
747 4238 791 4302 ad
824 4258 878 4302 vos
906 4244 934 4303 et
961 4238 1047 4319 filios
1074 4244 1189 4304 vestros
1209 4239 1375 4319 pertinent.
1430 4241 1536 4305 bitere
1558 4237 1727 4320 for-midan
1756 4260 1868 4304 omnes
1891 4237 2031 4322 denique
2054 4239 2124 4303 vias
2146 4237 2349 4321 exceptant,
2379 4246 2416 4304 et

408 4322 557 4387 Videmus
583 4322 667 4385 enirn
696 4328 731 4386 ut
760 4344 822 4387 non
844 4328 965 4387 mutum
987 4325 1029 4389 ad
1050 4326 1145 4408 leqem
1166 4324 1379 4389 medimndam
1431 4345 1552 4409 magna
1579 4326 1681 4390 animi
1708 4325 1889 4389 intentione
1915 4324 2099 4402 excudunt,
2124 4324 2244 4406 quibus
2265 4322 2300 4388 id
2322 4323 2417 4406 quod

399 4409 540 4474 audium
567 4408 715 4486 adiicem,
745 4409 800 4473 sed
821 4429 973 4474 arcanam
995 4409 1058 4474 Dei
1079 4410 1311 4491 providentiam
1332 4430 1379 4475 ro
1431 4412 1666 4494 concupiscunt
1698 4421 1926 4493 assequantur:
1961 4417 2019 4474 aut
2051 4410 2131 4475 haec
2158 4408 2268 4473 omnia
2294 4409 2415 4476 inania

398 4499 538 4559 verenter
564 4494 722 4576 suspicere
749 4494 861 4559 iubeat.
906 4495 1016 4560 Huius
1047 4517 1167 4577 quoqne
1199 4495 1379 4561 altitudinis
1431 4507 1510 4561 sunt
1532 4496 1690 4576 remedia,
1717 4518 1799 4579 quae
1827 4503 2003 4579 captantur
2032 4494 2073 4560 ad
2095 4493 2319 4578 corrigendam
2342 4495 2415 4560 Dei

400 4579 531 4661 clopium
555 4581 690 4661 ponitur
722 4581 757 4643 in
790 4580 869 4646 libro
897 4580 967 4660 Iob,
1003 4583 1085 4663 quod
1113 4587 1228 4646 mentes
1255 4587 1379 4646 nostras
1431 4583 1644 4661 voluntatem,
1668 4592 1814 4646 autnon
1835 4589 1924 4647 certo
1946 4581 2017 4645 eius
2039 4580 2168 4646 decreto
2185 4578 2414 4647 terminantur

399 4664 548 4728 humiliet.
594 4666 764 4747 Postquam
784 4668 868 4731 enirn
889 4666 974 4732 orbis
1002 4667 1181 4732 machinam
1201 4688 1330 4732 norsum
1351 4672 1380 4732 et
1431 4669 1501 4734 vita
1522 4676 1556 4733 et
1576 4689 1675 4745 mors,
1698 4669 1822 4732 sanitas
1843 4676 1877 4732 et
1899 4666 2047 4745 morbus,
2070 4689 2137 4750 pax
2158 4676 2192 4730 et
2210 4664 2350 4743 bellum,
2377 4676 2414 4733 et

401 4749 545 4813 deorsum
565 4752 728 4817 lustrando
754 4752 917 4836 propendeo
937 4754 1088 4818 disseruit
1108 4758 1200 4817 antor
1220 4755 1257 4818 de
1280 4754 1379 4834 operi·
1432 4754 1496 4818 alia
1518 4775 1602 4836 quae
1624 4753 1782 4832 homines,
1806 4761 1903 4835 prout
1924 4753 1978 4817 vel
2000 4761 2161 4836 appetunt
2182 4751 2236 4817 vel
2257 4750 2413 4834 cdcmnt,

401 4834 458 4899 bus
489 4834 567 4913 Dei,
603 4837 730 4903 subiicit
767 4837 901 4903 tandem
921 4838 1003 4922 (Iob.
1035 4843 1090 4918 26,
1120 4838 1190 4923 14).·
1222 4859 1261 4903 en
1298 4840 1378 4902 istae
1430 4842 1478 4904 ita
1499 4861 1560 4904 sua
1581 4837 1744 4903 industria
1765 4839 1818 4905 vel
1839 4840 1986 4904 obtinere
2015 4839 2067 4903 vel
2089 4838 2240 4923 refugere
2264 4836 2413 4905 student.

401 4925 475 4985 sunt
504 4923 711 4988 entremitates
742 4926 869 4988 viarum
903 4925 986 5001 eius,
1019 4931 1046 4989 et
1078 4925 1264 5006 quantulum
1294 4925 1378 5006 qnod
1431 4925 1522 5006 Quin
1555 4925 1655 4988 etiam
1689 4926 1854 4990 orationes
1886 4924 2034 4989 fidelium
2065 4945 2251 5009 perversas,
2284 4923 2414 4990 nedum

401 5005 533 5069 auditur
554 5008 589 5070 in
610 5007 667 5070 eo?
696 5009 765 5089 ana
785 5010 905 5074 ratione
926 5011 1095 5093 distinquit
1115 5012 1179 5075 alio
1201 5010 1262 5075 loco
1285 5008 1375 5094 (ibid
1431 5030 1649 5093 supervacuas
1678 5012 1747 5075 fore
1776 5011 1950 5095 eolligunt,
1981 5010 2099 5092 quibus
2127 5010 2250 5093 petitur
2277 5018 2317 5073 ut
2339 5011 2414 5076 Do-

402 5093 453 5168 28,
474 5095 522 5155 21.
544 5091 600 5175 28)
628 5093 709 5156 iuter
735 5097 924 5176 sapientiam
951 5117 1032 5177 qnae
1052 5116 1149 5177 penes
1172 5095 1276 5162 Deum
1299 5096 1377 5160 resi·
1430 5098 1540 5159 minus
1568 5096 1745 5179 prospiciat
1772 5097 1813 5162 iis
1842 5119 1927 5179 quae
1949 5098 2015 5160 iam
2037 5095 2078 5160 ab
2101 5105 2233 5161 aeterno
2255 5095 2413 5163 decrevit

400 5178 463 5255 det,
487 5183 515 5242 et
536 5178 681 5258 sapiercdi
707 5181 832 5244 modum
856 5202 947 5262 quern
968 5181 1143 5248 hominibus
1158 5183 1376 5264 praescripsit.
1430 5183 1470 5246 In
1494 5202 1631 5258 summa,
1655 5181 1765 5245 omnia
1786 5203 1869 5264 quae
1891 5184 1925 5247 in
1946 5191 2115 5265 posterum
2136 5182 2310 5264 capiuntur
2332 5202 2414 5247 con-

402 5262 490 5327 Nom
510 5263 565 5328 ubi
588 5263 624 5328 dc
646 5269 778 5329 notmm
799 5267 929 5330 arcanis
950 5268 1145 5333 mmionotns
1167 5275 1225 5346 cst,
1254 5269 1378 5348 sapien-
1430 5268 1503 5333 silia
1528 5266 1664 5346 tollunt,
1692 5267 1826 5350 perinde
1860 5290 1897 5334 ac
1922 5269 1987 5334 Dei
2010 5267 2236 5351 providentiae
2259 5266 2413 5350 adversa,

400 5350 478 5412 tiam
499 5351 576 5414 dicit
597 5349 656 5416 soli
674 5349 742 5415 Deo
763 5371 829 5415 esse
848 5353 1137 5437 coquitam‚‹fuqere
1153 5361 1258 5419 annm
1276 5354 1378 5418 culos
1433 5372 1656 5415 ..,-.-·

400 5436 541 5500 mnium
561 5437 737 5534 'liventium'
774 5435 835 5501 sed
851 5438 1041 5537 pompm
1061 5440 1196 5538 mihim
1214 5440 1377 5538 mimam
1499 5488 1528 5555 1)
1546 5489 1620 5542 Libr.
1633 5489 1674 5543 83.
1689 5499 1825 5559 quaesta.
1840 5450 1883 5544 hl.
1936 5490 1966 5555 2)
1984 5489 2056 5543 Aoo.
2073 5508 2154 5558 qnam
2170 5490 2415 5562 immoritoexagi-

400 5539 472 5615 ⁶5³⁶*
498 5526 533 5584 ul
564 5527 781 5618 invertuntur,
795 5608 801 5620 ,
814 5543 891 5603 lm
922 5524 1039 5590 dodum
1068 5531 1110 5591 Sil
1137 5526 1286 5623 limnmls·
1304 5545 1375 5623 ‘W’
1429 5565 1489 5611 tant
1507 5561 1633 5627 perversi
1650 5560 1785 5626 homines,
1808 5562 1882 5629 quod
1903 5578 1935 5613 ea
1959 5559 2068 5627 quidam
2089 5576 2234 5628 perperam
2250 5559 2414 5616 abutantur.

400 5609 494 5668 timor
516 5605 579 5670 Dec
600 5612 645 5670 est
664 5613 831 5688 sapientia.
877 5608 949 5674 Huc
975 5617 1090 5691 spectat
1111 5611 1286 5694 Anqustvm
1310 5611 1375 5676 dro-
1430 5625 1611 5682 1561-1585.
