<?xml version="1.0" encoding="UTF-8"?>
<!DOCTYPE html PUBLIC "-//W3C//DTD XHTML 1.0 Transitional//EN"
    "http://www.w3.org/TR/xhtml1/DTD/xhtml1-transitional.dtd">
<html xmlns="http://www.w3.org/1999/xhtml" xml:lang="en" lang="en">
 <head>
  <title>
</title>
<meta http-equiv="Content-Type" content="text/html;charset=utf-8" />
  <meta name='ocr-system' content='tesseract 3.04.00' />
  <meta name='ocr-capabilities' content='ocr_page ocr_carea ocr_par ocr_line ocrx_word'/>
</head>
<body>
  <div class='ocr_page' id='page_1' title='image "./ioanniscalvinio10calvgoog/ioanniscalvinio10calvgoog_0129.png"; bbox 0 0 5600 6809; ppageno 0'>
   <div class='ocr_carea' id='block_1_1' title="bbox 602 728 2596 801">
    <p class='ocr_par' dir='ltr' id='par_1_1' title="bbox 602 728 2596 801">
     <span class='ocr_line' id='line_1_1' title="bbox 602 728 2596 801; baseline -0.002 0"><span class='ocrx_word' id='word_1_1' title='bbox 602 739 665 801; x_wconf 85' lang='grc'><strong>267</strong></span> <span class='ocrx_word' id='word_1_2' title='bbox 1252 728 1518 797; x_wconf 72' lang='lat' dir='ltr'><strong>maritume</strong></span> <span class='ocrx_word' id='word_1_3' title='bbox 1542 732 1648 799; x_wconf 83' lang='lat' dir='ltr'><strong>REL.</strong></span> <span class='ocrx_word' id='word_1_4' title='bbox 1671 728 1852 798; x_wconf 80' lang='lat' dir='ltr'>CHRIS&#39;P.</span> <span class='ocrx_word' id='word_1_5' title='bbox 1880 737 1971 796; x_wconf 78' lang='lat'><strong>1559.</strong></span> <span class='ocrx_word' id='word_1_6' title='bbox 2552 736 2596 798; x_wconf 88' lang='grc'><strong>26</strong></span> 
     </span>
    </p>
   </div>
   <div class='ocr_carea' id='block_1_2' title="bbox 544 919 2598 5557">
    <p class='ocr_par' dir='ltr' id='par_1_2' title="bbox 544 919 2598 5557">
     <span class='ocr_line' id='line_1_2' title="bbox 597 919 2598 1008; baseline -0 -18"><span class='ocrx_word' id='word_1_7' title='bbox 597 923 712 1008; x_wconf 88' lang='lat' dir='ltr'><strong>regula</strong></span> <span class='ocrx_word' id='word_1_8' title='bbox 733 922 843 1008; x_wconf 83' lang='lat' dir='ltr'><strong>(euius</strong></span> <span class='ocrx_word' id='word_1_9' title='bbox 865 921 1055 987; x_wconf 76' lang='lat' dir='ltr'><strong>rectitudini</strong></span> <span class='ocrx_word' id='word_1_10' title='bbox 1076 921 1246 1005; x_wconf 79' lang='lat' dir='ltr'><strong>ingenium</strong></span> <span class='ocrx_word' id='word_1_11' title='bbox 1262 928 1421 998; x_wconf 90' lang='lat' dir='ltr'><strong>nostrum,</strong></span> <span class='ocrx_word' id='word_1_12' title='bbox 1445 925 1483 982; x_wconf 90' lang='lat' dir='ltr'><strong>ut</strong></span> <span class='ocrx_word' id='word_1_13' title='bbox 1503 941 1579 1003; x_wconf 90' lang='lat' dir='ltr'><strong>pra·</strong></span> <span class='ocrx_word' id='word_1_14' title='bbox 1638 921 1675 984; x_wconf 93' lang='lat' dir='ltr'><strong>in</strong></span> <span class='ocrx_word' id='word_1_15' title='bbox 1691 920 1797 984; x_wconf 80' lang='lat' dir='ltr'><strong>nostri</strong></span> <span class='ocrx_word' id='word_1_16' title='bbox 1813 919 1918 1002; x_wconf 90' lang='lat' dir='ltr'><strong>patris</strong></span> <span class='ocrx_word' id='word_1_17' title='bbox 1935 920 2135 1003; x_wconf 76' lang='lat' dir='ltr'><strong>obsequium,</strong></span> <span class='ocrx_word' id='word_1_18' title='bbox 2158 941 2227 985; x_wconf 93' lang='lat' dir='ltr'><strong>non</strong></span> <span class='ocrx_word' id='word_1_19' title='bbox 2249 928 2299 985; x_wconf 88' lang='lat' dir='ltr'><strong>est</strong></span> <span class='ocrx_word' id='word_1_20' title='bbox 2315 942 2374 986; x_wconf 87' lang='lat' dir='ltr'><strong>our</strong></span> <span class='ocrx_word' id='word_1_21' title='bbox 2391 921 2598 989; x_wconf 75' lang='lat' dir='ltr'><strong>necessitates</strong></span> 
     </span>
     <span class='ocr_line' id='line_1_3' title="bbox 597 1003 2598 1090; baseline -0.001 -13"><span class='ocrx_word' id='word_1_22' title='bbox 597 1032 677 1077; x_wconf 89' lang='lat' dir='ltr'><strong>vum</strong></span> <span class='ocrx_word' id='word_1_23' title='bbox 699 1017 749 1072; x_wconf 90' lang='lat' dir='ltr'><strong>est</strong></span> <span class='ocrx_word' id='word_1_24' title='bbox 770 1016 804 1074; x_wconf 89' lang='lat' dir='ltr'><strong>et</strong></span> <span class='ocrx_word' id='word_1_25' title='bbox 821 1013 1015 1085; x_wconf 86' lang='lat' dir='ltr'><strong>contortum,</strong></span> <span class='ocrx_word' id='word_1_26' title='bbox 1039 1014 1195 1090; x_wconf 90' lang='lat' dir='ltr'><strong>perpetuo</strong></span> <span class='ocrx_word' id='word_1_27' title='bbox 1215 1003 1417 1082; x_wconf 87' lang='lat' dir='ltr'><strong>adversatur,</strong></span> <span class='ocrx_word' id='word_1_28' title='bbox 1441 1015 1475 1070; x_wconf 93' lang='lat' dir='ltr'><strong>et</strong></span> <span class='ocrx_word' id='word_1_29' title='bbox 1493 1005 1580 1070; x_wconf 85' lang='lat' dir='ltr'><strong>infra</strong></span> <span class='ocrx_word' id='word_1_30' title='bbox 1638 1028 1696 1088; x_wconf 90' lang='lat' dir='ltr'><strong>pro</strong></span> <span class='ocrx_word' id='word_1_31' title='bbox 1718 1005 1906 1070; x_wconf 82' lang='lat' dir='ltr'><strong>defensione</strong></span> <span class='ocrx_word' id='word_1_32' title='bbox 1928 1028 2107 1086; x_wconf 89' lang='lat' dir='ltr'><strong>causemur,</strong></span> <span class='ocrx_word' id='word_1_33' title='bbox 2130 1008 2224 1072; x_wconf 91' lang='lat' dir='ltr'><strong>cuius</strong></span> <span class='ocrx_word' id='word_1_34' title='bbox 2245 1007 2371 1072; x_wconf 89' lang='lat' dir='ltr'><strong>malum</strong></span> <span class='ocrx_word' id='word_1_35' title='bbox 2393 1017 2426 1073; x_wconf 92' lang='lat' dir='ltr'><strong>et</strong></span> <span class='ocrx_word' id='word_1_36' title='bbox 2447 1009 2537 1072; x_wconf 89' lang='lat' dir='ltr'><strong>intra</strong></span> <span class='ocrx_word' id='word_1_37' title='bbox 2559 1028 2598 1074; x_wconf 78' lang='lat' dir='ltr'><strong>nc</strong></span> 
     </span>
     <span class='ocr_line' id='line_1_4' title="bbox 598 1091 2119 1176; baseline -0.003 -14"><span class='ocrx_word' id='word_1_38' title='bbox 598 1096 691 1162; x_wconf 90' lang='lat' dir='ltr'><strong>cuius</strong></span> <span class='ocrx_word' id='word_1_39' title='bbox 712 1094 946 1176; x_wconf 77' lang='lat' dir='ltr'><strong>perfectionem</strong></span> <span class='ocrx_word' id='word_1_40' title='bbox 967 1093 1106 1159; x_wconf 76' lang='lat' dir='ltr'><strong>facultas</strong></span> <span class='ocrx_word' id='word_1_41' title='bbox 1129 1099 1256 1168; x_wconf 88' lang='lat' dir='ltr'><strong>nostra,</strong></span> <span class='ocrx_word' id='word_1_42' title='bbox 1285 1100 1323 1154; x_wconf 94' lang='lat' dir='ltr'><strong>ut</strong></span> <span class='ocrx_word' id='word_1_43' title='bbox 1343 1091 1507 1157; x_wconf 88' lang='lat' dir='ltr'><strong>imbecilla</strong></span> <span class='ocrx_word' id='word_1_44' title='bbox 1529 1100 1580 1156; x_wconf 89' lang='lat' dir='ltr'><strong>cst</strong></span> <span class='ocrx_word' id='word_1_45' title='bbox 1637 1100 1688 1156; x_wconf 90' lang='lat' dir='ltr'><strong>est</strong></span> <span class='ocrx_word' id='word_1_46' title='bbox 1709 1099 1742 1155; x_wconf 89' lang='grc' dir='ltr'><strong>θῖ</strong></span> <span class='ocrx_word' id='word_1_47' title='bbox 1762 1091 1857 1156; x_wconf 90' lang='lat' dir='ltr'><strong>nobis</strong></span> <span class='ocrx_word' id='word_1_48' title='bbox 1879 1093 2119 1175; x_wconf 90' lang='lat' dir='ltr'><strong>imputandum.</strong></span> 
     </span>
     <span class='ocr_line' id='line_1_5' title="bbox 596 1175 2598 1263; baseline -0.001 -16"><span class='ocrx_word' id='word_1_49' title='bbox 596 1180 689 1248; x_wconf 87' lang='lat' dir='ltr'><strong>etad</strong></span> <span class='ocrx_word' id='word_1_50' title='bbox 707 1181 832 1245; x_wconf 91' lang='lat' dir='ltr'><strong>bonum</strong></span> <span class='ocrx_word' id='word_1_51' title='bbox 851 1185 1016 1258; x_wconf 87' lang='lat' dir='ltr'><strong>enervata,</strong></span> <span class='ocrx_word' id='word_1_52' title='bbox 1035 1177 1148 1261; x_wconf 91' lang='lat' dir='ltr'><strong>procul</strong></span> <span class='ocrx_word' id='word_1_53' title='bbox 1164 1175 1264 1261; x_wconf 89' lang='lat' dir='ltr'><strong>iacet)</strong></span> <span class='ocrx_word' id='word_1_54' title='bbox 1277 1183 1349 1240; x_wconf 87' lang='lat' dir='ltr'><strong>turn</strong></span> <span class='ocrx_word' id='word_1_55' title='bbox 1370 1177 1580 1259; x_wconf 84' lang='lat' dir='ltr'><strong>impotentiae</strong></span> <span class='ocrx_word' id='word_1_56' title='bbox 1725 1181 1753 1241; x_wconf 88' lang='lat'><strong>3.</strong></span> <span class='ocrx_word' id='word_1_57' title='bbox 1799 1177 1865 1243; x_wconf 91' lang='lat' dir='ltr'><strong>Ubi</strong></span> <span class='ocrx_word' id='word_1_58' title='bbox 1895 1177 1961 1244; x_wconf 90' lang='lat' dir='ltr'><strong>huc</strong></span> <span class='ocrx_word' id='word_1_59' title='bbox 1986 1199 2091 1262; x_wconf 90' lang='lat' dir='ltr'><strong>usque</strong></span> <span class='ocrx_word' id='word_1_60' title='bbox 2119 1199 2178 1261; x_wconf 91' lang='lat' dir='ltr'><strong>per</strong></span> <span class='ocrx_word' id='word_1_61' title='bbox 2200 1177 2283 1262; x_wconf 87' lang='lat' dir='ltr'><strong>legis</strong></span> <span class='ocrx_word' id='word_1_62' title='bbox 2304 1178 2487 1245; x_wconf 81' lang='lat' dir='ltr'><strong>doctrinam</strong></span> <span class='ocrx_word' id='word_1_63' title='bbox 2509 1180 2598 1263; x_wconf 80' lang='lat' dir='ltr'><strong>profe</strong></span> 
     </span>
     <span class='ocr_line' id='line_1_6' title="bbox 597 1263 2598 1347; baseline -0.001 -14"><span class='ocrx_word' id='word_1_64' title='bbox 597 1290 670 1345; x_wconf 90' lang='lat' dir='ltr'><strong>uos,</strong></span> <span class='ocrx_word' id='word_1_65' title='bbox 699 1273 771 1330; x_wconf 91' lang='lat' dir='ltr'><strong>tum</strong></span> <span class='ocrx_word' id='word_1_66' title='bbox 798 1266 978 1330; x_wconf 86' lang='lat' dir='ltr'><strong>iniustitiae</strong></span> <span class='ocrx_word' id='word_1_67' title='bbox 1006 1265 1124 1347; x_wconf 89' lang='lat' dir='ltr'><strong>arguit.</strong></span> <span class='ocrx_word' id='word_1_68' title='bbox 1170 1264 1276 1326; x_wconf 90' lang='lat' dir='ltr'><strong>Porro</strong></span> <span class='ocrx_word' id='word_1_69' title='bbox 1299 1263 1380 1328; x_wconf 83' lang='lat' dir='ltr'><strong>haec</strong></span> <span class='ocrx_word' id='word_1_70' title='bbox 1401 1263 1474 1346; x_wconf 88' lang='lat' dir='ltr'><strong>ipsa</strong></span> <span class='ocrx_word' id='word_1_71' title='bbox 1497 1284 1581 1346; x_wconf 91' lang='lat' dir='ltr'><strong>quae</strong></span> <span class='ocrx_word' id='word_1_72' title='bbox 1638 1264 1793 1341; x_wconf 79' lang='lat' dir='ltr'><strong>terimus,</strong></span> <span class='ocrx_word' id='word_1_73' title='bbox 1824 1272 1895 1327; x_wconf 91' lang='lat' dir='ltr'><strong>tum</strong></span> <span class='ocrx_word' id='word_1_74' title='bbox 1923 1263 1966 1330; x_wconf 90' lang='lat' dir='ltr'><strong>ad</strong></span> <span class='ocrx_word' id='word_1_75' title='bbox 1986 1285 2062 1343; x_wconf 91' lang='lat' dir='ltr'><strong>nos,</strong></span> <span class='ocrx_word' id='word_1_76' title='bbox 2095 1263 2210 1329; x_wconf 90' lang='lat' dir='ltr'><strong>eadem</strong></span> <span class='ocrx_word' id='word_1_77' title='bbox 2241 1264 2391 1343; x_wconf 90' lang='lat' dir='ltr'><strong>docente,</strong></span> <span class='ocrx_word' id='word_1_78' title='bbox 2421 1263 2598 1331; x_wconf 79' lang='lat' dir='ltr'><strong>descendet</strong></span> 
     </span>
     <span class='ocr_line' id='line_1_7' title="bbox 597 1348 2598 1434; baseline -0 -16"><span class='ocrx_word' id='word_1_79' title='bbox 597 1376 640 1418; x_wconf 88' lang='lat' dir='ltr'><strong>ex</strong></span> <span class='ocrx_word' id='word_1_80' title='bbox 672 1352 795 1416; x_wconf 80' lang='lat' dir='ltr'><strong>dachas</strong></span> <span class='ocrx_word' id='word_1_81' title='bbox 832 1351 949 1416; x_wconf 77' lang='lat' dir='ltr'><strong>tabulis</strong></span> <span class='ocrx_word' id='word_1_82' title='bbox 986 1348 1139 1415; x_wconf 88' lang='lat' dir='ltr'><strong>discenda</strong></span> <span class='ocrx_word' id='word_1_83' title='bbox 1153 1350 1177 1434; x_wconf 90' lang='lat'><strong>¹)</strong></span> <span class='ocrx_word' id='word_1_84' title='bbox 1210 1355 1301 1427; x_wconf 89' lang='lat' dir='ltr'><strong>suut,</strong></span> <span class='ocrx_word' id='word_1_85' title='bbox 1342 1348 1580 1430; x_wconf 90' lang='lat' dir='ltr'><strong>quodammodo</strong></span> <span class='ocrx_word' id='word_1_86' title='bbox 1637 1356 1780 1431; x_wconf 89' lang='lat' dir='ltr'><strong>oportet,</strong></span> <span class='ocrx_word' id='word_1_87' title='bbox 1811 1348 1898 1414; x_wconf 90' lang='lat' dir='ltr'><strong>unde</strong></span> <span class='ocrx_word' id='word_1_88' title='bbox 1921 1349 2056 1415; x_wconf 90' lang='lat' dir='ltr'><strong>tandem</strong></span> <span class='ocrx_word' id='word_1_89' title='bbox 2077 1349 2143 1415; x_wconf 94' lang='lat' dir='ltr'><strong>duo</strong></span> <span class='ocrx_word' id='word_1_90' title='bbox 2165 1351 2360 1415; x_wconf 89' lang='lat' dir='ltr'><strong>referamus:</strong></span> <span class='ocrx_word' id='word_1_91' title='bbox 2384 1351 2543 1432; x_wconf 89' lang='lat' dir='ltr'><strong>primum,</strong></span> <span class='ocrx_word' id='word_1_92' title='bbox 2567 1351 2598 1417; x_wconf 89' lang='lat' dir='ltr'><strong>iu</strong></span> 
     </span>
     <span class='ocr_line' id='line_1_8' title="bbox 597 1435 2598 1521; baseline 0 -17"><span class='ocrx_word' id='word_1_93' title='bbox 597 1438 693 1504; x_wconf 90' lang='lat' dir='ltr'><strong>nobis</strong></span> <span class='ocrx_word' id='word_1_94' title='bbox 716 1436 817 1502; x_wconf 90' lang='lat' dir='ltr'><strong>dictat</strong></span> <span class='ocrx_word' id='word_1_95' title='bbox 837 1438 893 1501; x_wconf 90' lang='lat' dir='ltr'><strong>lex</strong></span> <span class='ocrx_word' id='word_1_96' title='bbox 915 1436 1008 1520; x_wconf 73' lang='lat' dir='ltr'><strong>illa2)</strong></span> <span class='ocrx_word' id='word_1_97' title='bbox 1030 1436 1182 1512; x_wconf 90' lang='lat' dir='ltr'><strong>interior,</strong></span> <span class='ocrx_word' id='word_1_98' title='bbox 1211 1455 1311 1516; x_wconf 92' lang='lat' dir='ltr'><strong>quam</strong></span> <span class='ocrx_word' id='word_1_99' title='bbox 1333 1435 1481 1499; x_wconf 91' lang='lat' dir='ltr'><strong>omnium</strong></span> <span class='ocrx_word' id='word_1_100' title='bbox 1509 1457 1580 1500; x_wconf 90' lang='lat' dir='ltr'><strong>eor-</strong></span> <span class='ocrx_word' id='word_1_101' title='bbox 1637 1435 1762 1500; x_wconf 91' lang='lat' dir='ltr'><strong>stitiam</strong></span> <span class='ocrx_word' id='word_1_102' title='bbox 1778 1435 1862 1518; x_wconf 89' lang='lat' dir='ltr'><strong>legis</strong></span> <span class='ocrx_word' id='word_1_103' title='bbox 1884 1457 1959 1500; x_wconf 90' lang='lat' dir='ltr'><strong>cum</strong></span> <span class='ocrx_word' id='word_1_104' title='bbox 1975 1436 2045 1501; x_wconf 85' lang='lat' dir='ltr'><strong>vita</strong></span> <span class='ocrx_word' id='word_1_105' title='bbox 2061 1443 2175 1500; x_wconf 89' lang='lat' dir='ltr'><strong>nostra</strong></span> <span class='ocrx_word' id='word_1_106' title='bbox 2192 1435 2420 1518; x_wconf 88' lang='lat' dir='ltr'><strong>comparando,</strong></span> <span class='ocrx_word' id='word_1_107' title='bbox 2444 1435 2541 1521; x_wconf 89' lang='lat' dir='ltr'><strong>longe</strong></span> <span class='ocrx_word' id='word_1_108' title='bbox 2560 1437 2598 1505; x_wconf 87' lang='lat' dir='ltr'><strong>ab</strong></span> 
     </span>
     <span class='ocr_line' id='line_1_9' title="bbox 582 1520 2598 1608; baseline 0 -20"><span class='ocrx_word' id='word_1_109' title='bbox 582 1524 695 1589; x_wconf 81' lang='lat' dir='ltr'><strong>&#39;dibus</strong></span> <span class='ocrx_word' id='word_1_110' title='bbox 724 1525 915 1605; x_wconf 89' lang='lat' dir='ltr'><strong>inscriptam</strong></span> <span class='ocrx_word' id='word_1_111' title='bbox 943 1530 976 1585; x_wconf 91' lang='lat' dir='ltr'><strong>et</strong></span> <span class='ocrx_word' id='word_1_112' title='bbox 1003 1521 1096 1603; x_wconf 85' lang='lat' dir='ltr'><strong>quasi</strong></span> <span class='ocrx_word' id='word_1_113' title='bbox 1117 1521 1313 1608; x_wconf 82' lang='lat' dir='ltr'><strong>impressam</strong></span> <span class='ocrx_word' id='word_1_114' title='bbox 1333 1521 1485 1603; x_wconf 88' lang='lat' dir='ltr'><strong>superius</strong></span> <span class='ocrx_word' id='word_1_115' title='bbox 1512 1520 1580 1587; x_wconf 86' lang='lat' dir='ltr'><strong>dic-</strong></span> <span class='ocrx_word' id='word_1_116' title='bbox 1637 1542 1707 1586; x_wconf 89' lang='lat' dir='ltr'><strong>esse</strong></span> <span class='ocrx_word' id='word_1_117' title='bbox 1731 1521 1811 1602; x_wconf 90' lang='lat' dir='ltr'><strong>quin</strong></span> <span class='ocrx_word' id='word_1_118' title='bbox 1832 1521 1897 1586; x_wconf 90' lang='lat' dir='ltr'><strong>Dei</strong></span> <span class='ocrx_word' id='word_1_119' title='bbox 1918 1521 2080 1586; x_wconf 84' lang='lat' dir='ltr'><strong>voluntati</strong></span> <span class='ocrx_word' id='word_1_120' title='bbox 2102 1521 2372 1604; x_wconf 84' lang='lat' dir='ltr'><strong>respondeamus,</strong></span> <span class='ocrx_word' id='word_1_121' title='bbox 2401 1521 2538 1605; x_wconf 89' lang='lat' dir='ltr'><strong>ideoque</strong></span> <span class='ocrx_word' id='word_1_122' title='bbox 2565 1523 2598 1589; x_wconf 90' lang='lat' dir='ltr'><strong>in</strong></span> 
     </span>
     <span class='ocr_line' id='line_1_10' title="bbox 598 1606 2598 1690; baseline 0 -16"><span class='ocrx_word' id='word_1_123' title='bbox 598 1617 670 1674; x_wconf 91' lang='lat' dir='ltr'><strong>tum</strong></span> <span class='ocrx_word' id='word_1_124' title='bbox 694 1617 751 1674; x_wconf 91' lang='lat' dir='ltr'><strong>est.</strong></span> <span class='ocrx_word' id='word_1_125' title='bbox 797 1609 873 1673; x_wconf 91' lang='lat' dir='ltr'><strong>Non</strong></span> <span class='ocrx_word' id='word_1_126' title='bbox 898 1608 986 1672; x_wconf 91' lang='lat' dir='ltr'><strong>enim</strong></span> <span class='ocrx_word' id='word_1_127' title='bbox 1012 1608 1091 1671; x_wconf 90' lang='lat' dir='ltr'><strong>sinit</strong></span> <span class='ocrx_word' id='word_1_128' title='bbox 1117 1628 1177 1672; x_wconf 91' lang='lat' dir='ltr'><strong>nos</strong></span> <span class='ocrx_word' id='word_1_129' title='bbox 1204 1614 1400 1689; x_wconf 90' lang='lat' dir='ltr'><strong>perpetuum</strong></span> <span class='ocrx_word' id='word_1_130' title='bbox 1428 1628 1580 1671; x_wconf 92' lang='lat' dir='ltr'><strong>somnum</strong></span> <span class='ocrx_word' id='word_1_131' title='bbox 1637 1606 1754 1690; x_wconf 88' lang='lat' dir='ltr'><strong>dignos</strong></span> <span class='ocrx_word' id='word_1_132' title='bbox 1783 1627 1867 1686; x_wconf 89' lang='lat' dir='ltr'><strong>esse,</strong></span> <span class='ocrx_word' id='word_1_133' title='bbox 1902 1608 1957 1689; x_wconf 91' lang='lat' dir='ltr'><strong>qui</strong></span> <span class='ocrx_word' id='word_1_134' title='bbox 1984 1607 2092 1674; x_wconf 90' lang='lat' dir='ltr'><strong>locum</strong></span> <span class='ocrx_word' id='word_1_135' title='bbox 2119 1616 2269 1672; x_wconf 90' lang='lat' dir='ltr'><strong>nostrum</strong></span> <span class='ocrx_word' id='word_1_136' title='bbox 2299 1609 2500 1672; x_wconf 86' lang='lat' dir='ltr'><strong>retineamus</strong></span> <span class='ocrx_word' id='word_1_137' title='bbox 2527 1609 2598 1674; x_wconf 85' lang='lat' dir='ltr'><strong>ints</strong></span> 
     </span>
     <span class='ocr_line' id='line_1_11' title="bbox 600 1692 2598 1775; baseline 0 -15"><span class='ocrx_word' id='word_1_138' title='bbox 600 1698 671 1760; x_wconf 89' lang='lat' dir='ltr'><strong>sine</strong></span> <span class='ocrx_word' id='word_1_139' title='bbox 700 1716 798 1760; x_wconf 87' lang='lat' dir='ltr'><strong>sensu</strong></span> <span class='ocrx_word' id='word_1_140' title='bbox 826 1693 969 1757; x_wconf 90' lang='lat' dir='ltr'><strong>dormire</strong></span> <span class='ocrx_word' id='word_1_141' title='bbox 996 1700 1111 1756; x_wconf 88' lang='lat' dir='ltr'><strong>nostra</strong></span> <span class='ocrx_word' id='word_1_142' title='bbox 1139 1692 1351 1771; x_wconf 88' lang='lat' dir='ltr'><strong>conscientia,</strong></span> <span class='ocrx_word' id='word_1_143' title='bbox 1386 1694 1466 1775; x_wconf 93' lang='lat' dir='ltr'><strong>quin</strong></span> <span class='ocrx_word' id='word_1_144' title='bbox 1491 1694 1580 1758; x_wconf 91' lang='lat' dir='ltr'><strong>intus</strong></span> <span class='ocrx_word' id='word_1_145' title='bbox 1636 1693 1707 1757; x_wconf 91' lang='lat' dir='ltr'><strong>eius</strong></span> <span class='ocrx_word' id='word_1_146' title='bbox 1725 1699 1901 1771; x_wconf 88' lang='lat' dir='ltr'><strong>creaturas,</strong></span> <span class='ocrx_word' id='word_1_147' title='bbox 1924 1692 2047 1761; x_wconf 88' lang='lat' dir='ltr'><strong>nedum</strong></span> <span class='ocrx_word' id='word_1_148' title='bbox 2063 1695 2151 1758; x_wconf 90' lang='lat' dir='ltr'><strong>inter</strong></span> <span class='ocrx_word' id='word_1_149' title='bbox 2167 1694 2251 1759; x_wconf 90' lang='lat' dir='ltr'><strong>filios</strong></span> <span class='ocrx_word' id='word_1_150' title='bbox 2269 1713 2475 1774; x_wconf 89' lang='lat' dir='ltr'><strong>eenseamur;</strong></span> <span class='ocrx_word' id='word_1_151' title='bbox 2497 1693 2598 1760; x_wconf 88' lang='lat' dir='ltr'><strong>deind</strong></span> 
     </span>
     <span class='ocr_line' id='line_1_12' title="bbox 544 1775 2598 1863; baseline -0 -17"><span class='ocrx_word' id='word_1_152' title='bbox 544 1796 550 1810; x_wconf 69' lang='lat'><em>¹</em></span> <span class='ocrx_word' id='word_1_153' title='bbox 599 1783 695 1846; x_wconf 87' lang='lat' dir='ltr'><strong>testis</strong></span> <span class='ocrx_word' id='word_1_154' title='bbox 729 1782 772 1845; x_wconf 88' lang='lat' dir='ltr'><strong>sit</strong></span> <span class='ocrx_word' id='word_1_155' title='bbox 804 1801 842 1844; x_wconf 91' lang='lat' dir='ltr'><strong>ac</strong></span> <span class='ocrx_word' id='word_1_156' title='bbox 874 1779 1030 1843; x_wconf 79' lang='lat' dir='ltr'><strong>monitrix</strong></span> <span class='ocrx_word' id='word_1_157' title='bbox 1062 1800 1175 1843; x_wconf 88' lang='lat' dir='ltr'><strong>eorum</strong></span> <span class='ocrx_word' id='word_1_158' title='bbox 1206 1800 1289 1861; x_wconf 90' lang='lat' dir='ltr'><strong>quae</strong></span> <span class='ocrx_word' id='word_1_159' title='bbox 1316 1779 1388 1843; x_wconf 90' lang='lat' dir='ltr'><strong>Deo</strong></span> <span class='ocrx_word' id='word_1_160' title='bbox 1415 1777 1580 1858; x_wconf 88' lang='lat' dir='ltr'><strong>debemus,</strong></span> <span class='ocrx_word' id='word_1_161' title='bbox 1637 1778 1725 1843; x_wconf 88' lang='lat' dir='ltr'><strong>vires</strong></span> <span class='ocrx_word' id='word_1_162' title='bbox 1746 1784 1875 1843; x_wconf 88' lang='lat' dir='ltr'><strong>nostras</strong></span> <span class='ocrx_word' id='word_1_163' title='bbox 1898 1777 2095 1862; x_wconf 88' lang='lat' dir='ltr'><strong>reputando,</strong></span> <span class='ocrx_word' id='word_1_164' title='bbox 2125 1775 2354 1863; x_wconf 82' lang='lat' dir='ltr'><strong>adimplendae</strong></span> <span class='ocrx_word' id='word_1_165' title='bbox 2375 1779 2441 1863; x_wconf 87' lang='lat' dir='ltr'><strong>legi</strong></span> <span class='ocrx_word' id='word_1_166' title='bbox 2464 1800 2533 1844; x_wconf 92' lang='lat' dir='ltr'><strong>non</strong></span> <span class='ocrx_word' id='word_1_167' title='bbox 2553 1781 2598 1845; x_wconf 90' lang='lat' dir='ltr'><strong>im</strong></span> 
     </span>
     <span class='ocr_line' id='line_1_13' title="bbox 601 1863 2598 1951; baseline 0.001 -20"><span class='ocrx_word' id='word_1_168' title='bbox 601 1867 680 1950; x_wconf 91' lang='lat' dir='ltr'><strong>quin</strong></span> <span class='ocrx_word' id='word_1_169' title='bbox 706 1867 783 1930; x_wconf 91' lang='lat' dir='ltr'><strong>boni</strong></span> <span class='ocrx_word' id='word_1_170' title='bbox 811 1879 844 1928; x_wconf 90' lang='lat' dir='ltr'><strong>et</strong></span> <span class='ocrx_word' id='word_1_171' title='bbox 872 1865 951 1930; x_wconf 91' lang='lat' dir='ltr'><strong>mali</strong></span> <span class='ocrx_word' id='word_1_172' title='bbox 981 1864 1158 1930; x_wconf 87' lang='lat' dir='ltr'><strong>discrimen</strong></span> <span class='ocrx_word' id='word_1_173' title='bbox 1186 1864 1280 1930; x_wconf 91' lang='lat' dir='ltr'><strong>nobis</strong></span> <span class='ocrx_word' id='word_1_174' title='bbox 1309 1863 1454 1941; x_wconf 86' lang='lat' dir='ltr'><strong>obiiciat,</strong></span> <span class='ocrx_word' id='word_1_175' title='bbox 1484 1872 1581 1947; x_wconf 90' lang='lat' dir='ltr'><strong>atque</strong></span> <span class='ocrx_word' id='word_1_176' title='bbox 1634 1885 1731 1945; x_wconf 90' lang='lat' dir='ltr'><strong>pares</strong></span> <span class='ocrx_word' id='word_1_177' title='bbox 1754 1863 1850 1928; x_wconf 92' lang='lat' dir='ltr'><strong>modo</strong></span> <span class='ocrx_word' id='word_1_178' title='bbox 1873 1886 2030 1944; x_wconf 81' lang='lat' dir='ltr'><strong>essessa,</strong></span> <span class='ocrx_word' id='word_1_179' title='bbox 2053 1865 2266 1951; x_wconf 89' lang='lat' dir='ltr'><strong>sedprorsus</strong></span> <span class='ocrx_word' id='word_1_180' title='bbox 2286 1865 2404 1930; x_wconf 90' lang='lat' dir='ltr'><strong>nullas.</strong></span> <span class='ocrx_word' id='word_1_181' title='bbox 2445 1865 2535 1932; x_wconf 89' lang='lat' dir='ltr'><strong>Hine</strong></span> <span class='ocrx_word' id='word_1_182' title='bbox 2558 1887 2598 1933; x_wconf 77' lang='lat' dir='ltr'><strong>ne</strong></span> 
     </span>
     <span class='ocr_line' id='line_1_14' title="bbox 600 1949 2598 2034; baseline 0.002 -18"><span class='ocrx_word' id='word_1_183' title='bbox 600 1953 647 2016; x_wconf 91' lang='lat' dir='ltr'><strong>ita</strong></span> <span class='ocrx_word' id='word_1_184' title='bbox 668 1973 728 2017; x_wconf 90' lang='lat' dir='ltr'><strong>nos</strong></span> <span class='ocrx_word' id='word_1_185' title='bbox 750 1960 879 2016; x_wconf 87' lang='lat' dir='ltr'><strong>accuset</strong></span> <span class='ocrx_word' id='word_1_186' title='bbox 897 1951 975 2015; x_wconf 93' lang='lat' dir='ltr'><strong>dum</strong></span> <span class='ocrx_word' id='word_1_187' title='bbox 999 1951 1039 2015; x_wconf 88' lang='lat' dir='ltr'><strong>ab</strong></span> <span class='ocrx_word' id='word_1_188' title='bbox 1062 1951 1168 2016; x_wconf 88' lang='lat' dir='ltr'><strong>officio</strong></span> <span class='ocrx_word' id='word_1_189' title='bbox 1191 1949 1396 2015; x_wconf 86' lang='lat' dir='ltr'><strong>discedimus.</strong></span> <span class='ocrx_word' id='word_1_190' title='bbox 1442 1951 1580 2030; x_wconf 89' lang='lat' dir='ltr'><strong>Verum,</strong></span> <span class='ocrx_word' id='word_1_191' title='bbox 1634 1950 1776 2014; x_wconf 90' lang='lat' dir='ltr'><strong>cessario</strong></span> <span class='ocrx_word' id='word_1_192' title='bbox 1807 1952 1955 2032; x_wconf 89' lang='lat' dir='ltr'><strong>sequitur</strong></span> <span class='ocrx_word' id='word_1_193' title='bbox 1981 1958 2052 2015; x_wconf 85' lang='lat' dir='ltr'><strong>turn</strong></span> <span class='ocrx_word' id='word_1_194' title='bbox 2079 1952 2230 2034; x_wconf 87' lang='lat' dir='ltr'><strong>propriae</strong></span> <span class='ocrx_word' id='word_1_195' title='bbox 2256 1951 2389 2016; x_wconf 86' lang='lat' dir='ltr'><strong>virtutis</strong></span> <span class='ocrx_word' id='word_1_196' title='bbox 2423 1949 2598 2019; x_wconf 73' lang='lat' dir='ltr'><strong>diffidentia</strong></span> 
     </span>
     <span class='ocr_line' id='line_1_15' title="bbox 600 2035 2598 2120; baseline 0.001 -18"><span class='ocrx_word' id='word_1_197' title='bbox 600 2059 666 2120; x_wconf 90' lang='lat' dir='ltr'><strong>qua</strong></span> <span class='ocrx_word' id='word_1_198' title='bbox 686 2059 834 2102; x_wconf 90' lang='lat' dir='ltr'><strong>errorum</strong></span> <span class='ocrx_word' id='word_1_199' title='bbox 856 2037 996 2120; x_wconf 88' lang='lat' dir='ltr'><strong>caligine</strong></span> <span class='ocrx_word' id='word_1_200' title='bbox 1006 2036 1178 2101; x_wconf 85' lang='lat' dir='ltr'><strong>obvolutus</strong></span> <span class='ocrx_word' id='word_1_201' title='bbox 1201 2036 1370 2115; x_wconf 90' lang='lat' dir='ltr'><strong>esthemo,</strong></span> <span class='ocrx_word' id='word_1_202' title='bbox 1393 2037 1581 2120; x_wconf 85' lang='lat' dir='ltr'><strong>perlegam</strong></span> <span class='ocrx_word' id='word_1_203' title='bbox 1632 2043 1704 2099; x_wconf 90' lang='lat' dir='ltr'><strong>tum</strong></span> <span class='ocrx_word' id='word_1_204' title='bbox 1732 2035 1835 2099; x_wconf 86' lang='lat' dir='ltr'><strong>animi</strong></span> <span class='ocrx_word' id='word_1_205' title='bbox 1864 2037 2013 2101; x_wconf 80' lang='lat' dir='ltr'><strong>anxietas</strong></span> <span class='ocrx_word' id='word_1_206' title='bbox 2035 2045 2068 2101; x_wconf 92' lang='lat' dir='ltr'><strong>et</strong></span> <span class='ocrx_word' id='word_1_207' title='bbox 2089 2037 2271 2119; x_wconf 83' lang='lat' dir='ltr'><strong>trepidatio.</strong></span> <span class='ocrx_word' id='word_1_208' title='bbox 2316 2036 2430 2118; x_wconf 90' lang='lat' dir='ltr'><strong>Neque</strong></span> <span class='ocrx_word' id='word_1_209' title='bbox 2451 2037 2598 2103; x_wconf 89' lang='lat' dir='ltr'><strong>enimini</strong></span> 
     </span>
     <span class='ocr_line' id='line_1_16' title="bbox 599 2122 2598 2206; baseline 0.002 -20"><span class='ocrx_word' id='word_1_210' title='bbox 599 2123 691 2188; x_wconf 90' lang='lat' dir='ltr'><strong>illam</strong></span> <span class='ocrx_word' id='word_1_211' title='bbox 712 2123 896 2187; x_wconf 84' lang='lat' dir='ltr'><strong>naturalem</strong></span> <span class='ocrx_word' id='word_1_212' title='bbox 919 2124 977 2188; x_wconf 82' lang='lat' dir='ltr'><strong>vix</strong></span> <span class='ocrx_word' id='word_1_213' title='bbox 999 2123 1145 2186; x_wconf 90' lang='lat' dir='ltr'><strong>tenuiter</strong></span> <span class='ocrx_word' id='word_1_214' title='bbox 1168 2122 1321 2205; x_wconf 89' lang='lat' dir='ltr'><strong>degustat</strong></span> <span class='ocrx_word' id='word_1_215' title='bbox 1343 2124 1416 2204; x_wconf 92' lang='lat' dir='ltr'><strong>quis</strong></span> <span class='ocrx_word' id='word_1_216' title='bbox 1434 2123 1506 2187; x_wconf 92' lang='lat' dir='ltr'><strong>Dco</strong></span> <span class='ocrx_word' id='word_1_217' title='bbox 1525 2145 1578 2189; x_wconf 90' lang='lat' dir='ltr'><strong>ae·</strong></span> <span class='ocrx_word' id='word_1_218' title='bbox 1630 2123 1765 2203; x_wconf 85' lang='lat' dir='ltr'><strong>quitatis</strong></span> <span class='ocrx_word' id='word_1_219' title='bbox 1793 2122 1920 2204; x_wconf 91' lang='lat' dir='ltr'><strong>pondus</strong></span> <span class='ocrx_word' id='word_1_220' title='bbox 1958 2123 2121 2188; x_wconf 88' lang='lat' dir='ltr'><strong>sustinere</strong></span> <span class='ocrx_word' id='word_1_221' title='bbox 2150 2129 2260 2205; x_wconf 86' lang='lat' dir='ltr'><strong>potest</strong></span> <span class='ocrx_word' id='word_1_222' title='bbox 2290 2122 2503 2202; x_wconf 90' lang='lat' dir='ltr'><strong>conscientia,</strong></span> <span class='ocrx_word' id='word_1_223' title='bbox 2532 2125 2598 2206; x_wconf 81' lang='lat' dir='ltr'><strong>qui</strong></span> 
     </span>
     <span class='ocr_line' id='line_1_17' title="bbox 584 2206 2598 2291; baseline 0.002 -18"><span class='ocrx_word' id='word_1_224' title='bbox 584 2217 712 2291; x_wconf 88' lang='lat' dir='ltr'><strong>ceptus</strong></span> <span class='ocrx_word' id='word_1_225' title='bbox 734 2211 777 2274; x_wconf 89' lang='lat' dir='ltr'><strong>sit</strong></span> <span class='ocrx_word' id='word_1_226' title='bbox 800 2209 922 2287; x_wconf 84' lang='lat' dir='ltr'><strong>cultus3</strong></span> <span class='ocrx_word' id='word_1_227' title='bbox 952 2215 1040 2274; x_wconf 90' lang='lat' dir='ltr'><strong>certe</strong></span> <span class='ocrx_word' id='word_1_228' title='bbox 1063 2230 1083 2272; x_wconf 93' lang='lat' dir='ltr'><strong>a</strong></span> <span class='ocrx_word' id='word_1_229' title='bbox 1104 2217 1194 2273; x_wconf 91' lang='lat' dir='ltr'><strong>recta</strong></span> <span class='ocrx_word' id='word_1_230' title='bbox 1215 2209 1286 2273; x_wconf 85' lang='lat' dir='ltr'><strong>eius</strong></span> <span class='ocrx_word' id='word_1_231' title='bbox 1308 2206 1442 2272; x_wconf 46' lang='lat' dir='ltr'><strong>ratione*</strong></span> <span class='ocrx_word' id='word_1_232' title='bbox 1456 2208 1579 2291; x_wconf 87' lang='lat' dir='ltr'><strong>longis-</strong></span> <span class='ocrx_word' id='word_1_233' title='bbox 1632 2229 1710 2272; x_wconf 84' lang='lat' dir='ltr'><strong>mcx</strong></span> <span class='ocrx_word' id='word_1_234' title='bbox 1743 2208 1808 2272; x_wconf 89' lang='lat' dir='ltr'><strong>Dei</strong></span> <span class='ocrx_word' id='word_1_235' title='bbox 1839 2206 1996 2272; x_wconf 91' lang='lat' dir='ltr'><strong>iudicium</strong></span> <span class='ocrx_word' id='word_1_236' title='bbox 2028 2208 2227 2274; x_wconf 86' lang='lat' dir='ltr'><strong>obversetur.</strong></span> <span class='ocrx_word' id='word_1_237' title='bbox 2277 2206 2404 2273; x_wconf 78' lang='lat' dir='ltr'><strong>Sentiri</strong></span> <span class='ocrx_word' id='word_1_238' title='bbox 2436 2229 2516 2273; x_wconf 88' lang='lat' dir='ltr'><strong>vero</strong></span> <span class='ocrx_word' id='word_1_239' title='bbox 2549 2209 2598 2277; x_wconf 68' lang='lat' dir='ltr'><strong>Do</strong></span> 
     </span>
     <span class='ocr_line' id='line_1_18' title="bbox 599 2293 2598 2378; baseline -0.002 -18"><span class='ocrx_word' id='word_1_240' title='bbox 599 2296 681 2361; x_wconf 90' lang='lat' dir='ltr'><strong>simo</strong></span> <span class='ocrx_word' id='word_1_241' title='bbox 709 2295 883 2359; x_wconf 82' lang='lat' dir='ltr'><strong>intervallo</strong></span> <span class='ocrx_word' id='word_1_242' title='bbox 911 2294 1018 2360; x_wconf 80' lang='lat' dir='ltr'><strong>distat.</strong></span> <span class='ocrx_word' id='word_1_243' title='bbox 1063 2294 1119 2359; x_wconf 86' lang='lat' dir='ltr'><strong>Ad</strong></span> <span class='ocrx_word' id='word_1_244' title='bbox 1147 2295 1208 2359; x_wconf 93' lang='lat' dir='ltr'><strong>hoc</strong></span> <span class='ocrx_word' id='word_1_245' title='bbox 1237 2295 1426 2378; x_wconf 86' lang='lat' dir='ltr'><strong>arrogantia</strong></span> <span class='ocrx_word' id='word_1_246' title='bbox 1449 2302 1482 2359; x_wconf 90' lang='lat' dir='ltr'><strong>et</strong></span> <span class='ocrx_word' id='word_1_247' title='bbox 1511 2315 1580 2359; x_wconf 91' lang='lat' dir='ltr'><strong>am·</strong></span> <span class='ocrx_word' id='word_1_248' title='bbox 1632 2293 1789 2357; x_wconf 90' lang='lat' dir='ltr'><strong>iudicium</strong></span> <span class='ocrx_word' id='word_1_249' title='bbox 1808 2315 1875 2357; x_wconf 92' lang='lat' dir='ltr'><strong>non</strong></span> <span class='ocrx_word' id='word_1_250' title='bbox 1902 2301 2010 2376; x_wconf 90' lang='lat' dir='ltr'><strong>potest</strong></span> <span class='ocrx_word' id='word_1_251' title='bbox 2033 2295 2112 2376; x_wconf 92' lang='lat' dir='ltr'><strong>quin</strong></span> <span class='ocrx_word' id='word_1_252' title='bbox 2133 2295 2248 2359; x_wconf 90' lang='lat' dir='ltr'><strong>mortis</strong></span> <span class='ocrx_word' id='word_1_253' title='bbox 2272 2293 2442 2358; x_wconf 89' lang='lat' dir='ltr'><strong>horrorem</strong></span> <span class='ocrx_word' id='word_1_254' title='bbox 2463 2294 2598 2362; x_wconf 75' lang='lat' dir='ltr'><strong>incutiat</strong></span> 
     </span>
     <span class='ocr_line' id='line_1_19' title="bbox 598 2377 2598 2463; baseline 0.001 -17"><span class='ocrx_word' id='word_1_255' title='bbox 598 2382 723 2446; x_wconf 90' lang='lat' dir='ltr'><strong>biticne</strong></span> <span class='ocrx_word' id='word_1_256' title='bbox 752 2382 797 2446; x_wconf 92' lang='lat' dir='ltr'><strong>sic</strong></span> <span class='ocrx_word' id='word_1_257' title='bbox 819 2380 988 2463; x_wconf 74' lang='lat' dir='ltr'><strong>turgiduS,</strong></span> <span class='ocrx_word' id='word_1_258' title='bbox 1020 2381 1134 2462; x_wconf 90' lang='lat' dir='ltr'><strong>suique</strong></span> <span class='ocrx_word' id='word_1_259' title='bbox 1162 2402 1272 2445; x_wconf 89' lang='lat' dir='ltr'><strong>amore</strong></span> <span class='ocrx_word' id='word_1_260' title='bbox 1301 2387 1493 2446; x_wconf 88' lang='lat' dir='ltr'><strong>excaecatus</strong></span> <span class='ocrx_word' id='word_1_261' title='bbox 1520 2389 1578 2461; x_wconf 89' lang='lat' dir='ltr'><strong>est,</strong></span> <span class='ocrx_word' id='word_1_262' title='bbox 1633 2377 1795 2443; x_wconf 82' lang='lat' dir='ltr'><strong>Similiter</strong></span> <span class='ocrx_word' id='word_1_263' title='bbox 1815 2380 2025 2461; x_wconf 82' lang='lat' dir='ltr'><strong>impotentiae</strong></span> <span class='ocrx_word' id='word_1_264' title='bbox 2047 2380 2249 2444; x_wconf 86' lang='lat' dir='ltr'><strong>documentis</strong></span> <span class='ocrx_word' id='word_1_265' title='bbox 2271 2386 2396 2457; x_wconf 87' lang='lat' dir='ltr'><strong>coacta,</strong></span> <span class='ocrx_word' id='word_1_266' title='bbox 2426 2381 2534 2445; x_wconf 87' lang='lat' dir='ltr'><strong>facere</strong></span> <span class='ocrx_word' id='word_1_267' title='bbox 2554 2403 2598 2449; x_wconf 90' lang='lat' dir='ltr'><strong>ne</strong></span> 
     </span>
     <span class='ocr_line' id='line_1_20' title="bbox 599 2465 2598 2549; baseline 0.001 -18"><span class='ocrx_word' id='word_1_268' title='bbox 599 2474 638 2531; x_wconf 91' lang='lat' dir='ltr'><strong>ut</strong></span> <span class='ocrx_word' id='word_1_269' title='bbox 660 2488 695 2531; x_wconf 91' lang='lat' dir='ltr'><strong>se</strong></span> <span class='ocrx_word' id='word_1_270' title='bbox 717 2467 901 2549; x_wconf 87' lang='lat' dir='ltr'><strong>prospicere</strong></span> <span class='ocrx_word' id='word_1_271' title='bbox 923 2465 1070 2530; x_wconf 90' lang='lat' dir='ltr'><strong>nondum</strong></span> <span class='ocrx_word' id='word_1_272' title='bbox 1092 2473 1204 2548; x_wconf 89' lang='lat' dir='ltr'><strong>queat,</strong></span> <span class='ocrx_word' id='word_1_273' title='bbox 1229 2475 1263 2531; x_wconf 91' lang='lat' dir='ltr'><strong>et</strong></span> <span class='ocrx_word' id='word_1_274' title='bbox 1291 2466 1382 2532; x_wconf 91' lang='lat' dir='ltr'><strong>velut</strong></span> <span class='ocrx_word' id='word_1_275' title='bbox 1403 2468 1438 2530; x_wconf 90' lang='lat' dir='ltr'><strong>in</strong></span> <span class='ocrx_word' id='word_1_276' title='bbox 1466 2488 1501 2531; x_wconf 90' lang='lat' dir='ltr'><strong>se</strong></span> <span class='ocrx_word' id='word_1_277' title='bbox 1523 2467 1579 2531; x_wconf 90' lang='lat' dir='ltr'><strong>de·</strong></span> <span class='ocrx_word' id='word_1_278' title='bbox 1631 2465 1702 2547; x_wconf 90' lang='lat' dir='ltr'><strong>quit</strong></span> <span class='ocrx_word' id='word_1_279' title='bbox 1722 2465 1802 2547; x_wconf 92' lang='lat' dir='ltr'><strong>quin</strong></span> <span class='ocrx_word' id='word_1_280' title='bbox 1824 2465 1974 2549; x_wconf 86' lang='lat' dir='ltr'><strong>protinus</strong></span> <span class='ocrx_word' id='word_1_281' title='bbox 1996 2467 2031 2529; x_wconf 92' lang='lat' dir='ltr'><strong>in</strong></span> <span class='ocrx_word' id='word_1_282' title='bbox 2053 2467 2175 2531; x_wconf 85' lang='lat' dir='ltr'><strong>virium</strong></span> <span class='ocrx_word' id='word_1_283' title='bbox 2193 2486 2329 2530; x_wconf 88' lang='lat' dir='ltr'><strong>suarum</strong></span> <span class='ocrx_word' id='word_1_284' title='bbox 2350 2465 2598 2549; x_wconf 79' lang='lat' dir='ltr'><strong>desperationes</strong></span> 
     </span>
     <span class='ocr_line' id='line_1_21' title="bbox 600 2549 2598 2637; baseline 0.001 -20"><span class='ocrx_word' id='word_1_285' title='bbox 600 2551 771 2629; x_wconf 83' lang='lat' dir='ltr'><strong>scandere,</strong></span> <span class='ocrx_word' id='word_1_286' title='bbox 807 2573 870 2634; x_wconf 91' lang='lat' dir='ltr'><strong>quo</strong></span> <span class='ocrx_word' id='word_1_287' title='bbox 900 2551 1092 2616; x_wconf 87' lang='lat' dir='ltr'><strong>submittere</strong></span> <span class='ocrx_word' id='word_1_288' title='bbox 1122 2575 1156 2617; x_wconf 92' lang='lat' dir='ltr'><strong>se</strong></span> <span class='ocrx_word' id='word_1_289' title='bbox 1166 2551 1195 2637; x_wconf 81' lang='lat'><strong>⁸)</strong></span> <span class='ocrx_word' id='word_1_290' title='bbox 1223 2575 1261 2618; x_wconf 87' lang='lat' dir='ltr'><strong>ac</strong></span> <span class='ocrx_word' id='word_1_291' title='bbox 1294 2552 1432 2618; x_wconf 91' lang='lat' dir='ltr'><strong>deiicere</strong></span> <span class='ocrx_word' id='word_1_292' title='bbox 1465 2552 1570 2619; x_wconf 91' lang='lat' dir='ltr'><strong>diseat</strong></span> <span class='ocrx_word' id='word_1_293' title='bbox 1632 2549 1789 2615; x_wconf 88' lang='lat' dir='ltr'><strong>concidat.</strong></span> <span class='ocrx_word' id='word_1_294' title='bbox 1833 2552 1981 2633; x_wconf 90' lang='lat' dir='ltr'><strong>Utraque</strong></span> <span class='ocrx_word' id='word_1_295' title='bbox 2008 2551 2136 2617; x_wconf 88' lang='lat' dir='ltr'><strong>affectio</strong></span> <span class='ocrx_word' id='word_1_296' title='bbox 2158 2551 2382 2616; x_wconf 88' lang='lat' dir='ltr'><strong>humilitatem·</strong></span> <span class='ocrx_word' id='word_1_297' title='bbox 2402 2573 2441 2616; x_wconf 92' lang='lat' dir='ltr'><strong>ac</strong></span> <span class='ocrx_word' id='word_1_298' title='bbox 2462 2551 2598 2619; x_wconf 86' lang='lat' dir='ltr'><strong>deiectio</strong></span> 
     </span>
     <span class='ocr_line' id='line_1_22' title="bbox 600 2637 2598 2723; baseline 0.002 -22"><span class='ocrx_word' id='word_1_299' title='bbox 600 2659 757 2719; x_wconf 86' lang='lat' dir='ltr'><strong>suamque</strong></span> <span class='ocrx_word' id='word_1_300' title='bbox 779 2638 945 2702; x_wconf 90' lang='lat' dir='ltr'><strong>miseriam</strong></span> <span class='ocrx_word' id='word_1_301' title='bbox 964 2638 1068 2703; x_wconf 87' lang='lat' dir='ltr'><strong>fateri.</strong></span> <span class='ocrx_word' id='word_1_302' title='bbox 1096 2638 1242 2704; x_wconf 90' lang='lat' dir='ltr'><strong>Proinde</strong></span> <span class='ocrx_word' id='word_1_303' title='bbox 1264 2637 1364 2723; x_wconf 89' lang='lat' dir='ltr'><strong>(quod</strong></span> <span class='ocrx_word' id='word_1_304' title='bbox 1386 2646 1459 2702; x_wconf 91' lang='lat' dir='ltr'><strong>tum</strong></span> <span class='ocrx_word' id='word_1_305' title='bbox 1480 2639 1579 2704; x_wconf 91' lang='lat' dir='ltr'><strong>hebe-</strong></span> <span class='ocrx_word' id='word_1_306' title='bbox 1632 2658 1709 2701; x_wconf 91' lang='lat' dir='ltr'><strong>nem</strong></span> <span class='ocrx_word' id='word_1_307' title='bbox 1741 2647 1885 2720; x_wconf 89' lang='lat' dir='ltr'><strong>generat.</strong></span> <span class='ocrx_word' id='word_1_308' title='bbox 1937 2637 1991 2700; x_wconf 92' lang='lat' dir='ltr'><strong>Ita</strong></span> <span class='ocrx_word' id='word_1_309' title='bbox 2022 2638 2060 2701; x_wconf 89' lang='lat' dir='ltr'><strong>fit</strong></span> <span class='ocrx_word' id='word_1_310' title='bbox 2081 2637 2216 2702; x_wconf 92' lang='lat' dir='ltr'><strong>demum</strong></span> <span class='ocrx_word' id='word_1_311' title='bbox 2248 2645 2285 2703; x_wconf 93' lang='lat' dir='ltr'><strong>ut</strong></span> <span class='ocrx_word' id='word_1_312' title='bbox 2317 2637 2424 2716; x_wconf 93' lang='lat' dir='ltr'><strong>homo,</strong></span> <span class='ocrx_word' id='word_1_313' title='bbox 2458 2646 2598 2705; x_wconf 84' lang='lat' dir='ltr'><strong>aeterna</strong></span> 
     </span>
     <span class='ocr_line' id='line_1_23' title="bbox 600 2723 2598 2811; baseline 0.003 -24"><span class='ocrx_word' id='word_1_314' title='bbox 600 2723 708 2788; x_wconf 92' lang='lat' dir='ltr'><strong>tudini</strong></span> <span class='ocrx_word' id='word_1_315' title='bbox 737 2730 808 2787; x_wconf 91' lang='lat' dir='ltr'><strong>tum</strong></span> <span class='ocrx_word' id='word_1_316' title='bbox 836 2725 1057 2789; x_wconf 86' lang='lat' dir='ltr'><strong>contumaciae</strong></span> <span class='ocrx_word' id='word_1_317' title='bbox 1083 2732 1214 2790; x_wconf 86' lang='lat' dir='ltr'><strong>nostrae</strong></span> <span class='ocrx_word' id='word_1_318' title='bbox 1243 2724 1464 2789; x_wconf 88' lang='lat' dir='ltr'><strong>necessarium</strong></span> <span class='ocrx_word' id='word_1_319' title='bbox 1492 2726 1578 2811; x_wconf 88' lang='lat' dir='ltr'><strong>erat)</strong></span> <span class='ocrx_word' id='word_1_320' title='bbox 1632 2723 1746 2786; x_wconf 91' lang='lat' dir='ltr'><strong>mortis</strong></span> <span class='ocrx_word' id='word_1_321' title='bbox 1774 2723 1888 2808; x_wconf 86' lang='lat' dir='ltr'><strong>(quam</strong></span> <span class='ocrx_word' id='word_1_322' title='bbox 1914 2723 2094 2789; x_wconf 87' lang='lat' dir='ltr'><strong>iniustitiae</strong></span> <span class='ocrx_word' id='word_1_323' title='bbox 2115 2744 2194 2789; x_wconf 87' lang='lat' dir='ltr'><strong>suae</strong></span> <span class='ocrx_word' id='word_1_324' title='bbox 2216 2723 2333 2788; x_wconf 84' lang='lat' dir='ltr'><strong>merito</strong></span> <span class='ocrx_word' id='word_1_325' title='bbox 2355 2723 2418 2789; x_wconf 92' lang='lat' dir='ltr'><strong>sibi</strong></span> <span class='ocrx_word' id='word_1_326' title='bbox 2439 2725 2598 2792; x_wconf 79' lang='lat' dir='ltr'><strong>imminet</strong></span> 
     </span>
     <span class='ocr_line' id='line_1_24' title="bbox 599 2808 2598 2893; baseline 0.002 -19"><span class='ocrx_word' id='word_1_327' title='bbox 599 2810 763 2874; x_wconf 88' lang='lat' dir='ltr'><strong>Dominus</strong></span> <span class='ocrx_word' id='word_1_328' title='bbox 801 2808 907 2892; x_wconf 89' lang='lat' dir='ltr'><strong>legem</strong></span> <span class='ocrx_word' id='word_1_329' title='bbox 944 2811 1101 2892; x_wconf 87' lang='lat' dir='ltr'><strong>scriptam</strong></span> <span class='ocrx_word' id='word_1_330' title='bbox 1132 2810 1224 2875; x_wconf 88' lang='lat' dir='ltr'><strong>nobis</strong></span> <span class='ocrx_word' id='word_1_331' title='bbox 1256 2812 1383 2893; x_wconf 89' lang='lat' dir='ltr'><strong>posuit:</strong></span> <span class='ocrx_word' id='word_1_332' title='bbox 1424 2831 1507 2893; x_wconf 92' lang='lat' dir='ltr'><strong>quae</strong></span> <span class='ocrx_word' id='word_1_333' title='bbox 1546 2819 1579 2877; x_wconf 91' lang='lat' dir='ltr'><strong>et</strong></span> <span class='ocrx_word' id='word_1_334' title='bbox 1631 2808 1736 2892; x_wconf 78' lang='lat' dir='ltr'><strong>videt)</strong></span> <span class='ocrx_word' id='word_1_335' title='bbox 1759 2829 1857 2873; x_wconf 89' lang='lat' dir='ltr'><strong>sensu</strong></span> <span class='ocrx_word' id='word_1_336' title='bbox 1878 2810 2139 2891; x_wconf 86' lang='lat' dir='ltr'><strong>perterrefactus,</strong></span> <span class='ocrx_word' id='word_1_337' title='bbox 2163 2808 2205 2873; x_wconf 91' lang='lat' dir='ltr'><strong>ad</strong></span> <span class='ocrx_word' id='word_1_338' title='bbox 2222 2829 2324 2874; x_wconf 92' lang='lat' dir='ltr'><strong>unam</strong></span> <span class='ocrx_word' id='word_1_339' title='bbox 2340 2809 2405 2873; x_wconf 90' lang='lat' dir='ltr'><strong>Dei</strong></span> <span class='ocrx_word' id='word_1_340' title='bbox 2427 2810 2598 2877; x_wconf 87' lang='lat' dir='ltr'><strong>misericor</strong></span> 
     </span>
     <span class='ocr_line' id='line_1_25' title="bbox 599 2893 2598 2979; baseline 0.001 -18"><span class='ocrx_word' id='word_1_341' title='bbox 599 2895 722 2961; x_wconf 89' lang='lat' dir='ltr'><strong>certius</strong></span> <span class='ocrx_word' id='word_1_342' title='bbox 748 2896 977 2960; x_wconf 86' lang='lat' dir='ltr'><strong>testificaretur</strong></span> <span class='ocrx_word' id='word_1_343' title='bbox 1015 2895 1101 2977; x_wconf 93' lang='lat' dir='ltr'><strong>quod</strong></span> <span class='ocrx_word' id='word_1_344' title='bbox 1138 2897 1174 2960; x_wconf 92' lang='lat' dir='ltr'><strong>in</strong></span> <span class='ocrx_word' id='word_1_345' title='bbox 1208 2896 1281 2979; x_wconf 86' lang='lat' dir='ltr'><strong>lege</strong></span> <span class='ocrx_word' id='word_1_346' title='bbox 1309 2897 1453 2961; x_wconf 89' lang='lat' dir='ltr'><strong>naturali</strong></span> <span class='ocrx_word' id='word_1_347' title='bbox 1479 2898 1579 2962; x_wconf 92' lang='lat' dir='ltr'><strong>nimis</strong></span> <span class='ocrx_word' id='word_1_348' title='bbox 1632 2893 1728 2972; x_wconf 91' lang='lat' dir='ltr'><strong>diam,</strong></span> <span class='ocrx_word' id='word_1_349' title='bbox 1751 2901 1910 2976; x_wconf 84' lang='lat' dir='ltr'><strong>tanquam</strong></span> <span class='ocrx_word' id='word_1_350' title='bbox 1932 2894 1973 2959; x_wconf 92' lang='lat' dir='ltr'><strong>ad</strong></span> <span class='ocrx_word' id='word_1_351' title='bbox 1990 2895 2124 2960; x_wconf 91' lang='lat' dir='ltr'><strong>unicum</strong></span> <span class='ocrx_word' id='word_1_352' title='bbox 2148 2895 2263 2960; x_wconf 86' lang='lat' dir='ltr'><strong>salutis</strong></span> <span class='ocrx_word' id='word_1_353' title='bbox 2281 2902 2423 2977; x_wconf 84' lang='lat' dir='ltr'><strong>portum,</strong></span> <span class='ocrx_word' id='word_1_354' title='bbox 2445 2916 2517 2962; x_wconf 86' lang='lat' dir='ltr'><strong>sese</strong></span> <span class='ocrx_word' id='word_1_355' title='bbox 2534 2918 2598 2962; x_wconf 90' lang='lat' dir='ltr'><strong>oon</strong></span> 
     </span>
     <span class='ocr_line' id='line_1_26' title="bbox 600 2981 2597 3064; baseline 0.001 -19"><span class='ocrx_word' id='word_1_356' title='bbox 600 2981 773 3046; x_wconf 87' lang='lat' dir='ltr'><strong>obscurum</strong></span> <span class='ocrx_word' id='word_1_357' title='bbox 802 2988 887 3058; x_wconf 89' lang='lat' dir='ltr'><strong>erat,</strong></span> <span class='ocrx_word' id='word_1_358' title='bbox 916 2989 949 3045; x_wconf 90' lang='lat' dir='ltr'><strong>et</strong></span> <span class='ocrx_word' id='word_1_359' title='bbox 976 2989 1121 3047; x_wconf 88' lang='lat' dir='ltr'><strong>mentem</strong></span> <span class='ocrx_word' id='word_1_360' title='bbox 1142 2984 1398 3064; x_wconf 89' lang='lat' dir='ltr'><strong>memoriamque</strong></span> <span class='ocrx_word' id='word_1_361' title='bbox 1421 2996 1577 3063; x_wconf 88' lang='lat' dir='ltr'><strong>nostram,</strong></span> <span class='ocrx_word' id='word_1_362' title='bbox 1632 2987 1752 3059; x_wconf 83' lang='lat' dir='ltr'><strong>vertat3</strong></span> <span class='ocrx_word' id='word_1_363' title='bbox 1780 2987 1819 3043; x_wconf 92' lang='lat' dir='ltr'><strong>ut</strong></span> <span class='ocrx_word' id='word_1_364' title='bbox 1845 3002 1924 3045; x_wconf 86' lang='lat' dir='ltr'><strong>snae</strong></span> <span class='ocrx_word' id='word_1_365' title='bbox 1952 3001 2019 3046; x_wconf 91' lang='lat' dir='ltr'><strong>non</strong></span> <span class='ocrx_word' id='word_1_366' title='bbox 2046 3003 2117 3046; x_wconf 88' lang='lat' dir='ltr'><strong>esse</strong></span> <span class='ocrx_word' id='word_1_367' title='bbox 2138 2981 2304 3045; x_wconf 85' lang='lat' dir='ltr'><strong>facultatis</strong></span> <span class='ocrx_word' id='word_1_368' title='bbox 2332 2981 2475 3046; x_wconf 88' lang='lat' dir='ltr'><strong>sentiens</strong></span> <span class='ocrx_word' id='word_1_369' title='bbox 2502 2981 2597 3048; x_wconf 89' lang='lat' dir='ltr'><strong>exsol</strong></span> 
     </span>
     <span class='ocr_line' id='line_1_27' title="bbox 600 3065 2598 3150; baseline 0.002 -20"><span class='ocrx_word' id='word_1_370' title='bbox 600 3088 737 3132; x_wconf 87' lang='lat' dir='ltr'><strong>excusso</strong></span> <span class='ocrx_word' id='word_1_371' title='bbox 758 3072 897 3148; x_wconf 88' lang='lat' dir='ltr'><strong>torpore,</strong></span> <span class='ocrx_word' id='word_1_372' title='bbox 919 3067 1064 3133; x_wconf 81' lang='lat' dir='ltr'><strong>vividius</strong></span> <span class='ocrx_word' id='word_1_373' title='bbox 1084 3068 1206 3132; x_wconf 89' lang='lat' dir='ltr'><strong>feriret.</strong></span> <span class='ocrx_word' id='word_1_374' title='bbox 1541 3126 1544 3131; x_wconf 91' lang='grc'><em>,</em></span> <span class='ocrx_word' id='word_1_375' title='bbox 1632 3087 1710 3131; x_wconf 87' lang='lat' dir='ltr'><strong>vere</strong></span> <span class='ocrx_word' id='word_1_376' title='bbox 1731 3065 1817 3149; x_wconf 93' lang='lat' dir='ltr'><strong>quod</strong></span> <span class='ocrx_word' id='word_1_377' title='bbox 1838 3065 1905 3148; x_wconf 88' lang='lat' dir='ltr'><strong>legi</strong></span> <span class='ocrx_word' id='word_1_378' title='bbox 1927 3066 2035 3146; x_wconf 91' lang='lat' dir='ltr'><strong>debet,</strong></span> <span class='ocrx_word' id='word_1_379' title='bbox 2058 3068 2094 3131; x_wconf 92' lang='lat' dir='ltr'><strong>in</strong></span> <span class='ocrx_word' id='word_1_380' title='bbox 2116 3088 2151 3132; x_wconf 90' lang='grc' dir='ltr'><strong>εθ</strong></span> <span class='ocrx_word' id='word_1_381' title='bbox 2172 3066 2244 3150; x_wconf 92' lang='lat' dir='ltr'><strong>ipso</strong></span> <span class='ocrx_word' id='word_1_382' title='bbox 2266 3065 2543 3148; x_wconf 88' lang='lat' dir='ltr'><strong>desperabundus,</strong></span> <span class='ocrx_word' id='word_1_383' title='bbox 2567 3088 2598 3134; x_wconf 66' lang='lat' dir='ltr'><strong>a&lt;</strong></span> 
     </span>
     <span class='ocr_line' id='line_1_28' title="bbox 687 3150 2598 3239; baseline 0.002 -25"><span class='ocrx_word' id='word_1_384' title='bbox 687 3156 715 3215; x_wconf 84' lang='lat'><strong>2.</strong></span> <span class='ocrx_word' id='word_1_385' title='bbox 769 3150 867 3217; x_wconf 91' lang='lat' dir='ltr'><strong>Nunc</strong></span> <span class='ocrx_word' id='word_1_386' title='bbox 898 3159 1086 3236; x_wconf 85' lang='lat' dir='ltr'><strong>promptum</strong></span> <span class='ocrx_word' id='word_1_387' title='bbox 1124 3160 1174 3219; x_wconf 93' lang='lat' dir='ltr'><strong>est</strong></span> <span class='ocrx_word' id='word_1_388' title='bbox 1210 3154 1393 3239; x_wconf 89' lang='lat' dir='ltr'><strong>intelligere</strong></span> <span class='ocrx_word' id='word_1_389' title='bbox 1426 3154 1504 3237; x_wconf 93' lang='lat' dir='ltr'><strong>quid</strong></span> <span class='ocrx_word' id='word_1_390' title='bbox 1537 3176 1579 3220; x_wconf 91' lang='lat' dir='ltr'><strong>ex</strong></span> <span class='ocrx_word' id='word_1_391' title='bbox 1631 3173 1727 3235; x_wconf 87' lang='lat' dir='ltr'><strong>opem</strong></span> <span class='ocrx_word' id='word_1_392' title='bbox 1753 3151 1886 3216; x_wconf 88' lang='lat' dir='ltr'><strong>aliunde</strong></span> <span class='ocrx_word' id='word_1_393' title='bbox 1907 3152 2105 3236; x_wconf 84' lang='lat' dir='ltr'><strong>poscendam</strong></span> <span class='ocrx_word' id='word_1_394' title='bbox 2132 3160 2166 3218; x_wconf 92' lang='lat' dir='ltr'><strong>et</strong></span> <span class='ocrx_word' id='word_1_395' title='bbox 2186 3151 2436 3236; x_wconf 82' lang='lat' dir='ltr'><strong>exspectandam</strong></span> <span class='ocrx_word' id='word_1_396' title='bbox 2458 3153 2598 3236; x_wconf 85' lang='lat' dir='ltr'><strong>respiret</strong></span> 
     </span>
     <span class='ocr_line' id='line_1_29' title="bbox 598 3235 2598 3322; baseline 0.001 -19"><span class='ocrx_word' id='word_1_397' title='bbox 598 3239 671 3321; x_wconf 88' lang='lat' dir='ltr'><strong>lege</strong></span> <span class='ocrx_word' id='word_1_398' title='bbox 694 3236 883 3303; x_wconf 90' lang='lat' dir='ltr'><strong>discendum</strong></span> <span class='ocrx_word' id='word_1_399' title='bbox 906 3239 963 3318; x_wconf 88' lang='lat' dir='ltr'><strong>sit,</strong></span> <span class='ocrx_word' id='word_1_400' title='bbox 986 3260 1104 3322; x_wconf 88' lang='lat' dir='ltr'><strong>nempe</strong></span> <span class='ocrx_word' id='word_1_401' title='bbox 1125 3239 1251 3319; x_wconf 89' lang='lat' dir='ltr'><strong>Deum,</strong></span> <span class='ocrx_word' id='word_1_402' title='bbox 1277 3241 1361 3305; x_wconf 89' lang='lat' dir='ltr'><strong>sicut</strong></span> <span class='ocrx_word' id='word_1_403' title='bbox 1383 3249 1511 3305; x_wconf 85' lang='lat' dir='ltr'><strong>creater</strong></span> <span class='ocrx_word' id='word_1_404' title='bbox 1528 3250 1579 3306; x_wconf 92' lang='lat' dir='ltr'><strong>est</strong></span> <span class='ocrx_word' id='word_1_405' title='bbox 1717 3241 1746 3302; x_wconf 90' lang='grc'><strong>4.</strong></span> <span class='ocrx_word' id='word_1_406' title='bbox 1791 3235 1970 3302; x_wconf 83' lang='lat' dir='ltr'><strong>Sedenim</strong></span> <span class='ocrx_word' id='word_1_407' title='bbox 1989 3259 2057 3302; x_wconf 90' lang='lat' dir='ltr'><strong>non</strong></span> <span class='ocrx_word' id='word_1_408' title='bbox 2086 3245 2258 3304; x_wconf 91' lang='lat' dir='ltr'><strong>contentus</strong></span> <span class='ocrx_word' id='word_1_409' title='bbox 2278 3238 2442 3303; x_wconf 87' lang='lat' dir='ltr'><strong>Dominus</strong></span> <span class='ocrx_word' id='word_1_410' title='bbox 2464 3238 2598 3305; x_wconf 83' lang='lat' dir='ltr'><strong>iustitia</strong></span> 
     </span>
     <span class='ocr_line' id='line_1_30' title="bbox 598 3323 2598 3410; baseline 0.003 -23"><span class='ocrx_word' id='word_1_411' title='bbox 598 3331 719 3403; x_wconf 90' lang='lat' dir='ltr'><strong>noster,</strong></span> <span class='ocrx_word' id='word_1_412' title='bbox 742 3324 789 3386; x_wconf 91' lang='lat' dir='ltr'><strong>ita</strong></span> <span class='ocrx_word' id='word_1_413' title='bbox 809 3323 881 3388; x_wconf 91' lang='lat' dir='ltr'><strong>iure</strong></span> <span class='ocrx_word' id='word_1_414' title='bbox 902 3324 1012 3390; x_wconf 90' lang='lat' dir='ltr'><strong>locum</strong></span> <span class='ocrx_word' id='word_1_415' title='bbox 1025 3325 1136 3406; x_wconf 86' lang='lat' dir='ltr'><strong>patris</strong></span> <span class='ocrx_word' id='word_1_416' title='bbox 1151 3325 1321 3390; x_wconf 91' lang='lat' dir='ltr'><strong>etdomini</strong></span> <span class='ocrx_word' id='word_1_417' title='bbox 1343 3349 1422 3410; x_wconf 86' lang='lat' dir='ltr'><strong>erga</strong></span> <span class='ocrx_word' id='word_1_418' title='bbox 1442 3348 1502 3391; x_wconf 92' lang='lat' dir='ltr'><strong>nos</strong></span> <span class='ocrx_word' id='word_1_419' title='bbox 1522 3328 1578 3391; x_wconf 93' lang='lat' dir='ltr'><strong>ob·</strong></span> <span class='ocrx_word' id='word_1_420' title='bbox 1630 3345 1710 3388; x_wconf 90' lang='lat' dir='ltr'><strong>suae</strong></span> <span class='ocrx_word' id='word_1_421' title='bbox 1729 3324 1948 3388; x_wconf 86' lang='lat' dir='ltr'><strong>reverentiam</strong></span> <span class='ocrx_word' id='word_1_422' title='bbox 1970 3324 2174 3404; x_wconf 87' lang='lat' dir='ltr'><strong>conciliasse,</strong></span> <span class='ocrx_word' id='word_1_423' title='bbox 2197 3347 2260 3407; x_wconf 94' lang='lat' dir='ltr'><strong>quo</strong></span> <span class='ocrx_word' id='word_1_424' title='bbox 2281 3324 2382 3389; x_wconf 88' lang='lat' dir='ltr'><strong>etiam</strong></span> <span class='ocrx_word' id='word_1_425' title='bbox 2398 3325 2468 3391; x_wconf 90' lang='lat' dir='ltr'><strong>eius</strong></span> <span class='ocrx_word' id='word_1_426' title='bbox 2490 3344 2598 3392; x_wconf 73' lang='lat' dir='ltr'><strong>amore</strong></span> 
     </span>
     <span class='ocr_line' id='line_1_31' title="bbox 598 3409 2598 3493; baseline 0.002 -19"><span class='ocrx_word' id='word_1_427' title='bbox 598 3411 720 3490; x_wconf 88' lang='lat' dir='ltr'><strong>tinere;</strong></span> <span class='ocrx_word' id='word_1_428' title='bbox 747 3409 809 3475; x_wconf 88' lang='lat' dir='ltr'><strong>hac</strong></span> <span class='ocrx_word' id='word_1_429' title='bbox 831 3410 958 3475; x_wconf 91' lang='lat' dir='ltr'><strong>ratione</strong></span> <span class='ocrx_word' id='word_1_430' title='bbox 981 3410 1134 3493; x_wconf 84' lang='lat' dir='ltr'><strong>gloriam,</strong></span> <span class='ocrx_word' id='word_1_431' title='bbox 1161 3412 1394 3490; x_wconf 88' lang='lat' dir='ltr'><strong>reverentiam,</strong></span> <span class='ocrx_word' id='word_1_432' title='bbox 1424 3433 1577 3493; x_wconf 90' lang='lat' dir='ltr'><strong>amorem,</strong></span> <span class='ocrx_word' id='word_1_433' title='bbox 1630 3409 1730 3474; x_wconf 91' lang='lat' dir='ltr'><strong>simul</strong></span> <span class='ocrx_word' id='word_1_434' title='bbox 1765 3417 1798 3474; x_wconf 90' lang='lat' dir='ltr'><strong>et</strong></span> <span class='ocrx_word' id='word_1_435' title='bbox 1831 3410 2013 3493; x_wconf 88' lang='lat' dir='ltr'><strong>iniquitatis</strong></span> <span class='ocrx_word' id='word_1_436' title='bbox 2048 3409 2135 3490; x_wconf 93' lang='lat' dir='ltr'><strong>odio,</strong></span> <span class='ocrx_word' id='word_1_437' title='bbox 2168 3411 2267 3476; x_wconf 89' lang='lat' dir='ltr'><strong>corda</strong></span> <span class='ocrx_word' id='word_1_438' title='bbox 2298 3417 2412 3475; x_wconf 89' lang='lat' dir='ltr'><strong>nostra</strong></span> <span class='ocrx_word' id='word_1_439' title='bbox 2438 3410 2598 3478; x_wconf 84' lang='lat' dir='ltr'><strong>imbueret</strong></span> 
     </span>
     <span class='ocr_line' id='line_1_32' title="bbox 598 3495 2598 3578; baseline 0.002 -18"><span class='ocrx_word' id='word_1_440' title='bbox 598 3496 752 3560; x_wconf 91' lang='lat' dir='ltr'><strong>timorem</strong></span> <span class='ocrx_word' id='word_1_441' title='bbox 776 3495 826 3558; x_wconf 91' lang='grc'>1111</span> <span class='ocrx_word' id='word_1_442' title='bbox 854 3518 874 3560; x_wconf 91' lang='lat' dir='ltr'><strong>a</strong></span> <span class='ocrx_word' id='word_1_443' title='bbox 901 3497 994 3561; x_wconf 89' lang='lat' dir='ltr'><strong>nobis</strong></span> <span class='ocrx_word' id='word_1_444' title='bbox 1022 3495 1141 3562; x_wconf 90' lang='lat' dir='ltr'><strong>deberi.</strong></span> <span class='ocrx_word' id='word_1_445' title='bbox 1186 3496 1278 3578; x_wconf 80' lang='lat' dir='ltr'><strong>Quin</strong></span> <span class='ocrx_word' id='word_1_446' title='bbox 1304 3499 1491 3565; x_wconf 28' lang='lat' dir='ltr'><strong>etiamrnos</strong></span> <span class='ocrx_word' id='word_1_447' title='bbox 1511 3521 1579 3563; x_wconf 90' lang='lat' dir='ltr'><strong>non</strong></span> <span class='ocrx_word' id='word_1_448' title='bbox 1633 3496 1865 3578; x_wconf 89' lang='lat' dir='ltr'><strong>promissiones</strong></span> <span class='ocrx_word' id='word_1_449' title='bbox 1893 3518 1931 3562; x_wconf 90' lang='lat' dir='ltr'><strong>ae</strong></span> <span class='ocrx_word' id='word_1_450' title='bbox 1958 3496 2065 3561; x_wconf 89' lang='lat' dir='ltr'><strong>minas</strong></span> <span class='ocrx_word' id='word_1_451' title='bbox 2088 3497 2265 3562; x_wconf 85' lang='lat' dir='ltr'><strong>subiunxit</strong></span> <span class='ocrx_word' id='word_1_452' title='bbox 2293 3495 2400 3576; x_wconf 80' lang='lat' dir='ltr'><strong>-Quia</strong></span> <span class='ocrx_word' id='word_1_453' title='bbox 2424 3498 2515 3561; x_wconf 90' lang='lat' dir='ltr'><strong>enim</strong></span> <span class='ocrx_word' id='word_1_454' title='bbox 2543 3517 2598 3563; x_wconf 81' lang='lat' dir='ltr'><strong>ma</strong></span> 
     </span>
     <span class='ocr_line' id='line_1_33' title="bbox 597 3581 2598 3666; baseline 0.002 -20"><span class='ocrx_word' id='word_1_455' title='bbox 597 3603 669 3647; x_wconf 89' lang='lat' dir='ltr'><strong>esse</strong></span> <span class='ocrx_word' id='word_1_456' title='bbox 687 3582 793 3646; x_wconf 89' lang='lat' dir='ltr'><strong>nostri</strong></span> <span class='ocrx_word' id='word_1_457' title='bbox 810 3581 900 3660; x_wconf 87' lang='lat' dir='ltr'><strong>iuris,</strong></span> <span class='ocrx_word' id='word_1_458' title='bbox 920 3589 957 3646; x_wconf 89' lang='lat' dir='ltr'><strong>ut</strong></span> <span class='ocrx_word' id='word_1_459' title='bbox 974 3604 1167 3666; x_wconf 91' lang='lat' dir='ltr'><strong>quoeunque</strong></span> <span class='ocrx_word' id='word_1_460' title='bbox 1185 3584 1288 3648; x_wconf 90' lang='lat' dir='ltr'><strong>animi</strong></span> <span class='ocrx_word' id='word_1_461' title='bbox 1311 3583 1412 3649; x_wconf 93' lang='lat' dir='ltr'><strong>libido</strong></span> <span class='ocrx_word' id='word_1_462' title='bbox 1434 3585 1580 3650; x_wconf 86' lang='lat' dir='ltr'><strong>incitarit</strong></span> <span class='ocrx_word' id='word_1_463' title='bbox 1633 3582 1685 3665; x_wconf 88' lang='lat' dir='ltr'><strong>gis</strong></span> <span class='ocrx_word' id='word_1_464' title='bbox 1706 3582 1827 3665; x_wconf 85' lang='lat' dir='ltr'><strong>caligat</strong></span> <span class='ocrx_word' id='word_1_465' title='bbox 1847 3583 1967 3647; x_wconf 88' lang='lat' dir='ltr'><strong>mentis</strong></span> <span class='ocrx_word' id='word_1_466' title='bbox 1985 3591 2117 3647; x_wconf 84' lang='lat' dir='ltr'><strong>nostrae</strong></span> <span class='ocrx_word' id='word_1_467' title='bbox 2139 3583 2252 3649; x_wconf 91' lang='lat' dir='ltr'><strong>oculus</strong></span> <span class='ocrx_word' id='word_1_468' title='bbox 2270 3602 2369 3665; x_wconf 90' lang='lat' dir='ltr'><strong>quam</strong></span> <span class='ocrx_word' id='word_1_469' title='bbox 2391 3588 2429 3646; x_wconf 91' lang='lat' dir='ltr'><strong>ut</strong></span> <span class='ocrx_word' id='word_1_470' title='bbox 2448 3583 2519 3648; x_wconf 91' lang='lat' dir='ltr'><strong>sola</strong></span> <span class='ocrx_word' id='word_1_471' title='bbox 2536 3583 2598 3650; x_wconf 85' lang='lat' dir='ltr'><strong>bon</strong></span> 
     </span>
     <span class='ocr_line' id='line_1_34' title="bbox 597 3666 2598 3752; baseline 0.001 -21"><span class='ocrx_word' id='word_1_472' title='bbox 597 3687 791 3748; x_wconf 82' lang='lat' dir='ltr'><strong>sequamur3</strong></span> <span class='ocrx_word' id='word_1_473' title='bbox 820 3667 877 3732; x_wconf 90' lang='lat' dir='ltr'><strong>scd</strong></span> <span class='ocrx_word' id='word_1_474' title='bbox 906 3669 947 3733; x_wconf 89' lang='lat' dir='ltr'><strong>ab</strong></span> <span class='ocrx_word' id='word_1_475' title='bbox 975 3671 1044 3735; x_wconf 90' lang='lat' dir='ltr'><strong>cius</strong></span> <span class='ocrx_word' id='word_1_476' title='bbox 1071 3678 1156 3735; x_wconf 92' lang='lat' dir='ltr'><strong>nutu</strong></span> <span class='ocrx_word' id='word_1_477' title='bbox 1185 3690 1359 3752; x_wconf 87' lang='lat' dir='ltr'><strong>suspensos</strong></span> <span class='ocrx_word' id='word_1_478' title='bbox 1388 3671 1424 3734; x_wconf 93' lang='lat' dir='ltr'><strong>in</strong></span> <span class='ocrx_word' id='word_1_479' title='bbox 1452 3692 1490 3735; x_wconf 94' lang='lat' dir='ltr'><strong>eo</strong></span> <span class='ocrx_word' id='word_1_480' title='bbox 1511 3671 1578 3736; x_wconf 89' lang='lat' dir='ltr'><strong>solo</strong></span> <span class='ocrx_word' id='word_1_481' title='bbox 1632 3666 1877 3751; x_wconf 90' lang='lat' dir='ltr'><strong>pulchritudine</strong></span> <span class='ocrx_word' id='word_1_482' title='bbox 1895 3669 2066 3749; x_wconf 88' lang='lat' dir='ltr'><strong>afficiatur,</strong></span> <span class='ocrx_word' id='word_1_483' title='bbox 2088 3670 2344 3734; x_wconf 63' lang='lat' dir='ltr'><strong>saeuissimus</strong></span> <span class='ocrx_word' id='word_1_484' title='bbox 2359 3673 2455 3750; x_wconf 83' lang='lat' dir='ltr'><strong>pater</strong></span> <span class='ocrx_word' id='word_1_485' title='bbox 2471 3690 2531 3752; x_wconf 90' lang='lat' dir='ltr'><strong>pro</strong></span> <span class='ocrx_word' id='word_1_486' title='bbox 2552 3689 2598 3735; x_wconf 80' lang='lat' dir='ltr'><strong>su</strong></span> 
     </span>
     <span class='ocr_line' id='line_1_35' title="bbox 600 3751 2598 3838; baseline 0.004 -24"><span class='ocrx_word' id='word_1_487' title='bbox 600 3751 717 3817; x_wconf 89' lang='lat' dir='ltr'><strong>debere</strong></span> <span class='ocrx_word' id='word_1_488' title='bbox 746 3752 923 3818; x_wconf 87' lang='lat' dir='ltr'><strong>consistere</strong></span> <span class='ocrx_word' id='word_1_489' title='bbox 950 3755 1036 3837; x_wconf 92' lang='lat' dir='ltr'><strong>quod</strong></span> <span class='ocrx_word' id='word_1_490' title='bbox 1064 3757 1095 3820; x_wconf 89' lang='lat' dir='ltr'><strong>ei</strong></span> <span class='ocrx_word' id='word_1_491' title='bbox 1121 3757 1288 3838; x_wconf 84' lang='lat' dir='ltr'><strong>placuerit</strong></span> <span class='ocrx_word' id='word_1_492' title='bbox 1333 3754 1463 3820; x_wconf 89' lang='lat' dir='ltr'><strong>Deinde</strong></span> <span class='ocrx_word' id='word_1_493' title='bbox 1484 3757 1579 3821; x_wconf 89' lang='lat' dir='ltr'><strong>iusti-</strong></span> <span class='ocrx_word' id='word_1_494' title='bbox 1631 3752 1839 3837; x_wconf 87' lang='lat' dir='ltr'><strong>indulgentia</strong></span> <span class='ocrx_word' id='word_1_495' title='bbox 1859 3775 1919 3819; x_wconf 89' lang='lat' dir='ltr'><strong>nos</strong></span> <span class='ocrx_word' id='word_1_496' title='bbox 1942 3753 1984 3818; x_wconf 91' lang='lat' dir='ltr'><strong>ad</strong></span> <span class='ocrx_word' id='word_1_497' title='bbox 2005 3755 2114 3838; x_wconf 90' lang='lat' dir='ltr'><strong>ipsum</strong></span> <span class='ocrx_word' id='word_1_498' title='bbox 2136 3754 2316 3819; x_wconf 88' lang='lat' dir='ltr'><strong>amandum</strong></span> <span class='ocrx_word' id='word_1_499' title='bbox 2338 3764 2376 3827; x_wconf 85' lang='lat' dir='ltr'><strong>et¹</strong></span> <span class='ocrx_word' id='word_1_500' title='bbox 2389 3753 2598 3837; x_wconf 77' lang='lat' dir='ltr'><strong>expetendus</strong></span> 
     </span>
     <span class='ocr_line' id='line_1_36' title="bbox 598 3837 2598 3927; baseline 0.004 -28"><span class='ocrx_word' id='word_1_501' title='bbox 598 3837 681 3900; x_wconf 75' lang='lat' dir='ltr'><strong>dam</strong></span> <span class='ocrx_word' id='word_1_502' title='bbox 698 3855 736 3900; x_wconf 90' lang='lat' dir='ltr'><strong>ac</strong></span> <span class='ocrx_word' id='word_1_503' title='bbox 753 3839 982 3905; x_wconf 88' lang='lat' dir='ltr'><strong>rectitudinem</strong></span> <span class='ocrx_word' id='word_1_504' title='bbox 998 3842 1047 3905; x_wconf 92' lang='lat' dir='ltr'><strong>illi</strong></span> <span class='ocrx_word' id='word_1_505' title='bbox 1065 3841 1157 3927; x_wconf 81' lang='lat' dir='ltr'><strong>cordi</strong></span> <span class='ocrx_word' id='word_1_506' title='bbox 1174 3865 1254 3921; x_wconf 87' lang='lat' dir='ltr'><strong>esse,</strong></span> <span class='ocrx_word' id='word_1_507' title='bbox 1272 3841 1482 3924; x_wconf 88' lang='lat' dir='ltr'><strong>iniquitatem</strong></span> <span class='ocrx_word' id='word_1_508' title='bbox 1502 3864 1580 3908; x_wconf 84' lang='lat' dir='ltr'><strong>vero</strong></span> <span class='ocrx_word' id='word_1_509' title='bbox 1631 3838 1777 3904; x_wconf 87' lang='lat' dir='ltr'><strong>illectare</strong></span> <span class='ocrx_word' id='word_1_510' title='bbox 1804 3841 2027 3923; x_wconf 88' lang='lat' dir='ltr'><strong>praemiorum</strong></span> <span class='ocrx_word' id='word_1_511' title='bbox 2054 3839 2227 3906; x_wconf 92' lang='lat' dir='ltr'><strong>dulcedine</strong></span> <span class='ocrx_word' id='word_1_512' title='bbox 2261 3841 2374 3906; x_wconf 83' lang='lat' dir='ltr'><strong>voluit</strong></span> <span class='ocrx_word' id='word_1_513' title='bbox 2425 3840 2598 3907; x_wconf 83' lang='lat' dir='ltr'><strong>Denuntia</strong></span> 
     </span>
     <span class='ocr_line' id='line_1_37' title="bbox 599 3922 2598 4011; baseline 0.004 -26"><span class='ocrx_word' id='word_1_514' title='bbox 599 3922 848 3986; x_wconf 89' lang='lat' dir='ltr'><strong>abominationi:</strong></span> <span class='ocrx_word' id='word_1_515' title='bbox 873 3923 1016 4008; x_wconf 89' lang='lat' dir='ltr'><strong>ideoque,</strong></span> <span class='ocrx_word' id='word_1_516' title='bbox 1039 3929 1103 3992; x_wconf 91' lang='lat' dir='ltr'><strong>nisi</strong></span> <span class='ocrx_word' id='word_1_517' title='bbox 1120 3929 1261 3993; x_wconf 86' lang='lat' dir='ltr'><strong>velimus</strong></span> <span class='ocrx_word' id='word_1_518' title='bbox 1281 3929 1384 4010; x_wconf 91' lang='lat' dir='ltr'><strong>impia</strong></span> <span class='ocrx_word' id='word_1_519' title='bbox 1404 3929 1579 4011; x_wconf 87' lang='lat' dir='ltr'><strong>ingratitu-</strong></span> <span class='ocrx_word' id='word_1_520' title='bbox 1631 3947 1709 4008; x_wconf 89' lang='lat' dir='ltr'><strong>ergo</strong></span> <span class='ocrx_word' id='word_1_521' title='bbox 1739 3926 1882 4008; x_wconf 90' lang='lat' dir='ltr'><strong>reposita</strong></span> <span class='ocrx_word' id='word_1_522' title='bbox 1902 3926 2083 3991; x_wconf 84' lang='lat' dir='ltr'><strong>virtutibus</strong></span> <span class='ocrx_word' id='word_1_523' title='bbox 2105 3926 2194 4009; x_wconf 92' lang='lat' dir='ltr'><strong>apud</strong></span> <span class='ocrx_word' id='word_1_524' title='bbox 2215 3948 2250 3991; x_wconf 92' lang='grc' dir='ltr'><strong>εθ</strong></span> <span class='ocrx_word' id='word_1_525' title='bbox 2267 3927 2427 4010; x_wconf 90' lang='lat' dir='ltr'><strong>praemia;</strong></span> <span class='ocrx_word' id='word_1_526' title='bbox 2457 3947 2520 3993; x_wconf 89' lang='lat' dir='ltr'><strong>nec</strong></span> <span class='ocrx_word' id='word_1_527' title='bbox 2537 3947 2598 4011; x_wconf 84' lang='lat' dir='ltr'><strong>ope</strong></span> 
     </span>
     <span class='ocr_line' id='line_1_38' title="bbox 599 4006 2598 4096; baseline 0.006 -26"><span class='ocrx_word' id='word_1_528' title='bbox 599 4007 676 4071; x_wconf 90' lang='lat' dir='ltr'><strong>dine</strong></span> <span class='ocrx_word' id='word_1_529' title='bbox 704 4028 724 4071; x_wconf 89' lang='lat' dir='ltr'><strong>a</strong></span> <span class='ocrx_word' id='word_1_530' title='bbox 750 4006 917 4073; x_wconf 90' lang='lat' dir='ltr'><strong>conditore</strong></span> <span class='ocrx_word' id='word_1_531' title='bbox 939 4021 1051 4079; x_wconf 90' lang='lat' dir='ltr'><strong>nostro</strong></span> <span class='ocrx_word' id='word_1_532' title='bbox 1074 4014 1220 4092; x_wconf 89' lang='lat' dir='ltr'><strong>deficere,</strong></span> <span class='ocrx_word' id='word_1_533' title='bbox 1242 4015 1404 4080; x_wconf 90' lang='lat' dir='ltr'><strong>iustitiam</strong></span> <span class='ocrx_word' id='word_1_534' title='bbox 1426 4023 1494 4079; x_wconf 91' lang='lat' dir='ltr'><strong>tota</strong></span> <span class='ocrx_word' id='word_1_535' title='bbox 1510 4015 1580 4080; x_wconf 85' lang='lat' dir='ltr'><strong>vita</strong></span> <span class='ocrx_word' id='word_1_536' title='bbox 1632 4031 1703 4074; x_wconf 90' lang='lat' dir='ltr'><strong>ram</strong></span> <span class='ocrx_word' id='word_1_537' title='bbox 1729 4012 1853 4076; x_wconf 68' lang='lat' dir='ltr'><strong>frustm</strong></span> <span class='ocrx_word' id='word_1_538' title='bbox 1880 4019 2090 4094; x_wconf 88' lang='lat' dir='ltr'><strong>sumpturum</strong></span> <span class='ocrx_word' id='word_1_539' title='bbox 2119 4012 2175 4095; x_wconf 91' lang='lat' dir='ltr'><strong>qui</strong></span> <span class='ocrx_word' id='word_1_540' title='bbox 2202 4013 2385 4096; x_wconf 88' lang='lat' dir='ltr'><strong>praeceptis</strong></span> <span class='ocrx_word' id='word_1_541' title='bbox 2413 4013 2482 4078; x_wconf 91' lang='lat' dir='ltr'><strong>suis</strong></span> <span class='ocrx_word' id='word_1_542' title='bbox 2511 4013 2598 4081; x_wconf 71' lang='lat' dir='ltr'><strong>tuen</strong></span> 
     </span>
     <span class='ocr_line' id='line_1_39' title="bbox 599 4092 2598 4179; baseline 0.005 -22"><span class='ocrx_word' id='word_1_543' title='bbox 599 4092 694 4157; x_wconf 90' lang='lat' dir='ltr'><strong>nobis</strong></span> <span class='ocrx_word' id='word_1_544' title='bbox 723 4109 794 4157; x_wconf 84' lang='lat' dir='ltr'><strong>esse</strong></span> <span class='ocrx_word' id='word_1_545' title='bbox 821 4099 1003 4162; x_wconf 86' lang='lat' dir='ltr'><strong>necessario</strong></span> <span class='ocrx_word' id='word_1_546' title='bbox 1031 4099 1209 4165; x_wconf 86' lang='lat' dir='ltr'><strong>colendam.</strong></span> <span class='ocrx_word' id='word_1_547' title='bbox 1260 4102 1348 4166; x_wconf 89' lang='lat' dir='ltr'><strong>Nam</strong></span> <span class='ocrx_word' id='word_1_548' title='bbox 1374 4101 1403 4165; x_wconf 91' lang='lat' dir='ltr'><strong>si</strong></span> <span class='ocrx_word' id='word_1_549' title='bbox 1430 4109 1502 4164; x_wconf 91' lang='lat' dir='ltr'><strong>tum</strong></span> <span class='ocrx_word' id='word_1_550' title='bbox 1528 4099 1580 4165; x_wconf 91' lang='lat' dir='ltr'><strong>illi</strong></span> <span class='ocrx_word' id='word_1_551' title='bbox 1632 4095 1839 4179; x_wconf 89' lang='lat' dir='ltr'><strong>obsequutus.</strong></span> <span class='ocrx_word' id='word_1_552' title='bbox 1887 4096 1999 4163; x_wconf 85' lang='lat' dir='ltr'><strong>Edicit</strong></span> <span class='ocrx_word' id='word_1_553' title='bbox 2032 4120 2075 4163; x_wconf 90' lang='lat' dir='ltr'><strong>ex</strong></span> <span class='ocrx_word' id='word_1_554' title='bbox 2103 4099 2254 4178; x_wconf 87' lang='lat' dir='ltr'><strong>adverse,</strong></span> <span class='ocrx_word' id='word_1_555' title='bbox 2288 4120 2356 4163; x_wconf 91' lang='lat' dir='ltr'><strong>non</strong></span> <span class='ocrx_word' id='word_1_556' title='bbox 2380 4106 2513 4164; x_wconf 88' lang='lat' dir='ltr'><strong>tantum</strong></span> <span class='ocrx_word' id='word_1_557' title='bbox 2541 4119 2598 4166; x_wconf 85' lang='lat' dir='ltr'><strong>css</strong></span> 
     </span>
     <span class='ocr_line' id='line_1_40' title="bbox 600 4178 2598 4269; baseline 0.005 -26"><span class='ocrx_word' id='word_1_558' title='bbox 600 4178 734 4243; x_wconf 89' lang='lat' dir='ltr'><strong>demum</strong></span> <span class='ocrx_word' id='word_1_559' title='bbox 765 4179 959 4245; x_wconf 81' lang='lat' dir='ltr'><strong>exhibemus</strong></span> <span class='ocrx_word' id='word_1_560' title='bbox 991 4204 1090 4265; x_wconf 92' lang='lat' dir='ltr'><strong>quam</strong></span> <span class='ocrx_word' id='word_1_561' title='bbox 1122 4185 1216 4252; x_wconf 90' lang='lat' dir='ltr'><strong>decet</strong></span> <span class='ocrx_word' id='word_1_562' title='bbox 1237 4186 1467 4265; x_wconf 81' lang='lat' dir='ltr'><strong>reverentiam,</strong></span> <span class='ocrx_word' id='word_1_563' title='bbox 1501 4185 1578 4251; x_wconf 91' lang='lat' dir='ltr'><strong>dum</strong></span> <span class='ocrx_word' id='word_1_564' title='bbox 1630 4182 1865 4248; x_wconf 87' lang='lat' dir='ltr'><strong>exsecrabilem</strong></span> <span class='ocrx_word' id='word_1_565' title='bbox 1886 4185 1948 4249; x_wconf 90' lang='lat' dir='ltr'><strong>sibi</strong></span> <span class='ocrx_word' id='word_1_566' title='bbox 1965 4184 2183 4261; x_wconf 60' lang='lat' dir='ltr'><strong>iniustitiam,</strong></span> <span class='ocrx_word' id='word_1_567' title='bbox 2210 4182 2268 4248; x_wconf 89' lang='lat' dir='ltr'><strong>sed</strong></span> <span class='ocrx_word' id='word_1_568' title='bbox 2289 4206 2350 4250; x_wconf 89' lang='lat' dir='ltr'><strong>nec</strong></span> <span class='ocrx_word' id='word_1_569' title='bbox 2367 4184 2506 4269; x_wconf 89' lang='lat' dir='ltr'><strong>impunc</strong></span> <span class='ocrx_word' id='word_1_570' title='bbox 2534 4205 2598 4252; x_wconf 82' lang='lat' dir='ltr'><strong>eva</strong></span> 
     </span>
     <span class='ocr_line' id='line_1_41' title="bbox 598 4264 2598 4355; baseline 0.003 -24"><span class='ocrx_word' id='word_1_571' title='bbox 598 4264 803 4331; x_wconf 88' lang='lat' dir='ltr'><strong>voluntatem</strong></span> <span class='ocrx_word' id='word_1_572' title='bbox 831 4265 901 4329; x_wconf 90' lang='lat' dir='ltr'><strong>eius</strong></span> <span class='ocrx_word' id='word_1_573' title='bbox 929 4278 1060 4334; x_wconf 89' lang='lat' dir='ltr'><strong>nostrae</strong></span> <span class='ocrx_word' id='word_1_574' title='bbox 1082 4273 1312 4353; x_wconf 89' lang='lat' dir='ltr'><strong>praeferimus,</strong></span> <span class='ocrx_word' id='word_1_575' title='bbox 1341 4273 1490 4355; x_wconf 89' lang='lat' dir='ltr'><strong>sequitur</strong></span> <span class='ocrx_word' id='word_1_576' title='bbox 1510 4293 1579 4336; x_wconf 92' lang='lat' dir='ltr'><strong>non</strong></span> <span class='ocrx_word' id='word_1_577' title='bbox 1632 4289 1743 4333; x_wconf 90' lang='lat' dir='ltr'><strong>suram</strong></span> <span class='ocrx_word' id='word_1_578' title='bbox 1750 4293 1758 4348; x_wconf 84' lang='lat'>3</span> <span class='ocrx_word' id='word_1_579' title='bbox 1785 4267 1872 4352; x_wconf 93' lang='lat' dir='ltr'><strong>quod</strong></span> <span class='ocrx_word' id='word_1_580' title='bbox 1892 4270 1963 4353; x_wconf 91' lang='lat' dir='ltr'><strong>ipse</strong></span> <span class='ocrx_word' id='word_1_581' title='bbox 1985 4278 2190 4353; x_wconf 89' lang='lat' dir='ltr'><strong>contemptae</strong></span> <span class='ocrx_word' id='word_1_582' title='bbox 2218 4292 2297 4335; x_wconf 88' lang='lat' dir='ltr'><strong>suae</strong></span> <span class='ocrx_word' id='word_1_583' title='bbox 2318 4270 2499 4335; x_wconf 88' lang='lat' dir='ltr'><strong>maiestatis</strong></span> <span class='ocrx_word' id='word_1_584' title='bbox 2522 4270 2598 4336; x_wconf 85' lang='lat' dir='ltr'><strong>ulto</strong></span> 
     </span>
     <span class='ocr_line' id='line_1_42' title="bbox 599 4350 2598 4440; baseline 0.003 -24"><span class='ocrx_word' id='word_1_585' title='bbox 599 4351 701 4416; x_wconf 87' lang='lat' dir='ltr'><strong>alium</strong></span> <span class='ocrx_word' id='word_1_586' title='bbox 724 4368 795 4416; x_wconf 87' lang='lat' dir='ltr'><strong>esse</strong></span> <span class='ocrx_word' id='word_1_587' title='bbox 823 4350 1009 4435; x_wconf 89' lang='lat' dir='ltr'><strong>legitimum</strong></span> <span class='ocrx_word' id='word_1_588' title='bbox 1036 4357 1107 4420; x_wconf 90' lang='lat' dir='ltr'><strong>eius</strong></span> <span class='ocrx_word' id='word_1_589' title='bbox 1134 4357 1276 4435; x_wconf 89' lang='lat' dir='ltr'><strong>cultum,</strong></span> <span class='ocrx_word' id='word_1_590' title='bbox 1304 4379 1404 4440; x_wconf 90' lang='lat' dir='ltr'><strong>quam</strong></span> <span class='ocrx_word' id='word_1_591' title='bbox 1424 4357 1577 4437; x_wconf 89' lang='lat' dir='ltr'><strong>iustitiae,</strong></span> <span class='ocrx_word' id='word_1_592' title='bbox 1632 4355 1675 4418; x_wconf 88' lang='lat' dir='ltr'><strong>sit</strong></span> <span class='ocrx_word' id='word_1_593' title='bbox 1695 4355 1835 4420; x_wconf 89' lang='lat' dir='ltr'><strong>futurus.</strong></span> <span class='ocrx_word' id='word_1_594' title='bbox 1879 4357 1930 4420; x_wconf 82' lang='lat' dir='ltr'><strong>Ae</strong></span> <span class='ocrx_word' id='word_1_595' title='bbox 1947 4378 2011 4438; x_wconf 93' lang='lat' dir='ltr'><strong>quo</strong></span> <span class='ocrx_word' id='word_1_596' title='bbox 2028 4356 2134 4421; x_wconf 91' lang='lat' dir='ltr'><strong>modis</strong></span> <span class='ocrx_word' id='word_1_597' title='bbox 2152 4357 2303 4421; x_wconf 91' lang='lat' dir='ltr'><strong>omnibus</strong></span> <span class='ocrx_word' id='word_1_598' title='bbox 2320 4356 2515 4433; x_wconf 88' lang='lat' dir='ltr'><strong>cohortetur,</strong></span> <span class='ocrx_word' id='word_1_599' title='bbox 2539 4364 2598 4421; x_wconf 82' lang='lat' dir='ltr'><strong>tan</strong></span> 
     </span>
     <span class='ocr_line' id='line_1_43' title="bbox 598 4437 2598 4527; baseline 0.003 -26"><span class='ocrx_word' id='word_1_600' title='bbox 598 4437 796 4515; x_wconf 88' lang='lat' dir='ltr'><strong>sanctitatis,</strong></span> <span class='ocrx_word' id='word_1_601' title='bbox 829 4440 982 4519; x_wconf 88' lang='lat' dir='ltr'><strong>puritatis</strong></span> <span class='ocrx_word' id='word_1_602' title='bbox 1013 4440 1280 4507; x_wconf 88' lang='lat' dir='ltr'><strong>observationem.</strong></span> <span class='ocrx_word' id='word_1_603' title='bbox 1324 4445 1394 4509; x_wconf 91' lang='lat' dir='ltr'><strong>Nec</strong></span> <span class='ocrx_word' id='word_1_604' title='bbox 1426 4452 1578 4527; x_wconf 78' lang='lat' dir='ltr'><strong>praeterr·</strong></span> <span class='ocrx_word' id='word_1_605' title='bbox 1632 4441 1724 4506; x_wconf 88' lang='lat' dir='ltr'><strong>vitae</strong></span> <span class='ocrx_word' id='word_1_606' title='bbox 1742 4443 1924 4525; x_wconf 88' lang='lat' dir='ltr'><strong>praesentis</strong></span> <span class='ocrx_word' id='word_1_607' title='bbox 1945 4441 2196 4520; x_wconf 89' lang='lat' dir='ltr'><strong>benedictiones,</strong></span> <span class='ocrx_word' id='word_1_608' title='bbox 2220 4463 2320 4524; x_wconf 89' lang='lat' dir='ltr'><strong>quam</strong></span> <span class='ocrx_word' id='word_1_609' title='bbox 2343 4452 2509 4517; x_wconf 82' lang='lat' dir='ltr'><strong>aeternam</strong></span> <span class='ocrx_word' id='word_1_610' title='bbox 2530 4440 2598 4507; x_wconf 87' lang='lat' dir='ltr'><strong>bea</strong></span> 
     </span>
     <span class='ocr_line' id='line_1_44' title="bbox 599 4523 2598 4612; baseline 0.003 -25"><span class='ocrx_word' id='word_1_611' title='bbox 599 4524 676 4588; x_wconf 90' lang='lat' dir='ltr'><strong>dere</strong></span> <span class='ocrx_word' id='word_1_612' title='bbox 693 4525 941 4589; x_wconf 87' lang='lat' dir='ltr'><strong>excusationem</strong></span> <span class='ocrx_word' id='word_1_613' title='bbox 953 4527 1038 4606; x_wconf 90' lang='lat' dir='ltr'><strong>licet,</strong></span> <span class='ocrx_word' id='word_1_614' title='bbox 1057 4526 1143 4611; x_wconf 93' lang='lat' dir='ltr'><strong>quod</strong></span> <span class='ocrx_word' id='word_1_615' title='bbox 1153 4528 1292 4593; x_wconf 88' lang='lat' dir='ltr'><strong>facultas</strong></span> <span class='ocrx_word' id='word_1_616' title='bbox 1304 4528 1403 4607; x_wconf 91' lang='lat' dir='ltr'><strong>desit,</strong></span> <span class='ocrx_word' id='word_1_617' title='bbox 1423 4538 1465 4607; x_wconf 87' lang='lat' dir='ltr'><strong>et,</strong></span> <span class='ocrx_word' id='word_1_618' title='bbox 1486 4530 1579 4597; x_wconf 78' lang='lat' dir='ltr'><strong>velut</strong></span> <span class='ocrx_word' id='word_1_619' title='bbox 1631 4527 1806 4592; x_wconf 89' lang='lat' dir='ltr'><strong>titudinem</strong></span> <span class='ocrx_word' id='word_1_620' title='bbox 1827 4528 2001 4612; x_wconf 90' lang='lat' dir='ltr'><strong>pollicetur</strong></span> <span class='ocrx_word' id='word_1_621' title='bbox 2018 4549 2130 4592; x_wconf 91' lang='lat' dir='ltr'><strong>eorum</strong></span> <span class='ocrx_word' id='word_1_622' title='bbox 2150 4527 2353 4593; x_wconf 88' lang='lat' dir='ltr'><strong>obedientiae</strong></span> <span class='ocrx_word' id='word_1_623' title='bbox 2376 4528 2433 4611; x_wconf 91' lang='lat' dir='ltr'><strong>qui</strong></span> <span class='ocrx_word' id='word_1_624' title='bbox 2452 4523 2598 4594; x_wconf 71' lang='lat' dir='ltr'><strong>mandata</strong></span> 
     </span>
     <span class='ocr_line' id='line_1_45' title="bbox 599 4608 2598 4697; baseline 0.004 -25"><span class='ocrx_word' id='word_1_625' title='bbox 599 4608 753 4674; x_wconf 88' lang='lat' dir='ltr'><strong>exhausti</strong></span> <span class='ocrx_word' id='word_1_626' title='bbox 775 4608 951 4692; x_wconf 84' lang='lat' dir='ltr'><strong>debitores,</strong></span> <span class='ocrx_word' id='word_1_627' title='bbox 975 4613 1130 4679; x_wconf 85' lang='lat' dir='ltr'><strong>solvendo</strong></span> <span class='ocrx_word' id='word_1_628' title='bbox 1154 4636 1221 4678; x_wconf 91' lang='lat' dir='ltr'><strong>non</strong></span> <span class='ocrx_word' id='word_1_629' title='bbox 1243 4614 1354 4679; x_wconf 90' lang='lat' dir='ltr'><strong>simus.</strong></span> <span class='ocrx_word' id='word_1_630' title='bbox 1394 4615 1472 4679; x_wconf 92' lang='lat' dir='ltr'><strong>Non</strong></span> <span class='ocrx_word' id='word_1_631' title='bbox 1490 4617 1579 4680; x_wconf 93' lang='lat' dir='ltr'><strong>enim</strong></span> <span class='ocrx_word' id='word_1_632' title='bbox 1630 4635 1691 4680; x_wconf 90' lang='lat' dir='ltr'><strong>sua</strong></span> <span class='ocrx_word' id='word_1_633' title='bbox 1713 4614 1932 4692; x_wconf 86' lang='lat' dir='ltr'><strong>servaverint;</strong></span> <span class='ocrx_word' id='word_1_634' title='bbox 1962 4614 2256 4697; x_wconf 87' lang='lat' dir='ltr'><strong>transgressoribus</strong></span> <span class='ocrx_word' id='word_1_635' title='bbox 2285 4637 2352 4678; x_wconf 91' lang='lat' dir='ltr'><strong>non</strong></span> <span class='ocrx_word' id='word_1_636' title='bbox 2380 4615 2491 4679; x_wconf 87' lang='lat' dir='ltr'><strong>minus</strong></span> <span class='ocrx_word' id='word_1_637' title='bbox 2512 4632 2598 4696; x_wconf 87' lang='lat' dir='ltr'><strong>prae</strong></span> 
     </span>
     <span class='ocr_line' id='line_1_46' title="bbox 600 4696 2598 4786; baseline 0.005 -31"><span class='ocrx_word' id='word_1_638' title='bbox 600 4696 754 4757; x_wconf 87' lang='lat' dir='ltr'><strong>convenit</strong></span> <span class='ocrx_word' id='word_1_639' title='bbox 776 4702 814 4759; x_wconf 91' lang='lat' dir='ltr'><strong>ut</strong></span> <span class='ocrx_word' id='word_1_640' title='bbox 835 4696 901 4762; x_wconf 91' lang='lat' dir='ltr'><strong>Dei</strong></span> <span class='ocrx_word' id='word_1_641' title='bbox 923 4698 1061 4783; x_wconf 86' lang='lat' dir='ltr'><strong>gloriam</strong></span> <span class='ocrx_word' id='word_1_642' title='bbox 1085 4700 1262 4764; x_wconf 89' lang='lat' dir='ltr'><strong>metiamur</strong></span> <span class='ocrx_word' id='word_1_643' title='bbox 1282 4722 1324 4764; x_wconf 86' lang='lat' dir='ltr'><strong>ex</strong></span> <span class='ocrx_word' id='word_1_644' title='bbox 1341 4708 1455 4765; x_wconf 90' lang='lat' dir='ltr'><strong>nostra</strong></span> <span class='ocrx_word' id='word_1_645' title='bbox 1476 4701 1578 4767; x_wconf 91' lang='lat' dir='ltr'><strong>facul·</strong></span> <span class='ocrx_word' id='word_1_646' title='bbox 1630 4707 1740 4764; x_wconf 89' lang='lat' dir='ltr'><strong>sentes</strong></span> <span class='ocrx_word' id='word_1_647' title='bbox 1757 4699 1966 4778; x_wconf 88' lang='lat' dir='ltr'><strong>calamitates,</strong></span> <span class='ocrx_word' id='word_1_648' title='bbox 1984 4721 2083 4781; x_wconf 89' lang='lat' dir='ltr'><strong>quam</strong></span> <span class='ocrx_word' id='word_1_649' title='bbox 2101 4707 2253 4764; x_wconf 88' lang='lat' dir='ltr'><strong>aeternae</strong></span> <span class='ocrx_word' id='word_1_650' title='bbox 2274 4700 2390 4765; x_wconf 90' lang='lat' dir='ltr'><strong>mortis</strong></span> <span class='ocrx_word' id='word_1_651' title='bbox 2409 4699 2598 4786; x_wconf 81' lang='lat' dir='ltr'><strong>suppliciun</strong></span> 
     </span>
     <span class='ocr_line' id='line_1_47' title="bbox 599 4779 2598 4869; baseline 0.005 -27"><span class='ocrx_word' id='word_1_652' title='bbox 599 4785 681 4856; x_wconf 86' lang='lat' dir='ltr'><strong>tate3</strong></span> <span class='ocrx_word' id='word_1_653' title='bbox 709 4779 950 4868; x_wconf 88' lang='lat' dir='ltr'><strong>qualescunque</strong></span> <span class='ocrx_word' id='word_1_654' title='bbox 978 4786 1067 4851; x_wconf 90' lang='lat' dir='ltr'><strong>enim</strong></span> <span class='ocrx_word' id='word_1_655' title='bbox 1095 4786 1213 4864; x_wconf 88' lang='lat' dir='ltr'><strong>simus,</strong></span> <span class='ocrx_word' id='word_1_656' title='bbox 1240 4794 1353 4850; x_wconf 88' lang='lat' dir='ltr'><strong>manet</strong></span> <span class='ocrx_word' id='word_1_657' title='bbox 1377 4786 1435 4851; x_wconf 92' lang='lat' dir='ltr'><strong>ille</strong></span> <span class='ocrx_word' id='word_1_658' title='bbox 1461 4788 1511 4850; x_wconf 92' lang='lat' dir='ltr'><strong>sui</strong></span> <span class='ocrx_word' id='word_1_659' title='bbox 1534 4787 1578 4852; x_wconf 92' lang='lat' dir='ltr'><strong>si·</strong></span> <span class='ocrx_word' id='word_1_660' title='bbox 1629 4786 1784 4850; x_wconf 88' lang='lat' dir='ltr'><strong>minatur.</strong></span> <span class='ocrx_word' id='word_1_661' title='bbox 1813 4784 1877 4848; x_wconf 88' lang='lat' dir='ltr'><strong>Dla</strong></span> <span class='ocrx_word' id='word_1_662' title='bbox 1890 4785 1977 4849; x_wconf 91' lang='lat' dir='ltr'><strong>enim</strong></span> <span class='ocrx_word' id='word_1_663' title='bbox 1994 4785 2166 4868; x_wconf 87' lang='lat' dir='ltr'><strong>promissio</strong></span> <span class='ocrx_word' id='word_1_664' title='bbox 2176 4784 2272 4869; x_wconf 84' lang='lat' dir='ltr'><strong>(Lev.</strong></span> <span class='ocrx_word' id='word_1_665' title='bbox 2289 4791 2337 4864; x_wconf 89' lang='lat'><strong>18,</strong></span> <span class='ocrx_word' id='word_1_666' title='bbox 2350 4785 2400 4869; x_wconf 86' lang='lat'><strong>5):</strong></span> <span class='ocrx_word' id='word_1_667' title='bbox 2423 4786 2481 4868; x_wconf 91' lang='lat' dir='ltr'><strong>qui</strong></span> <span class='ocrx_word' id='word_1_668' title='bbox 2495 4785 2598 4851; x_wconf 86' lang='lat' dir='ltr'><strong>feceri</strong></span> 
     </span>
     <span class='ocr_line' id='line_1_48' title="bbox 599 4863 2598 4954; baseline 0.005 -27"><span class='ocrx_word' id='word_1_669' title='bbox 599 4863 688 4928; x_wconf 88' lang='lat' dir='ltr'><strong>milis</strong></span> <span class='ocrx_word' id='word_1_670' title='bbox 716 4886 860 4947; x_wconf 89' lang='lat' dir='ltr'><strong>semper,</strong></span> <span class='ocrx_word' id='word_1_671' title='bbox 887 4872 1012 4938; x_wconf 86' lang='lat' dir='ltr'><strong>amicus</strong></span> <span class='ocrx_word' id='word_1_672' title='bbox 1038 4873 1198 4950; x_wconf 85' lang='lat' dir='ltr'><strong>iustitiae,</strong></span> <span class='ocrx_word' id='word_1_673' title='bbox 1227 4872 1391 4954; x_wconf 89' lang='lat' dir='ltr'><strong>iniquitati</strong></span> <span class='ocrx_word' id='word_1_674' title='bbox 1420 4872 1576 4938; x_wconf 89' lang='lat' dir='ltr'><strong>infensus.</strong></span> <span class='ocrx_word' id='word_1_675' title='bbox 1629 4871 1720 4950; x_wconf 88' lang='lat' dir='ltr'><strong>haee,</strong></span> <span class='ocrx_word' id='word_1_676' title='bbox 1742 4871 1834 4936; x_wconf 84' lang='lat' dir='ltr'><strong>vivet</strong></span> <span class='ocrx_word' id='word_1_677' title='bbox 1854 4871 1888 4933; x_wconf 92' lang='lat' dir='ltr'><strong>in</strong></span> <span class='ocrx_word' id='word_1_678' title='bbox 1911 4870 1991 4949; x_wconf 90' lang='lat' dir='ltr'><strong>illis;</strong></span> <span class='ocrx_word' id='word_1_679' title='bbox 2013 4872 2093 4934; x_wconf 88' lang='lat' dir='ltr'><strong>item</strong></span> <span class='ocrx_word' id='word_1_680' title='bbox 2105 4872 2315 4936; x_wconf 88' lang='lat' dir='ltr'><strong>comminatio</strong></span> <span class='ocrx_word' id='word_1_681' title='bbox 2336 4871 2385 4936; x_wconf 93' lang='lat' dir='ltr'><strong>illi</strong></span> <span class='ocrx_word' id='word_1_682' title='bbox 2407 4868 2598 4954; x_wconf 85' lang='lat' dir='ltr'><strong>responden</strong></span> 
     </span>
     <span class='ocr_line' id='line_1_49' title="bbox 600 4946 2598 5043; baseline 0.006 -31"><span class='ocrx_word' id='word_1_683' title='bbox 600 4946 770 5030; x_wconf 81' lang='lat' dir='ltr'><strong>Quidquid</strong></span> <span class='ocrx_word' id='word_1_684' title='bbox 792 4972 812 5014; x_wconf 91' lang='lat' dir='ltr'><strong>a</strong></span> <span class='ocrx_word' id='word_1_685' title='bbox 833 4957 925 5022; x_wconf 90' lang='lat' dir='ltr'><strong>nobis</strong></span> <span class='ocrx_word' id='word_1_686' title='bbox 948 4960 1061 5043; x_wconf 89' lang='lat' dir='ltr'><strong>exigat</strong></span> <span class='ocrx_word' id='word_1_687' title='bbox 1087 4957 1180 5042; x_wconf 91' lang='lat' dir='ltr'><strong>(quia</strong></span> <span class='ocrx_word' id='word_1_688' title='bbox 1200 4977 1269 5022; x_wconf 90' lang='lat' dir='ltr'><strong>non</strong></span> <span class='ocrx_word' id='word_1_689' title='bbox 1290 4965 1399 5040; x_wconf 87' lang='lat' dir='ltr'><strong>potest</strong></span> <span class='ocrx_word' id='word_1_690' title='bbox 1421 4958 1485 5021; x_wconf 91' lang='lat' dir='ltr'><strong>nisi</strong></span> <span class='ocrx_word' id='word_1_691' title='bbox 1507 4979 1577 5024; x_wconf 88' lang='lat' dir='ltr'><strong>rcc—</strong></span> <span class='ocrx_word' id='word_1_692' title='bbox 1629 4958 1761 5038; x_wconf 74' lang='lat' dir='ltr'><strong>(aare,</strong></span> <span class='ocrx_word' id='word_1_693' title='bbox 1771 4956 1842 5039; x_wconf 83' lang='lat'>20):</span> <span class='ocrx_word' id='word_1_694' title='bbox 1860 4957 1971 5020; x_wconf 91' lang='lat' dir='ltr'><strong>anima</strong></span> <span class='ocrx_word' id='word_1_695' title='bbox 1981 4977 2065 5038; x_wconf 91' lang='lat' dir='ltr'><strong>quae</strong></span> <span class='ocrx_word' id='word_1_696' title='bbox 2076 4956 2268 5038; x_wconf 86' lang='lat' dir='ltr'><strong>peccaverit,</strong></span> <span class='ocrx_word' id='word_1_697' title='bbox 2286 4958 2359 5041; x_wconf 91' lang='lat' dir='ltr'><strong>ipsa</strong></span> <span class='ocrx_word' id='word_1_698' title='bbox 2369 4958 2545 5035; x_wconf 89' lang='lat' dir='ltr'><strong>morietur;</strong></span> <span class='ocrx_word' id='word_1_699' title='bbox 2568 4977 2598 5023; x_wconf 73' lang='lat' dir='ltr'><strong>a«</strong></span> 
     </span>
     <span class='ocr_line' id='line_1_50' title="bbox 599 5035 2598 5131; baseline 0.005 -33"><span class='ocrx_word' id='word_1_700' title='bbox 599 5042 679 5131; x_wconf 80' lang='lat' dir='ltr'><strong>tum¹</strong></span> <span class='ocrx_word' id='word_1_701' title='bbox 692 5035 849 5119; x_wconf 84' lang='lat' dir='ltr'><strong>exigere),</strong></span> <span class='ocrx_word' id='word_1_702' title='bbox 873 5062 914 5106; x_wconf 87' lang='lat' dir='ltr'><strong>ex</strong></span> <span class='ocrx_word' id='word_1_703' title='bbox 933 5052 1072 5111; x_wconf 87' lang='lat' dir='ltr'><strong>naturae</strong></span> <span class='ocrx_word' id='word_1_704' title='bbox 1089 5043 1285 5128; x_wconf 84' lang='lat' dir='ltr'><strong>obligatione</strong></span> <span class='ocrx_word' id='word_1_705' title='bbox 1303 5043 1502 5125; x_wconf 92' lang='lat' dir='ltr'><strong>obsequendi</strong></span> <span class='ocrx_word' id='word_1_706' title='bbox 1519 5067 1577 5109; x_wconf 93' lang='lat' dir='ltr'><strong>ne-</strong></span> <span class='ocrx_word' id='word_1_707' title='bbox 1628 5045 1773 5108; x_wconf 88' lang='lat' dir='ltr'><strong>futuram</strong></span> <span class='ocrx_word' id='word_1_708' title='bbox 1795 5041 1909 5124; x_wconf 80' lang='lat' dir='ltr'><strong>procul</strong></span> <span class='ocrx_word' id='word_1_709' title='bbox 1921 5041 2019 5105; x_wconf 93' lang='lat' dir='ltr'><strong>dubio</strong></span> <span class='ocrx_word' id='word_1_710' title='bbox 2036 5049 2070 5106; x_wconf 92' lang='lat' dir='ltr'><strong>et</strong></span> <span class='ocrx_word' id='word_1_711' title='bbox 2088 5060 2258 5125; x_wconf 89' lang='lat' dir='ltr'><strong>nunquam</strong></span> <span class='ocrx_word' id='word_1_712' title='bbox 2278 5043 2458 5108; x_wconf 89' lang='lat' dir='ltr'><strong>finiendam</strong></span> <span class='ocrx_word' id='word_1_713' title='bbox 2475 5042 2598 5109; x_wconf 88' lang='lat' dir='ltr'><strong>velim·</strong></span> 
     </span>
     <span class='ocr_line' id='line_1_51' title="bbox 599 5126 2598 5219; baseline 0.006 -36"><span class='ocrx_word' id='word_1_714' title='bbox 599 5126 734 5219; x_wconf 61' lang='lat' dir='ltr'><strong>assertas</strong></span> <span class='ocrx_word' id='word_1_715' title='bbox 756 5141 816 5217; x_wconf 85' lang='lat' dir='ltr'><strong>nos</strong></span> <span class='ocrx_word' id='word_1_716' title='bbox 838 5137 963 5209; x_wconf 88' lang='lat' dir='ltr'><strong>manet;</strong></span> <span class='ocrx_word' id='word_1_717' title='bbox 993 5130 1078 5213; x_wconf 90' lang='lat' dir='ltr'><strong>quod</strong></span> <span class='ocrx_word' id='word_1_718' title='bbox 1101 5137 1212 5195; x_wconf 89' lang='lat' dir='ltr'><strong>autem</strong></span> <span class='ocrx_word' id='word_1_719' title='bbox 1238 5151 1307 5194; x_wconf 90' lang='lat' dir='ltr'><strong>non</strong></span> <span class='ocrx_word' id='word_1_720' title='bbox 1327 5149 1515 5212; x_wconf 88' lang='lat' dir='ltr'><strong>possumus,</strong></span> <span class='ocrx_word' id='word_1_721' title='bbox 1543 5130 1577 5194; x_wconf 93' lang='lat' dir='ltr'><strong>id</strong></span> <span class='ocrx_word' id='word_1_722' title='bbox 1628 5128 1863 5193; x_wconf 87' lang='lat' dir='ltr'><strong>mortalitatem</strong></span> <span class='ocrx_word' id='word_1_723' title='bbox 1885 5127 1938 5192; x_wconf 86' lang='lat' dir='ltr'><strong>vel</strong></span> <span class='ocrx_word' id='word_1_724' title='bbox 1955 5136 2095 5192; x_wconf 90' lang='lat' dir='ltr'><strong>mortem</strong></span> <span class='ocrx_word' id='word_1_725' title='bbox 2114 5137 2271 5212; x_wconf 88' lang='lat' dir='ltr'><strong>spectant</strong></span> <span class='ocrx_word' id='word_1_726' title='bbox 2312 5129 2512 5213; x_wconf 78' lang='lat' dir='ltr'><strong>Quanquam</strong></span> <span class='ocrx_word' id='word_1_727' title='bbox 2534 5127 2598 5195; x_wconf 85' lang='lat' dir='ltr'><strong>ubi</strong></span> 
     </span>
     <span class='ocr_line' id='line_1_52' title="bbox 599 5214 2598 5300; baseline 0.004 -26"><span class='ocrx_word' id='word_1_728' title='bbox 599 5217 673 5272; x_wconf 73' lang='lat' dir='ltr'><strong>utu</strong></span> <span class='ocrx_word' id='word_1_729' title='bbox 694 5214 801 5271; x_wconf 84' lang='lat' dir='ltr'><strong>nostn</strong></span> <span class='ocrx_word' id='word_1_730' title='bbox 821 5219 879 5276; x_wconf 88' lang='lat' dir='ltr'><strong>est.</strong></span> <span class='ocrx_word' id='word_1_731' title='bbox 924 5216 956 5279; x_wconf 78' lang='lat' dir='ltr'>A</span> <span class='ocrx_word' id='word_1_732' title='bbox 978 5217 1110 5300; x_wconf 89' lang='lat' dir='ltr'><strong>propria</strong></span> <span class='ocrx_word' id='word_1_733' title='bbox 1131 5217 1220 5281; x_wconf 90' lang='lat' dir='ltr'><strong>enim</strong></span> <span class='ocrx_word' id='word_1_734' title='bbox 1242 5215 1431 5299; x_wconf 89' lang='lat' dir='ltr'><strong>cupiditate,</strong></span> <span class='ocrx_word' id='word_1_735' title='bbox 1455 5215 1491 5280; x_wconf 92' lang='lat' dir='ltr'><strong>in</strong></span> <span class='ocrx_word' id='word_1_736' title='bbox 1512 5237 1577 5299; x_wconf 91' lang='lat' dir='ltr'><strong>qua</strong></span> <span class='ocrx_word' id='word_1_737' title='bbox 1629 5235 1757 5296; x_wconf 89' lang='lat' dir='ltr'><strong>cunque</strong></span> <span class='ocrx_word' id='word_1_738' title='bbox 1778 5221 2054 5280; x_wconf 90' lang='lat' dir='ltr'><strong>commemoratur</strong></span> <span class='ocrx_word' id='word_1_739' title='bbox 2069 5215 2298 5281; x_wconf 80' lang='lat' dir='ltr'><strong>benevolentia</strong></span> <span class='ocrx_word' id='word_1_740' title='bbox 2313 5225 2372 5279; x_wconf 91' lang='lat' dir='ltr'><strong>aut</strong></span> <span class='ocrx_word' id='word_1_741' title='bbox 2388 5215 2523 5292; x_wconf 90' lang='lat' dir='ltr'><strong>iraDei,</strong></span> <span class='ocrx_word' id='word_1_742' title='bbox 2546 5214 2598 5281; x_wconf 85' lang='lat' dir='ltr'><strong>sul</strong></span> 
     </span>
     <span class='ocr_line' id='line_1_53' title="bbox 598 5298 2598 5382; baseline 0.005 -24"><span class='ocrx_word' id='word_1_743' title='bbox 598 5300 768 5375; x_wconf 87' lang='lat' dir='ltr'><strong>peccatum</strong></span> <span class='ocrx_word' id='word_1_744' title='bbox 789 5304 916 5380; x_wconf 88' lang='lat' dir='ltr'><strong>regnat,</strong></span> <span class='ocrx_word' id='word_1_745' title='bbox 939 5301 968 5365; x_wconf 91' lang='lat' dir='ltr'><strong>si</strong></span> <span class='ocrx_word' id='word_1_746' title='bbox 989 5303 1089 5368; x_wconf 89' lang='lat' dir='ltr'><strong>vincti</strong></span> <span class='ocrx_word' id='word_1_747' title='bbox 1111 5310 1271 5382; x_wconf 90' lang='lat' dir='ltr'><strong>tenemur,</strong></span> <span class='ocrx_word' id='word_1_748' title='bbox 1295 5324 1338 5368; x_wconf 91' lang='lat' dir='ltr'><strong>ne</strong></span> <span class='ocrx_word' id='word_1_749' title='bbox 1354 5300 1453 5368; x_wconf 89' lang='lat' dir='ltr'><strong>soluti</strong></span> <span class='ocrx_word' id='word_1_750' title='bbox 1474 5304 1576 5368; x_wconf 86' lang='lat' dir='ltr'><strong>simus</strong></span> <span class='ocrx_word' id='word_1_751' title='bbox 1628 5300 1686 5365; x_wconf 91' lang='lat' dir='ltr'><strong>illa</strong></span> <span class='ocrx_word' id='word_1_752' title='bbox 1719 5298 1896 5365; x_wconf 87' lang='lat' dir='ltr'><strong>aeternitas</strong></span> <span class='ocrx_word' id='word_1_753' title='bbox 1929 5299 2031 5380; x_wconf 85' lang='lat' dir='ltr'><strong>vitae,</strong></span> <span class='ocrx_word' id='word_1_754' title='bbox 2070 5302 2131 5367; x_wconf 91' lang='lat' dir='ltr'><strong>sub</strong></span> <span class='ocrx_word' id='word_1_755' title='bbox 2166 5301 2228 5366; x_wconf 91' lang='lat' dir='ltr'><strong>hae</strong></span> <span class='ocrx_word' id='word_1_756' title='bbox 2263 5306 2433 5366; x_wconf 81' lang='lat' dir='ltr'><strong>aeternum</strong></span> <span class='ocrx_word' id='word_1_757' title='bbox 2468 5300 2598 5367; x_wconf 80' lang='lat' dir='ltr'><strong>exititm</strong></span> 
     </span>
     <span class='ocr_line' id='line_1_54' title="bbox 1629 5385 2598 5453; baseline 0 0"><span class='ocrx_word' id='word_1_758' title='bbox 1629 5387 1824 5453; x_wconf 89' lang='lat' dir='ltr'><strong>continetur.</strong></span> <span class='ocrx_word' id='word_1_759' title='bbox 1874 5385 2106 5451; x_wconf 88' lang='lat' dir='ltr'><strong>Praesentium</strong></span> <span class='ocrx_word' id='word_1_760' title='bbox 2134 5394 2247 5452; x_wconf 88' lang='lat' dir='ltr'><strong>autem</strong></span> <span class='ocrx_word' id='word_1_761' title='bbox 2277 5386 2542 5453; x_wconf 90' lang='lat' dir='ltr'><strong>benedictionum</strong></span> <span class='ocrx_word' id='word_1_762' title='bbox 2570 5408 2598 5453; x_wconf 74' lang='lat' dir='ltr'><strong>at</strong></span> 
     </span>
     <span class='ocr_line' id='line_1_55' title="bbox 1627 5471 2598 5557; baseline 0.002 -20"><span class='ocrx_word' id='word_1_763' title='bbox 1627 5471 1896 5537; x_wconf 85' lang='lat' dir='ltr'><strong>maledictionum</strong></span> <span class='ocrx_word' id='word_1_764' title='bbox 1917 5471 2035 5556; x_wconf 88' lang='lat' dir='ltr'><strong>longus</strong></span> <span class='ocrx_word' id='word_1_765' title='bbox 2063 5473 2100 5536; x_wconf 93' lang='lat' dir='ltr'><strong>in</strong></span> <span class='ocrx_word' id='word_1_766' title='bbox 2118 5472 2191 5556; x_wconf 86' lang='lat' dir='ltr'><strong>lege</strong></span> <span class='ocrx_word' id='word_1_767' title='bbox 2220 5473 2387 5557; x_wconf 86' lang='lat' dir='ltr'><strong>catalogus</strong></span> <span class='ocrx_word' id='word_1_768' title='bbox 2415 5478 2598 5539; x_wconf 77' lang='lat' dir='ltr'><strong>recensetis</strong></span> 
     </span>
    </p>
   </div>
   <div class='ocr_carea' id='block_1_3' title="bbox 598 5486 2598 5740">
    <p class='ocr_par' dir='ltr' id='par_1_3' title="bbox 598 5486 2598 5740">
     <span class='ocr_line' id='line_1_56' title="bbox 668 5486 2471 5601; baseline -0.006 -20"><span class='ocrx_word' id='word_1_769' title='bbox 668 5531 696 5594; x_wconf 76' lang='grc' dir='ltr'><strong>ι)</strong></span> <span class='ocrx_word' id='word_1_770' title='bbox 721 5531 796 5584; x_wconf 79' lang='lat' dir='ltr'><strong>aaa.</strong></span> <span class='ocrx_word' id='word_1_771' title='bbox 820 5486 886 5581; x_wconf 67' lang='lat' dir='ltr'><strong>aa]</strong></span> <span class='ocrx_word' id='word_1_772' title='bbox 909 5523 992 5577; x_wconf 61' lang='lat' dir='ltr'><strong>atae.-</strong></span> <span class='ocrx_word' id='word_1_773' title='bbox 1017 5523 1364 5592; x_wconf 61' lang='lat' dir='ltr'><strong>ascendeutes-1654).</strong></span> <span class='ocrx_word' id='word_1_774' title='bbox 1452 5523 1483 5590; x_wconf 84' lang='lat' dir='ltr'><strong>a)</strong></span> <span class='ocrx_word' id='word_1_775' title='bbox 1502 5524 1575 5578; x_wconf 80' lang='lat' dir='ltr'><strong>aaa.</strong></span> <span class='ocrx_word' id='word_1_776' title='bbox 1741 5561 1758 5601; x_wconf 63' lang='lat'>0</span> <span class='ocrx_word' id='word_1_777' title='bbox 1944 5582 1951 5594; x_wconf 50' lang='lat'>‚</span> <span class='ocrx_word' id='word_1_778' title='bbox 2465 5558 2471 5571; x_wconf 95' lang='lat'>.</span> 
     </span>
     <span class='ocr_line' id='line_1_57' title="bbox 598 5558 2598 5661; baseline -0.015 -9"><span class='ocrx_word' id='word_1_779' title='bbox 598 5601 745 5652; x_wconf 70' lang='lat' dir='ltr'><strong>manaae</strong></span> <span class='ocrx_word' id='word_1_780' title='bbox 762 5615 830 5653; x_wconf 70' lang='lat' dir='ltr'><strong>aa.</strong></span> <span class='ocrx_word' id='word_1_781' title='bbox 848 5597 944 5650; x_wconf 77' lang='lat' dir='ltr'><strong>oma:</strong></span> <span class='ocrx_word' id='word_1_782' title='bbox 961 5593 1009 5645; x_wconf 76' lang='lat' dir='ltr'><strong>ita</strong></span> <span class='ocrx_word' id='word_1_783' title='bbox 1026 5591 1115 5651; x_wconf 78' lang='lat' dir='ltr'><strong>uara</strong></span> <span class='ocrx_word' id='word_1_784' title='bbox 1135 5592 1209 5645; x_wconf 74' lang='lat' dir='ltr'><strong>resa</strong></span> <span class='ocrx_word' id='word_1_785' title='bbox 1229 5592 1316 5661; x_wconf 74' lang='lat' dir='ltr'><strong>ieet).</strong></span> <span class='ocrx_word' id='word_1_786' title='bbox 1365 5592 1396 5661; x_wconf 78' lang='lat' dir='ltr'><strong>a)</strong></span> <span class='ocrx_word' id='word_1_787' title='bbox 1415 5594 1489 5648; x_wconf 78' lang='lat' dir='ltr'><strong>aaa,</strong></span> <span class='ocrx_word' id='word_1_788' title='bbox 1503 5610 1576 5661; x_wconf 65' lang='lat' dir='ltr'><strong>pa...</strong></span> <span class='ocrx_word' id='word_1_789' title='bbox 1630 5559 1726 5658; x_wconf 61' lang='lat' dir='ltr'><strong>(Lep</strong></span> <span class='ocrx_word' id='word_1_790' title='bbox 1740 5562 1791 5633; x_wconf 56' lang='grc' dir='ltr'><strong>ω6,</strong></span> <span class='ocrx_word' id='word_1_791' title='bbox 1810 5565 1951 5656; x_wconf 53' lang='grc'>18611,</span> <span class='ocrx_word' id='word_1_792' title='bbox 1973 5559 2072 5623; x_wconf 87' lang='lat' dir='ltr'><strong>Deut</strong></span> <span class='ocrx_word' id='word_1_793' title='bbox 2085 5562 2134 5636; x_wconf 82' lang='lat'><strong>28,</strong></span> <span class='ocrx_word' id='word_1_794' title='bbox 2157 5564 2173 5657; x_wconf 86' lang='lat'><strong>¹.</strong></span> <span class='ocrx_word' id='word_1_795' title='bbox 2192 5558 2304 5657; x_wconf 74' lang='lat' dir='ltr'><strong>seqq).</strong></span> <span class='ocrx_word' id='word_1_796' title='bbox 2336 5559 2448 5641; x_wconf 77' lang='lat' dir='ltr'><strong>Atque</strong></span> <span class='ocrx_word' id='word_1_797' title='bbox 2462 5581 2498 5657; x_wconf 60' lang='grc' dir='ltr'><strong>ιε</strong></span> <span class='ocrx_word' id='word_1_798' title='bbox 2511 5579 2598 5660; x_wconf 67' lang='lat' dir='ltr'><strong>sanc</strong></span> 
     </span>
     <span class='ocr_line' id='line_1_58' title="bbox 598 5642 2598 5740; baseline -0.008 -17"><span class='ocrx_word' id='word_1_799' title='bbox 598 5659 1064 5733; x_wconf 72' lang='lat' dir='ltr'><strong>caresoata..·a(1617.1ect).</strong></span> <span class='ocrx_word' id='word_1_800' title='bbox 1604 5644 1770 5740; x_wconf 24' lang='lat' dir='ltr'><strong>&#39;bombus</strong></span> <span class='ocrx_word' id='word_1_801' title='bbox 1795 5642 1927 5726; x_wconf 88' lang='lat' dir='ltr'><strong>qmdem</strong></span> <span class='ocrx_word' id='word_1_802' title='bbox 1955 5665 2085 5708; x_wconf 89' lang='lat' dir='ltr'><strong>summa</strong></span> <span class='ocrx_word' id='word_1_803' title='bbox 2110 5644 2174 5709; x_wconf 88' lang='lat' dir='ltr'><strong>Der</strong></span> <span class='ocrx_word' id='word_1_804' title='bbox 2202 5652 2344 5726; x_wconf 78' lang='lat' dir='ltr'><strong>puritas,</strong></span> <span class='ocrx_word' id='word_1_805' title='bbox 2375 5666 2458 5728; x_wconf 89' lang='lat' dir='ltr'><strong>quae</strong></span> <span class='ocrx_word' id='word_1_806' title='bbox 2485 5667 2598 5730; x_wconf 82' lang='lat' dir='ltr'><strong>rmqm</strong></span> 
     </span>
    </p>
   </div>
   <div class='ocr_carea' id='block_1_4' title="bbox 0 0 2804 6805">
    <p class='ocr_par' dir='ltr' id='par_1_4' title="bbox 0 0 2804 6805">
     <span class='ocr_line' id='line_1_59' title="bbox 0 0 2804 6805; baseline 0 0"><span class='ocrx_word' id='word_1_807' title='bbox 0 0 2804 6805; x_wconf 95' lang='lat' dir='ltr'><strong> </strong></span> 
     </span>
    </p>
   </div>
  </div>
 </body>
</html>
