5600 6809
393 751 457 813 359
1042 739 1308 808 alemanno
1331 740 1437 810 nnn.
1461 740 1641 812 annisu.
1668 744 1760 805 1559.
1831 843 1837 853 ἢ
1899 793 1904 802 .
1983 745 1986 748 ’
2059 753 2062 761 ·
2142 688 2144 690 ,
2345 700 2413 802 seb

393 936 538 1017 coepisse
565 934 631 998 Dei
659 933 778 1013 filium,
806 933 883 1014 quia
909 911 970 1014 qui
992 937 1167 1014 conceptus
1194 937 1259 1007 est,
1287 929 1375 993 filius
1425 930 1543 1011 fatetur
1573 929 1674 1010 fuisse
1704 927 1769 993 Dei
1796 926 1915 1008 filium,
1950 928 2005 1009 qui
2037 932 2146 1009 postea
2184 927 2321 992 venun
2353 949 2414 1009 op-

393 1027 545 1098 vooatur,
569 1026 737 1101 sequetur,
764 1040 834 1083 esse
857 1019 999 1100 coepisse
1020 1016 1159 1081 verbum
1182 1037 1203 1080 a
1224 1036 1284 1080 sua
1305 1036 1375 1079 ma-
1422 1014 1545 1097 paruit.

395 1107 601 1172 nifastatione
629 1107 666 1169 in
696 1125 809 1182 carno,
838 1105 914 1186 quia
935 1104 1075 1167 Ioannes
1098 1101 1130 1186 (l
1151 1103 1265 1166 Ioann.
1288 1105 1321 1180 1,
1342 1099 1375 1183 l)
1515 1104 1544 1163 8.
1589 1098 1666 1186 Etsi
1684 1103 1789 1163 artem
1809 1098 1965 1164 homoide
1980 1103 2123 1180 portenta
2144 1098 2315 1177 mundarit
2338 1098 2413 1164 Ser-

395 1190 497 1256 uadit
523 1213 558 1257 se
586 1190 625 1254 de
653 1191 753 1255 verbo
781 1192 867 1254 vitae
894 1189 1105 1265 annuntiare,
1143 1187 1231 1269 quod
1257 1206 1375 1250 manus
1429 1191 1526 1266 octus,
1554 1184 1668 1266 quibus
1692 1185 1772 1266 forte
1799 1184 1860 1248 alii
1881 1205 1942 1248 non
1963 1184 2200 1263 subscriberem
2221 1185 2413 1268 quicunque

396 1299 475 1343 suae
498 1283 790 1342 contrectaverunt.
835 1274 997 1341 Similiter
1017 1272 1103 1355 quod
1126 1272 1213 1356 apud
1233 1271 1375 1356 prophe-
1429 1279 1531 1337 tamen
1557 1271 1664 1335 filium
1685 1271 1750 1335 Dei
1780 1290 1849 1334 non
1876 1278 2058 1353 agnoscunt
2084 1270 2149 1335 nisi
2177 1271 2214 1333 in
2237 1290 2351 1350 carne,
2382 1272 2413 1336 si

396 1371 466 1428 tam
488 1363 604 1447 (Mich.
626 1367 654 1441 5,
674 1365 708 1446 2)
732 1362 865 1445 legitur:
891 1367 928 1423 tu
950 1359 1149 1424 Bethlehem
1171 1366 1260 1422 ter-ra
1281 1357 1375 1434 Iuda,
1428 1358 1563 1442 propius
1584 1358 1695 1435 instes,
1719 1357 1760 1422 ab
1782 1356 1848 1420 illis
1865 1355 1900 1419 id
1921 1356 2054 1421 concedi
2070 1355 2319 1436 animadvertes,
2341 1376 2413 1422 non

396 1449 538 1533 parvula
559 1459 599 1512 ‘es
626 1449 662 1511 in
686 1447 830 1511 millibus
856 1445 953 1523 Iuda3
983 1466 1025 1509 ex
1053 1453 1086 1509 te
1112 1445 1194 1508 mihi
1223 1450 1377 1508 nascetur
1429 1445 1495 1509 alia
1514 1444 1642 1508 ratione
1663 1443 1728 1506 nisi
1750 1443 2020 1525 quiaconceptus
2041 1442 2144 1506 estin
2160 1451 2254 1505 utero
2270 1443 2414 1526 virginis

397 1534 466 1599 dux
494 1535 551 1616 qui
580 1541 674 1617 regat
699 1532 856 1614 populum
882 1552 992 1595 meum
1018 1531 1138 1609 Israel,
1165 1537 1199 1594 et
1226 1550 1377 1614 egressus
1430 1552 1472 1595 cx
1492 1529 1613 1611 spiritu
1634 1535 1764 1593 sancto:
1793 1528 1934 1610 qualiter
1960 1528 2038 1591 olim
2059 1528 2177 1610 nugati
2199 1535 2278 1591 sunt
2299 1529 2414 1592 Mani·

398 1621 469 1685 eius
498 1620 538 1684 ab
563 1619 671 1697 initio,
705 1617 861 1682 adiebus
887 1617 1106 1681 aeternitatis:
1137 1614 1297 1698 quomodo
1324 1635 1378 1680 co·
1431 1616 1539 1694 chaci,
1567 1614 1735 1679 hominem
1767 1634 1809 1678 ox
1836 1613 1970 1679 traduce
1997 1614 2062 1678 Dei
2100 1613 2245 1676 animam
2272 1612 2413 1695 habere3

399 1712 519 1789 gantur
540 1704 763 1786 interpretari,
793 1703 943 1767 sitalem
970 1700 1223 1786 argumentandi
1244 1699 1378 1765 modurn
1431 1702 1508 1784 quia
1539 1698 1694 1784 legebant
1721 1698 1822 1784 (Gen.
1847 1703 1884 1778 2,
1905 1700 1939 1783 7)
1966 1698 2077 1763 Deum
2108 1699 2284 1781 inspirasse
2317 1700 2415 1765 Adae

399 1791 490 1872 sequi
513 1789 645 1854 volent?
692 1789 761 1853 Nos
783 1789 865 1853 onim
886 1788 1015 1852 minime
1038 1788 1183 1852 Nastorio
1204 1786 1379 1869 suffrapari
1430 1789 1518 1853 vitae
1545 1785 1755 1869 spiraculum.
1801 1784 1890 1849 Nam
1917 1786 1964 1849 ita
1985 1785 2145 1850 mmduus
2165 1785 2328 1864 arripiurd
2347 1786 2416 1867 filii

399 1880 528 1940 testatus
548 1895 632 1952 mun,
664 1877 719 1956 qui
747 1874 901 1953 duplicem
924 1872 1083 1938 Christum
1111 1878 1295 1938 commodus
1321 1876 1379 1936 est:
1432 1892 1554 1951 aanor,
1578 1878 1614 1936 ut
1633 1871 1756 1935 nullum
1777 1871 1858 1936 inter
1879 1876 2013 1936 naturas
2033 1870 2203 1935 dismimen
2222 1871 2416 1953 relinquant,
2452 1917 2460 1936 .

398 1962 522 2043 quando
543 1982 582 2024 ea
603 1961 746 2024 doctrina
766 1965 873 2024 clostra
894 1960 965 2022 iure
985 1959 1144 2039 fraternae
1158 1951 1380 2023 coniurationis
1433 1959 1487 2023 sed
1519 1958 1644 2039 confuse
1682 1957 1828 2020 blaterant
1862 1955 2022 2022 Christum
2058 1956 2213 2021 luminam
2249 1976 2316 2022 esse
2347 1957 2416 2023 Dei

398 2066 455 2110 nos
482 2066 584 2111 secum
611 2045 676 2109 Dei
702 2045 786 2126 filios
815 2043 961 2110 Christus
987 2045 1074 2126 fecit:
1107 2046 1185 2125 quia
1212 2046 1249 2107 in
1275 2063 1377 2121 carne,
1431 2044 1544 2124 filiurn,
1567 2045 1644 2124 quio
1664 2044 1834 2107 secundum
1855 2043 2025 2107 liumanam
2046 2046 2196 2107 naturam
2218 2063 2257 2107 ea
2273 2043 2343 2108 Deo
2361 2065 2416 2126 pe

399 2152 495 2213 quarn
516 2153 537 2196 a
558 2131 646 2195 nobis
667 2132 816 2210 sumpsit,
844 2132 912 2211 ipse
936 2131 1117 2214 unipenitus
1138 2136 1182 2194 ost
1202 2129 1266 2193 Dei
1283 2130 1379 2210 filius.
1432 2131 1520 2194 nitus
1540 2135 1592 2194 est.
1627 2127 1681 2192 Sic
1697 2134 1823 2193 aeterm
1840 2129 2014 2209 sapientiae
2029 2128 2184 2211 penitura,
2207 2148 2303 2208 quam
2316 2148 2416 2210 prae-

400 2217 450 2281 Ao
464 2218 638 2297 prudenter
660 2218 802 2281 admonet
824 2216 1039 2299 AupustinuS,
1051 2217 1077 2302 ¹)
1105 2217 1207 2280 mirae
1228 2220 1255 2279 ct
1276 2217 1381 2297 sinpn-
1434 2216 1518 2280 dicat
1541 2214 1676 2291 Solonio,
1701 2213 1853 2294 aboletur,
1873 2218 1901 2278 et
1920 2215 2012 2278 num
2033 2213 2161 2277 habetur
2181 2214 2308 2278 deitatis
2327 2215 2416 2280 ratio

399 2304 482 2367 laris
493 2303 558 2367 Dei
577 2305 701 2385 proiice
722 2302 844 2365 illustre
866 2322 931 2366 esse
951 2302 1117 2382 speculum,
1141 2302 1221 2381 quod
1237 2301 1382 2366 hannem
1434 2304 1471 2365 in
1491 2301 1672 2378 mediatore,
1702 2301 1751 2365 oel
1779 2301 1816 2364 in
1841 2300 1978 2364 hominis
2002 2300 2102 2364 marm
2123 2305 2278 2378 spectrum
2300 2320 2417 2382 suppo-

400 2390 531 2468 adeptus
563 2393 621 2466 ost,
653 2392 805 2468 quatenus
838 2393 883 2451 est
912 2387 1017 2464 homo,
1050 2407 1140 2469 quom
1173 2386 1288 2451 mereri
1320 2405 1382 2449 own
1434 2388 1527 2451 nitur.
1574 2385 1753 2451 Crassiores
1788 2384 1906 2450 Servati
1935 2386 2142 2468 praestipias,
2174 2386 2288 2466 quibus
2320 2407 2354 2451 se
2386 2391 2417 2450 et

395 2478 527 2554 poterat.
572 2473 644 2536 Hoc
665 2473 764 2554 ipitur
779 2473 980 2552 praestantia
1007 2474 1101 2537 otiam
1126 2474 1294 2537 secuudum
1314 2491 1382 2534 car-
1434 2473 1587 2554 quosdam
1613 2472 1783 2552 fascinavit
1810 2477 1859 2547 (ut
1880 2471 1936 2535 hoc
1956 2471 2094 2552 exemplo
2114 2471 2268 2535 admoniti
2286 2473 2337 2554 pii
2358 2471 2417 2537 leo·

400 2579 472 2623 nem
504 2559 543 2622 ab
575 2564 661 2623 utero
691 2563 819 2623 ornatus
849 2558 913 2639 fud
943 2556 1101 2636 Christus,
1134 2563 1170 2620 nt
1199 2558 1288 2638 filius
1317 2556 1382 2619 Dei
1434 2564 1513 2622 tores
1533 2578 1566 2622 so
1586 2558 1621 2620 in
1642 2557 1804 2623 sobrietate
1823 2562 1850 2622 et
1870 2556 2020 2621 modestia
2040 2557 2245 2641 contineam),
2273 2557 2415 2639 refellere

401 2648 485 2708 esset.
532 2643 639 2724 Neque
666 2648 769 2707 tanun
796 2645 832 2707 in
851 2664 1006 2723 personae
1031 2645 1151 2707 unitate
1169 2643 1317 2725 depende
1338 2646 1382 2705 est
1433 2644 1508 2708 utile
1525 2644 1651 2724 quirlem
1667 2648 1760 2722 esset,·
1781 2648 2126 2724 tamensuperuaonum
2141 2641 2210 2722 fore
2226 2644 2314 2722 duco,
2335 2644 2418 2724 quia

396 2730 584 2810 permistio,
606 2749 686 2810 quae
707 2729 817 2793 deitati
838 2730 920 2809 quod
934 2731 1104 2809 proprium
1121 2735 1167 2794 est
1186 2729 1280 2793 tollat.
1316 2727 1382 2791 Nec
1434 2730 1469 2794 id
1484 2729 1643 2810 peculiari
1669 2728 1748 2793 libro
1776 2752 1795 2792 a
1822 2748 1871 2792 me
1890 2728 2010 2809 foetum
2031 2734 2082 2793 est.
2127 2727 2201 2792 Huc
2221 2750 2347 2793 summa
2368 2750 2417 2794 re·

401 2833 473 2878 uero
494 2816 598 2897 mapis
618 2814 790 2878 absurdum
811 2821 857 2879 est
876 2819 1034 2879 aeternum
1056 2814 1120 2878 Dei
1142 2835 1326 2893 sennonem,
1355 2816 1382 2877 et
1434 2817 1495 2893 dit,
1526 2814 1632 2894 filium
1654 2813 1717 2877 Dei
1746 2813 1784 2877 ab
1804 2815 1896 2877 initio
1926 2814 2027 2895 fuisse
2048 2814 2166 2892 ideam,
2198 2817 2319 2879 etiam
2341 2821 2416 2881 tmie

405 2898 580 2978 Christum,
607 2901 708 2963 unitis
735 2901 771 2963 in
796 2921 894 2964 unam
909 2921 1081 2980 personam
1103 2901 1225 2965 duabus
1246 2900 1380 2976 naturis,
1427 2901 1688 2982 praeordinatum
1719 2900 1820 2981 fuisse
1851 2899 2018 2977 hominem,
2053 2900 2108 2979 qui
2133 2904 2210 2964 esset
2234 2901 2415 2966 msertialis

402 2986 509 3048 occari
530 2985 663 3049 diensis
681 2986 782 3049 modis
802 2986 867 3049 Dei
886 2985 998 3064 filiurn,
1024 3006 1120 3066 quam
1140 2987 1308 3051 secundum
1329 3005 1382 3048 ca-
1434 2986 1499 3050 Dei
1524 2988 1635 3068 imapo.
1681 2985 1746 3050 Neo
1772 2985 1873 3050 alium
1894 2984 1958 3050 Dei
1985 3005 2155 3049 sermonem
2180 2987 2317 3068 apnosoit
2342 2986 2415 3051 nisi

404 3072 472 3135 rios
497 3076 653 3150 respectus
680 3091 762 3134 nunc
786 3071 891 3151 [ilium
910 3071 991 3150 Ilei,
1017 3093 1100 3136 nuru
1120 3072 1225 3154 filium
1246 3070 1381 3135 bominis
1434 3074 1469 3137 in
1498 3077 1622 3137 emeno
1648 3072 1818 3152 splendore.
1867 3070 1962 3135 Hono
1987 3071 2088 3151 fuisse
2113 3073 2289 3154 penitorum
2314 3073 2414 3136 irater-

404 3156 476 3219 diei.
506 3155 631 3219 Nihilo
657 3157 751 3220 etiam
771 3157 951 3239 mapismos
969 3161 1082 3239 manat
1103 3158 1172 3222 alia
1193 3155 1312 3221 Seroeti
1332 3176 1382 3219 ea
1428 3163 1585 3240 pretatm,
1613 3159 1694 3238 quod
1718 3157 1783 3239 flii
1807 3158 1979 3240 penerondi
2000 3157 2038 3221 ab
2059 3157 2150 3221 initio
2168 3158 2271 3240 penita
2290 3158 2355 3239 fuit
2376 3158 2416 3222 in

403 3240 542 3304 lamnia:
570 3245 735 3322 ardequom
762 3244 915 3322 apparuit
942 3243 978 3306 in
999 3262 1092 3308 carne
1117 3242 1275 3323 Christus,
1308 3262 1381 3306 nus-
1433 3244 1502 3310 Deo
1527 3243 1683 3321 iduatas,
1712 3263 1791 3323 quae
1815 3244 1911 3307 etiam
1936 3248 2009 3307 actu
2035 3262 2068 3307 se
2088 3244 2224 3308 aaran
2247 3245 2284 3307 in
2305 3243 2417 3324 ipsam

403 3346 499 3406 quam
530 3329 637 3390 vocari
663 3326 728 3390 Dei
754 3328 858 3408 flium
884 3328 950 3392 nisi
977 3329 1034 3393 sub
1060 3329 1182 3413 fipura,·
1220 3331 1297 3411 quio
1323 3327 1382 3393 etsi
1433 3334 1618 3394 ercatruam.
1654 3328 1813 3410 Spiritum
1832 3329 1953 3393 intereo
1969 3330 2075 3392 miscet
2095 3349 2166 3394 eum
2178 3329 2247 3411 ipso
2264 3340 2415 3408 sumere,

404 3411 563 3477 obscurior
588 3413 653 3493 fuit
679 3416 750 3477 tune
777 3414 846 3478 eius
866 3413 1047 3494 descriptio,
1075 3436 1173 3496 quum
1193 3419 1295 3480 tamen
1314 3416 1382 3477 iarn
1433 3417 1510 3497 quia
1531 3414 1622 3479 Deus
1642 3414 1799 3480 invisibile
1820 3415 1946 3479 uerbum
1967 3420 1996 3478 et
2016 3415 2164 3494 spiritum
2185 3415 2419 3496 dimerserant

403 3498 487 3562 dare
501 3496 671 3578 probatum
691 3500 746 3576 sit,
773 3519 835 3562 non
861 3499 953 3564 aliter
974 3506 1135 3565 aeternum
1155 3501 1256 3581 fuisse
1276 3500 1381 3565 Deum
1433 3504 1469 3565 in
1489 3521 1615 3566 earnem
1642 3505 1670 3565 et
1696 3503 1846 3566 oninium.
1889 3499 2035 3582 Denique
2061 3500 2210 3582 fipuratio
2233 3498 2357 3565 Christi
2375 3499 2419 3565 lo·

403 3584 470 3646 nisi
491 3585 569 3664 quia
591 3604 692 3648 sermo
716 3584 781 3665 fuit
808 3585 847 3650 ab
869 3590 991 3650 aeterno
1009 3592 1103 3667 patre
1122 3588 1258 3670 penitus,
1286 3605 1381 3666 neque
1433 3608 1504 3652 cum
1528 3587 1692 3670 peniturae
1718 3588 1805 3667 apud
1833 3607 1904 3650 eum
1930 3587 2057 3665 obtinet,-
2093 3587 2147 3651 sed
2179 3586 2236 3667 qui
2260 3591 2333 3650 tunc
2353 3606 2420 3666 per
2501 3599 2508 3605 “

404 3668 497 3732 aliter
528 3689 637 3733 nomen
669 3669 723 3733 hoc
756 3675 920 3750 competere
945 3672 982 3735 in
1010 3672 1192 3736 nudiotoris
1212 3689 1383 3752 personam
1434 3675 1566 3755 speciem
1584 3672 1763 3737 umbratilis
1783 3672 1847 3753 fuit
1866 3672 1970 3752 filius,
1999 3692 2070 3735 eum
2096 3673 2220 3736 medem
2246 3691 2312 3736 esse
2331 3672 2419 3754 peni·

404 3773 501 3832 quarn
521 3756 668 3834 suscepit,
696 3756 762 3819 nisi
783 3758 862 3837 quia
884 3756 975 3822 Deus
996 3764 1041 3822 est
1062 3760 1098 3822 in
1119 3778 1213 3823 carne
1233 3757 1382 3838 manifes·
1434 3765 1500 3824 tum
1520 3758 1597 3823 dicit
1612 3778 1674 3840 per
1696 3777 1879 3835 sermnem
1909 3760 1962 3822 oui
1983 3758 2114 3822 seminis
2128 3762 2241 3838 partes
2261 3756 2416 3822 attribuit.

403 3842 496 3915 tatus,
518 3859 614 3919 neque
629 3839 735 3904 Deum
745 3846 870 3922 patrem
887 3845 934 3908 ita
950 3844 1052 3925 fuisse
1069 3849 1211 3909 uocatum
1227 3843 1266 3907 ab
1281 3843 1381 3919 initio,
1443 3845 1529 3910 Unde
1549 3849 1709 3923 sequetur,
1731 3864 1843 3927 porcos
1869 3848 1897 3907 et
1924 3863 2016 3908 coms
2041 3863 2104 3907 non
2130 3844 2238 3907 minus
2264 3862 2331 3908 esse
2350 3841 2419 3909 Dei

403 3923 479 3985 nisi·
501 3929 610 3987 mutua
642 3927 709 3990 iam
735 3932 806 3991 tunc
832 3929 946 4009 fuisset
974 3932 1016 3994 ad
1042 3930 1147 4011 flium
1166 3930 1293 4007 relatio,
1320 3949 1383 4009 per
1433 3931 1533 4011 flios,
1552 3931 1630 4011 quia
1650 3950 1689 3994 ea
1711 3929 1861 4013 oripinali
1882 3931 1999 4000 semine
2021 3931 2106 3994 oerbi
2126 3928 2192 3994 Dei
2212 3930 2310 3994 creati
2332 3934 2417 3994 arnt.

404 4027 494 4088 quem
521 4011 623 4073 oannis
649 4013 787 4093 copndio
813 4014 860 4077 nel
875 4018 1056 4095 paternitas
1083 4021 1221 4081 censetur
1247 4016 1283 4079 in
1304 4014 1382 4094 coelo
1435 4016 1509 4081 Etsi
1529 4021 1633 4080 auhn»
1654 4035 1693 4079 eor
1713 4017 1814 4080 tribus
1835 4017 1983 4081 increatis
2003 4016 2156 4079 elementis
2170 4013 2332 4079 Christum
2347 4035 2417 4080 oon-

373 4136 377 4148 *
404 4093 488 4157 etin
510 4098 611 4157 terra:
632 4095 704 4160 hinc
726 4098 866 4180 eollipere
877 4107 1060 4181 promptum
1078 4107 1130 4181 est,
1152 4102 1209 4167 sub
1231 4101 1382 4184 lupoque
1431 4103 1504 4183 flat,
1531 4106 1567 4166 ut
1588 4103 1630 4166 sit
1648 4102 1771 4185 pendas
1793 4122 1831 4165 eoo
1853 4102 1987 4165 essentia
2007 4101 2084 4179 Dei,
2110 4102 2156 4165 sie
2174 4106 2278 4165 tamen
2292 4100 2415 4180 primo-

403 4198 461 4258 que
489 4184 517 4243 et
538 4181 702 4259 prophetis
726 4183 828 4264 fuisse
850 4184 914 4249 Dei
932 4187 1050 4267 flium
1078 4194 1243 4269 autequam
1272 4187 1383 4251 celebre
1433 4189 1571 4273 penitam
1590 4208 1656 4253 esse
1674 4188 1766 4270 finpit
1786 4188 1868 4251 inter
1884 4193 2052 4266 creaturas,
2074 4192 2108 4250 ut
2129 4187 2235 4251 eadem
2254 4187 2298 4251 sit
2312 4205 2414 4250 enm

403 4269 480 4329 esset
509 4265 563 4329 hoe
588 4286 698 4331 nomen
723 4269 760 4331 in
786 4269 922 4335 eeclesia.
976 4274 1064 4353 Quod
1096 4276 1126 4338 si
1154 4275 1193 4339 de
1221 4273 1289 4337 sola
1313 4291 1383 4337 voce
1434 4275 1523 4339 tialis
1543 4274 1695 4339 diuinitas
1712 4274 1874 4354 lapidibus
1890 4273 2060 4339 secundum
2075 4293 2170 4336 suurn
2183 4273 2326 4355 madum.
2360 4271 2415 4337 Ne

402 4356 547 4430 certetur,
571 4350 693 4416 Solomo
713 4354 751 4417 de
772 4354 923 4419 immensa
944 4355 1009 4422 Dei
1030 4359 1196 4424 altitudine
1215 4361 1382 4434 disseres,
1435 4382 1505 4425 oero
1539 4358 1699 4424 Christum
1730 4361 1874 4424 erudior
1906 4381 1968 4424 sua
1999 4359 2111 4423 deitate
2141 4379 2264 4436 emere,
2295 4358 2416 4423 asserit

403 4441 469 4501 tam
488 4437 593 4517 filimn
615 4440 697 4517 eius,
725 4460 821 4521 quam
848 4442 952 4521 ipsum
978 4444 1314 4526 incomprehensibilem
1334 4443 1382 4524 af·
1435 4466 1559 4511 canum
1585 4447 1654 4510 eius
1681 4445 1749 4510 Deo
1783 4465 1847 4510 esse
1874 4441 2033 4523 ὅμοωῐσιον
2059 4450 2088 4509 et
2112 4462 2279 4509 sermonem
2308 4441 2417 4524 fuisse

401 4522 509 4602 rinnai
528 4523 642 4606 (Prov.
664 4526 715 4604 30,
735 4524 788 4609 4).·
810 4526 861 4590 dio
881 4548 990 4592 nomen
1012 4531 1088 4607 eius,
1110 4532 1141 4595 si
1155 4536 1248 4610 potes,
1269 4531 1381 4611 iuquit,
1434 4533 1587 4598 hominem
1611 4531 1744 4612 fadum,
1777 4532 1884 4595 carnis
1911 4533 1947 4594 in
1974 4531 2079 4596 Deum
2105 4529 2306 4594 monnone.
2358 4527 2418 4594 Ita

404 4612 459 4670 aut
488 4608 553 4687 filii
585 4611 661 4675 eius.
707 4612 773 4675 Neo
804 4632 853 4675 me
883 4612 956 4679 latet
981 4617 1068 4695 apud
1096 4618 1293 4680 cadentiosos
1320 4636 1382 4680 non
1434 4619 1508 4683 dum
1542 4616 1701 4682 Christum
1732 4616 1957 4698 apprehendere
1988 4638 2049 4680 non
2076 4620 2175 4696 potest
2203 4614 2310 4696 filium
2337 4614 2417 4696 Dei,

403 4691 470 4771 fore
492 4695 573 4758 satis
588 4697 741 4778 pmrderis
762 4697 799 4762 in
819 4696 874 4761 hoc
894 4701 1082 4779 testimonio,·
1108 4722 1206 4782 neque
1232 4704 1326 4765 etiam
1347 4721 1381 4766 eo
1433 4705 1500 4768 nisi
1520 4705 1590 4769 eius
1610 4723 1684 4767 caro
1705 4724 1744 4766 ea
1765 4702 1830 4766 Dei
1851 4704 1984 4767 essentia
2000 4702 2171 4784 prodierit,
2199 4706 2228 4766 et
2254 4703 2290 4766 in
2315 4701 2418 4766 deita-

403 4777 492 4842 oalde
519 4780 615 4860 nitor,
643 4784 709 4847 nisi
737 4783 820 4865 quod
844 4785 981 4868 niolirme
1007 4806 1058 4851 eos
1086 4788 1230 4851 oaoidmi
1252 4788 1382 4852 ostendit
1432 4796 1492 4855 tern
1507 4790 1605 4871 fuerit
1623 4808 1783 4867 conversa,
1811 4793 1970 4852 menam
1990 4789 2143 4853 sermonis
2163 4785 2347 4869 hypostasin
2367 4808 2419 4853 re-

403 4864 459 4942 qui
485 4863 589 4942 filiurn
610 4866 675 4932 Dei
700 4874 812 4952 repant
838 4890 904 4935 esse
935 4869 1109 4951 Christum,
1136 4874 1208 4937 nisi·
1229 4879 1382 4955 quatenus
1433 4877 1514 4958 dipit
1540 4875 1576 4938 in
1602 4873 1750 4952 nihilum,
1784 4874 1940 4954 etflium
1955 4874 2119 4952 ‘Domitia
2153 4875 2209 4955 qui
2229 4875 2417 4954 mannans

403 4947 491 5046 horno
511 4950 615 5047 factus
637 4959 687 5017 est.
731 4955 824 5020 Adde
852 4957 933 5035 quod
959 4978 1021 5021 uno
1043 4979 1095 5023 ore
1116 4963 1143 5021 et
1164 4979 1313 5023 consensu
1333 4980 1381 5023 oe
1431 4963 1497 5044 fuit
1528 4960 1714 5039 redemptor,
1751 4959 1840 5023 nobis
1872 4961 1974 5039 eripit.
2032 4959 2168 5042 Saepius
2200 4959 2327 5039 quidem
2359 4959 2417 5027 boc

402 5036 572 5131 iustissimi
595 5039 708 5117 quique
734 5042 900 5123 scriptores
927 5041 981 5107 hoo
1002 5044 1085 5108 idern
1106 5049 1171 5108 tarn
1193 5049 1297 5125 opeda
1324 5050 1381 5109 tes-
1432 5047 1554 5128 repetit,
1574 5046 1712 5128 penitam
1731 5045 1833 5126 fuisse
1851 5044 1956 5125 hlium
1977 5068 1998 5110 a
2019 5045 2100 5123 Deo,
2122 5045 2252 5109 scientio
2274 5051 2303 5108 et
2317 5065 2417 5127 prae·

361 5202 364 5216 .
403 5122 462 5217 latr
491 5124 576 5198 sunt,
601 5127 643 5218 ‚u
678 5145 740 5189 non
766 5128 872 5193 minus
903 5128 1041 5194 ridiculo
1067 5151 1164 5212 quam
1190 5130 1381 5195 detestabilis
1432 5133 1651 5210 dominatione,-
1668 5131 1792 5195 tandem
1813 5143 1883 5196 cero
1904 5131 2057 5196 hominem
2075 5131 2194 5212 foetum
2214 5150 2254 5194 ea
2275 5131 2416 5196 materia

403 5208 573 5304 silurorum
594 5210 802 5289 impudentia,
831 5214 888 5294 qui
910 5213 1076 5280 Ircnamm
1098 5221 1126 5280 et
1150 5216 1380 5281 Tertullianum
1432 5218 1491 5282 illa
1511 5238 1590 5298 quac
1610 5217 1703 5280 initio
1720 5218 1807 5297 apud
1824 5217 1930 5281 Deum
1949 5218 2085 5301 fulpebat
2105 5219 2141 5281 in
2162 5215 2263 5281 tribus
2284 5217 2416 5282 εΙεηιεη·

402 5291 530 5357 ebanem
565 5292 654 5357 nobis
686 5296 816 5375 audent,
855 5319 985 5380 quorum
1023 5306 1151 5384 uterque
1191 5303 1380 5367 inonibilem
1432 5305 1488 5382 tis,
1516 5324 1595 5384 quae
1622 5303 1733 5367 deinde
1760 5306 1913 5384 apparuit
1938 5306 1974 5368 in
1995 5305 2106 5386 prima
2133 5304 2198 5367 lnce
2218 5303 2347 5382 mundi,
2377 5304 2416 5366 in

1431 5391 1510 5454 nube
1536 5394 1565 5453 et
1589 5389 1732 5455 columna
1757 5389 1851 5472 ipnis.
1896 5389 1996 5456 Porro
2022 5410 2120 5471 quarn
2146 5389 2281 5468 turpiter
2307 5408 2416 5454 marm

1432 5476 1500 5557 ipse
1531 5475 1661 5541 subirem
1686 5481 1820 5560 pupnet,
1857 5477 1955 5541 nimis
1981 5477 2148 5559 prolixum
2178 5479 2254 5540 esset
2284 5475 2415 5556 referre

400 5647 452 5701 Dei
470 5581 593 5702 &giba
619 5583 653 5637 de
677 5589 795 5653 corrept
820 5590 848 5637 ct
865 5593 934 5654 grat.
953 5605 975 5644 c.
995 5591 1036 5645 11.
1062 5601 1090 5646 et
1113 5595 1174 5647 libr.
1194 5593 1234 5647 10.
1253 5594 1287 5646 de
1305 5594 1378 5647 civit
1432 5561 1562 5661 Exim
1583 5562 2416 5730 {Znfflmamsffltwffimffffiffieag
