5600 6809
375 774 436 838 18⁶

717 771 808 838 Lm.
831 772 876 835 Π.
921 773 985 837 DE
1008 768 1296 836 eoeNIrIONE
1318 768 1403 835 DEI
1424 766 1769 835 Raoulffuome.
1815 768 1915 834 OAP.
1938 769 1964 834 1.
1987 770 2033 835 IL

2313 777 2373 838 186

369 959 588 1028 haereditario
622 961 696 1024 iure
732 952 901 1025 universos
939 959 1189 1043 comprehensos
1222 965 1340 1023 teneat.
1395 958 1514 1022 niebat
1557 956 1644 1020 Nam
1667 957 1729 1023 hoc
1751 964 1846 1022 extra
1864 960 2119 1024 controversiam
2146 962 2265 1042 posito,
2288 961 2374 1026 nihil

371 1048 488 1131 Neque
505 1044 540 1110 id
562 1047 632 1112 sine
652 1053 766 1110 autore
785 1046 929 1110 facimus.
973 1045 1101 1111 Eadem
1128 1045 1216 1109 enim
1244 1065 1343 1110 causa

1397 1043 1522 1107 homini
1544 1039 1585 1106 de
1604 1063 1663 1106 suu
1685 1041 1896 1107 adimendum
1919 1065 1998 1122 esse,
2021 1053 2221 1128 quantopere
2243 1047 2373 1112 intersit

371 1154 433 1199 nos
461 1153 573 1198 omnes
600 1152 671 1196 esse
697 1140 816 1195 natura
847 1132 931 1196 filios
962 1132 1032 1196 irae
1060 1130 1152 1196 docet
1176 1130 1343 1212 apostolus
1396 1130 1506 1211 ipsum
1527 1127 1609 1192 falsa
1631 1128 1824 1211 gloriatione
1848 1129 1951 1207 deiici,
1974 1129 2091 1211 palam
2102 1141 2249 1197 constare
2267 1133 2370 1200 debet

370 1217 592 1303 (111113).
645 1216 817 1297 Quomodo
843 1226 1011 1282 creaturae
1038 1218 1184 1281 omnium
1211 1216 1343 1281 nobilis·

371 1306 474 1369 simae
494 1303 643 1368 infensus
666 1301 870 1381 1111111111,
891 1305 944 1368 cui
960 1303 1091 1392 placent
1108 1304 1223 1366 infima
1244 1322 1342 1384 quae·

371 1412 434 1472 que
460 1410 559 1472 opera
585 1388 666 1453 sua?
712 1386 780 1453 Sed
811 1391 918 1472 operis
940 1391 991 1454 sui
1017 1387 1217 1470 corruptioni
1238 1389 1343 1471 magis

269 1492 275 1498 “
368 1477 518 1541 infensus
541 1482 591 1539 est
612 1495 710 1556 quam
732 1475 823 1556 operi
844 1495 912 1540 suo.
956 1475 1047 1558 Ergo
1077 1476 1103 1537 si
1131 1475 1171 1537 ob
1193 1474 1344 1538 vitiatam

371 1561 551 1626 humanam
577 1571 730 1624 naturam
756 1580 822 1623 non
844 1561 960 1626 inscite
988 1559 1107 1626 dieitur
1129 1560 1226 1624 homo
1248 1565 1344 1622 natu-

371 1647 486 1712 raliter
508 1667 578 1710 esse
599 1646 671 1711 Deo
694 1644 929 1725 abominabilis,
952 1668 1017 1710 non
1040 1647 1138 1710 etiam
1162 1646 1273 1726 inepte
1296 1642 1344 1707 di·

372 1739 464 1798 cetur
490 1731 685 1797 naturaliter
711 1752 834 1814 pravus
868 1739 902 1796 et
925 1733 1072 1798 vitiosus.
1124 1729 1344 1811 Quemadmo-

373 1818 453 1883 dum
474 1837 542 1882 non
563 1825 697 1882 veretur
713 1818 928 1900 Augustinus,
948 1818 1076 1883 ratione
1093 1825 1264 1899 corruptae
1286 1836 1345 1879 ua-

371 1911 481 1982 turae,
508 1903 673 1968 nattrralia
700 1901 807 1968 dicere
834 1910 967 1987 peccata
992 1924 1075 1985 quae
1103 1902 1138 1966 in
1169 1922 1345 1966 1111111-

374 1997 444 2055 stra
462 1991 645 2054 necessario
668 1994 823 2072 regnant,
845 1989 901 2054 ubi
930 1989 1020 2054 abest
1042 1988 1106 2052 Dei
1133 1989 1248 2071 gratia.
1292 1987 1347 2051 Ita

373 2075 538 2140 evanescit
561 2074 700 2138 stultum
721 2075 992 2140 Manichaeorum
1013 2081 1260 2156 nugamentum,
1289 2073 1345 2155 qui

372 2178 476 2243 quum
497 2159 745 2225 substantialem
772 2160 809 2223 in
838 2161 970 2225 homine
998 2160 1158 2223 malitiam
1184 2160 1345 2242 imagina-

370 2238 501 2328 re‘ntur,
524 2245 664 2310 alterum
693 2246 741 2309 illi
764 2246 963 2311 conditorem
989 2247 1145 2328 affingere
1167 2246 1237 2309 eusi
1260 2252 1346 2321 sunt,

370 2350 416 2396 ne
441 2333 526 2397 iusto
548 2332 620 2396 Deo
638 2331 830 2397 viderentur
846 2332 926 2397 mali
943 2353 1077 2397 causam
1094 2338 1128 2395 et
1148 2331 1347 2412 principium

369 2437 550 2501 assignare.

735 2671 886 2738 11111
906 2673 951 2739 n.
972 2672 997 2759 1)

342 2813 601 2897 'Hominem
646 2813 809 2895 arbitrii
856 2814 1054 2896 libertate
1101 2845 1213 2897 nunc
1252 2842 1345 2911 esse

371 2933 601 3046 spoliatum
625 2942 670 3015 et
690 2934 867 3015 miserae
899 2934 1093 3016 servituti
1120 2935 1345 3016 addictum.

459 3104 485 3164 l.
529 3099 709 3181 Postquam
729 3099 838 3164 visum
859 3107 910 3164 est
926 3100 1049 3181 peccati
1071 3100 1283 3179 dominatum,
1307 3122 1348 3164 ex

362 3205 434 3268 quo
461 3185 604 3268 primum
632 3184 800 3249 hominem
826 3186 889 3249 sibi
922 3185 1103 3268 obligatum
1129 3187 1251 3264 tonuit,
1284 3207 1347 3250 aco

369 3271 471 3336 solum
491 3270 527 3334 in
549 3276 616 3334 toto
634 3290 755 3353 genere
776 3272 932 3353 grassari,
960 3273 1014 3335 sed
1041 3273 1076 3335 iu
1098 3271 1231 3336 solidam
1252 3273 1347 3336 etiam

372 3375 520 3439 occupare
541 3356 686 3439 11191111
707 3358 842 3434 caimos,
864 3377 948 3420 11111
959 3359 1096 3438 propias
1113 3356 1345 3423 excutiendum

371 3448 490 3520 restat,
518 3461 560 3505 ex
587 3462 659 3529 quo,
679 3442 715 3505 in
743 3441 829 3506 hano
856 3444 1048 3507 servitutem
1076 3442 1200 3508 redacti
1220 3464 1343 3522 sumus,

370 3548 414 3591 an
436 3529 525 3592 omni
552 3527 682 3610 spoliati
709 3527 811 3591 simus
835 3528 1008 3594 libertate?
1036 3536 1070 3593 et
1097 3530 1125 3594 si
1155 3551 1221 3613 qua
1241 3529 1344 3611 parti-

372 3613 446 3683 cula
467 3611 575 3677 adhuc
596 3614 694 3696 viget,
717 3633 884 3696 quousque
905 3615 956 3679 vis
978 3615 1046 3679 eius
1067 3614 1242 3697 procedat?
1277 3612 1344 3680 Sed

372 3717 436 3781 quo
452 3697 580 3763 facilius
601 3698 696 3762 nobis
713 3699 811 3763 huius
832 3701 1031 3781 quaestionis
1056 3701 1181 3765 veritas
1210 3701 1343 3779 eluceat,

371 3798 506 3866 scopum
536 3782 640 3848 obiter
660 3786 860 3867 praefigam,
893 3806 957 3867 quo
990 3792 1060 3850 tota
1092 3808 1220 3850 summa
1246 3784 1344 3850 desti·

371 3869 484 3934 nanda
504 3870 555 3934 sit
602 3869 689 3934 Haec
715 3877 817 3935 autea
839 3873 956 3953 optim
982 3873 1111 3936 cauendi
1139 3874 1257 3937 moris
1285 3874 1346 3936 erit

372 3956 470 4034 ratio,
497 3955 692 4036 sipericula
719 3956 965 4021 considerentur
992 3979 1074 4039 quae
1103 3960 1255 4041 utrinque
1282 3960 1344 4032 im-

371 4039 547 4126 minent2)
569 4079 571 4082 <
589 4041 676 4105 Nam
699 4041 757 4105 ubi
777 4044 866 4106 omni
884 4042 1077 4108 rectitudine
1095 4044 1264 4109 abdicatur
1286 4044 1345 4108 ho·

367 4146 441 4206 mo,
471 4128 583 4191 statim
610 4148 652 4191 ex
679 4148 717 4191 eo
745 4126 888 4192 desidiae
919 4129 1121 4193 occasionem
1149 4131 1278 4210 arripit;
1313 4135 1346 4192 et

367 4214 450 4295 quia
471 4212 555 4276 nihil
581 4200 625 4277 ad
651 4214 794 4277 iustitiae
822 4212 966 4278 studium
994 4213 1103 4278 valere
1130 4237 1189 4296 per
1210 4236 1245 4279 se
1266 4214 1345 4280 dici-

369 4305 442 4375 tur,
470 4296 552 4362 illud
573 4304 695 4377 totum,
724 4299 815 4381 quasi
841 4299 908 4362 iam
936 4298 1020 4363 nihil
1048 4299 1089 4363 ad
1117 4321 1151 4364 se
1173 4301 1344 4381 pertineat,

371 4405 491 4466 susque
524 4383 630 4467 deque
662 4383 769 4447 habet.
814 4383 961 4451 Rursum
988 4385 1042 4449 vel
1068 4385 1269 4449 minutulum
1297 4386 1345 4449 illi

371 4469 541 4554 quidpiam
562 4470 710 4553 arrogari
736 4490 803 4532 nou
830 4477 946 4551 potest,
969 4470 1050 4553 quin
1078 4477 1112 4534 et
1130 4470 1204 4535 Deo
1222 4471 1344 4552 praeri-

369 4555 481 4638 piatur
511 4577 592 4620 suus
624 4556 745 4633 honor,
780 4563 813 4619 et
845 4557 914 4637 ipse
945 4556 1118 4620 temeraria
1150 4556 1346 4621 confidentia

371 4640 594 4707 labefactetur,
639 4641 693 4706 Ad
726 4641 786 4705 hos
819 4661 898 4725 ergo
930 4642 1077 4724 scopulos
1110 4663 1152 4706 ne
1184 4642 1345 4725 impinga-

336 4747 460 4806 ·mus‚
485 4727 645 4792 tenendus
674 4727 727 4793 hie
752 4748 867 4792 cursus
885 4728 961 4806 crit,
990 4735 1028 4791 ut
1048 4727 1145 4791 homo
1162 4727 1246 4791 nihil
1268 4728 1346 4793 boni

371 4833 473 4894 penes
495 4834 529 4877 se
551 4813 713 4896 reliquum
743 4813 804 4878 sibi
832 4835 903 4878 esse
926 4813 1072 4890 edoctus,
1106 4821 1140 4878 et
1162 4814 1345 4879 miserrima

369 4896 514 4980 undique
542 4900 733 4964 necessitate
768 4899 1020 4981 circumseptus,
1053 4899 1207 4964 doceatur
1234 4907 1344 4964 tumen

368 4982 414 5047 ad
435 4983 641 5066 bonumque
662 5006 784 5050 vacuus
811 4993 875 5064 est,
905 4985 946 5048 ad
973 4985 1157 5049 libertatem
1190 5007 1255 5068 qua
1277 4987 1344 5068 pri-

368 5076 468 5134 vatus
489 5081 547 5148 est,
571 5072 729 5153 aspirare,
761 5079 794 5133 et
821 5073 928 5136 acrius
955 5072 995 5136 ab
1023 5071 1157 5154 ignavia
1183 5070 1345 5136 excitetur

369 5172 470 5236 quam
492 5157 520 5220 si
541 5177 671 5220 summa
691 5156 812 5218 virtute
831 5159 1013 5239 fingeretur
1039 5158 1226 5223 instructus.
1271 5157 1344 5222 Hoc

367 5239 551 5312 secundum
579 5261 678 5323 quam
700 5241 920 5305 necessarium
942 5243 998 5317 sit,
1028 5264 1124 5307 nemo
1151 5264 1218 5306 non
1244 5242 1341 5308 videt.

365 5325 422 5390 De
449 5327 556 5408 priore
586 5326 681 5390 video
709 5345 729 5388 a
757 5324 905 5405 pluribus
931 5325 1074 5391 dubitari
1101 5349 1198 5410 quam
1227 5349 1343 5393 conve·

440 5549 468 5617 1)
489 5546 596 5617 Capitis
612 5548 695 5602 buius
722 5544 863 5600 amata
891 5545 1014 5598 11111111
1038 5547 1069 5597 in
1092 5546 1209 5598 aditibus
1231 5561 1342 5611 praece·

364 5616 450 5671 dero
473 5616 540 5685 Cap.
566 5617 609 5670 11.
628 5617 651 5683 §.
673 5614 713 5668 16.
733 5612 913 5667 1111-41
985 5611 1015 5679 2)
1041 5613 1117 5665 Haec
1140 5613 1193 5665 due
1209 5615 1341 5682 praecipi·

364 5685 411 5739 tia
426 5691 504 5740 notat
522 5688 636 5755 August
656 5687 734 5755 epist.
751 5682 794 5737 47.
812 5683 890 5752 (215)
908 5687 938 5736 et
954 5682 982 5734 in
999 5683 1092 5735 Ioann.
1112 5697 1134 5733 c.
1153 5678 1194 5733 12.

1397 1216 1484 1280 Nam
1506 1214 1534 1278 si
1556 1234 1598 1277 ne
1619 1222 1692 1276 tum
1714 1214 1844 1297 quidem
1866 1214 1928 1278 hoe
1946 1214 2073 1278 homini
2090 1238 2279 1282 concessum
2300 1220 2371 1297 fuit,

1397 1301 1492 1364 utin
1521 1320 1556 1363 se
1585 1299 1797 1382 gloriaretur,
1827 1321 1928 1381 quum
1956 1301 2022 1365 Dei
2043 1301 2257 1368 beneficentia
2283 1326 2372 1369 sum·

1397 1387 1460 1450 mis
1483 1385 1684 1449 ornamentis
1707 1394 1793 1450 esset
1813 1385 1999 1468 insignitus,
2022 1393 2180 1469 quantum
2200 1411 2287 1454 nunc
2309 1390 2372 1454 hu-

1397 1471 1518 1536 miliari
1544 1472 1709 1548 convenit,
1744 1471 1800 1536 ubi
1833 1473 1873 1536 ob
1902 1492 1996 1535 suam
2028 1472 2295 1556 ingratitudinem
2331 1477 2372 1541 ab

1398 1557 1518 1622 eximia
1545 1556 1649 1640 gloria
1676 1558 1711 1619 in
1739 1565 1919 1622 extremam
1946 1558 2159 1641 ignominiam
2182 1559 2373 1625 deturbatus

1399 1641 1471 1708 est?
1493 1643 1560 1706 Pro
1582 1663 1628 1720 eo,
1652 1643 1795 1725 inquam,
1817 1650 1966 1725 tempore
1987 1665 2051 1727 quo
2068 1645 2104 1708 in
2125 1667 2291 1709 summum
2314 1646 2372 1711 ho-

1397 1728 1487 1792 noris
1514 1728 1680 1811 fastigium
1713 1737 1844 1794 evectus
1872 1737 1955 1809 erat,
1990 1730 2153 1813 scriptura
2180 1730 2264 1794 nihil
2284 1731 2373 1797 aliud

1398 1814 1429 1878 ei
1456 1813 1573 1878 tribuit
1604 1834 1702 1895 quam
1728 1812 1813 1896 quod
1848 1824 1976 1880 creatus
2011 1824 2096 1881 esset
2124 1816 2165 1881 ad
2194 1817 2373 1900 imaginem

1398 1899 1477 1962 Dei:
1507 1920 1569 1980 quo
1599 1899 1721 1963 scilicet
1741 1901 1900 1978 insinuat,
1935 1920 2002 1964 nou
2028 1903 2168 1984 propriis
2194 1902 2288 1967 bonis
2315 1902 2373 1967 sed

1398 1985 1463 2049 Dei
1483 1984 1732 2067 participatione
1753 1986 1853 2049 fuisse
1874 1985 2016 2051 beatum.
2061 1985 2150 2067 Quid
2177 2009 2254 2071 ergo
2283 2011 2373 2054 nunc

1399 2078 1556 2152 superest,
1580 2070 1646 2134 nisi
1667 2079 1706 2133 ut
1725 2070 1835 2135 Deum
1860 2071 1970 2220 iim
1996 2073 2229 2137 beneficentiae
2258 2082 2372 2156 gratus

1399 2177 1557 2222 essenon
1579 2157 1701 2237 potuit,
1730 2177 1831 2239 quum
1884 2156 1983 2221 'vitiis
2009 2158 2133 2241 gratiae
2161 2161 2230 2223 eius
2258 2159 2372 2224 afflue-

1399 2241 1465 2324 ret)
1484 2242 1573 2305 0mni
1600 2240 1704 2323 gloria
1731 2241 1840 2307 nudus
1864 2262 1902 2307 ae
1930 2242 2104 2309 destitutus
2130 2243 2307 2328 agnoscat?
2340 2254 2373 2309 et

1399 2348 1497 2408 quem
1523 2326 1684 2392 bonorum
1711 2349 1844 2392 suorum
1872 2330 2093 2411 recognitione
2119 2350 2185 2394 non
2212 2330 2373 2413 glorifica·

1399 2414 1457 2490 vit,
1490 2434 1579 2477 nunc
1607 2412 1723 2476 saltem
1761 2413 1911 2497 propriae
1938 2416 2142 2497 paupertatis
2174 2416 2373 2481 confessione

1400 2496 1581 2581 glorificet?
1627 2498 1740 2563 Nihilo
1758 2499 1856 2563 etiarn
1874 2500 1984 2564 minus
2003 2522 2021 2565 e
2039 2521 2075 2564 11
2096 2508 2372 2580 1111111111111-

1399 2603 1476 2647 nem
1503 2584 1681 2665 sapientiae
1710 2584 1904 2666 virtutisque
1931 2584 2060 2650 laudem
2094 2586 2186 2651 nobis
2213 2586 2371 2670 derogari,

1336 2725 1338 2727 ,
1400 2690 1499 2750 quam
1532 2668 1574 2732 ad
1605 2668 1671 2734 Dei
1702 2670 1840 2753 gloriam
1874 2671 2003 2735 attinet:
2037 2679 2075 2736 ut
2102 2693 2177 2737 oum
2204 2672 2373 2756 sacrilegio

1401 2754 1531 2819 ruinam
1553 2764 1700 2819 nostram
1718 2753 1917 2840 coniungant
1934 2758 1989 2839 qui
2007 2757 2130 2839 aliquid
2148 2757 2236 2822 ultra
2257 2780 2373 2822 verum

1400 2840 1492 2905 nobis
1512 2839 1707 2923 largiuntur.
1752 2841 1841 2922 Quid
1859 2842 1947 2906 enim
1965 2842 2054 2907 aliud
2076 2845 2122 2919 fit,
2145 2865 2245 2927 quum
2267 2851 2372 2909 marte

1399 2933 1513 2990 nostro
1535 2924 1687 2990 docemur
1708 2927 1913 3003 contendere,
1935 2929 1999 2993 nisi
2024 2928 2110 3011 quod
2136 2929 2251 2994 baculo
2273 2951 2372 2994 arun·

1400 3011 1495 3075 dinco
1517 3011 1552 3076 in
1573 3012 1712 3077 sublime
1734 3013 1920 3092 evehimur,
1939 3035 2003 3097 quo
2024 3036 2101 3080 mox
2130 3016 2293 3080 confracto
2315 3015 2370 3080 de·

1398 3095 1567 3162 eidamus?
1613 3095 1810 3182 Quanquam
1832 3100 1929 3164 nimis
1946 3101 2125 3164 etiamnum
2143 3098 2371 3165 commendan-

1399 3189 1454 3246 tur
1481 3183 1569 3247 vires
1597 3191 1743 3263 nostrae,
1779 3184 1857 3249 dum
1884 3185 1999 3251 baculo
2032 3185 2212 3251 arundineo
2241 3190 2371 3268 compa·

1398 3276 1523 3332 rantur.
1567 3269 1695 3334 Fumus
1716 3273 1805 3335 enim
1825 3281 1876 3335 est
1896 3271 2049 3354 quidquid
2069 3271 2109 3337 de
2125 3271 2191 3336 illis
2212 3272 2290 3338 vani
2311 3270 2371 3335 ho-

1397 3355 1504 3418 mines
1525 3357 1700 3420 commenti
1722 3365 1800 3421 sunt
1827 3362 1856 3421 ct
1880 3359 2036 3439 91111111.
2081 3355 2192 3438 Quare
2219 3377 2286 3420 non
2313 3357 2371 3422 abs

1397 3461 1434 3503 11
1456 3441 1551 3505 toties
1580 3439 1621 3504 ab
1647 3442 1833 3524 Augustino
1861 3444 2028 3524 praeclara
2054 3443 2118 3507 ista
2139 3443 2300 3507 sententia
2319 3463 2370 3507 re-

1397 3525 1528 3607 petitur,
1550 3527 1758 3609 praecipitari
1781 3529 1886 3611 magis
1908 3530 2018 3594 esuis
2047 3527 2268 3593 defensoribus
2290 3527 2370 3593 libe·

1397 3633 1472 3675 rum
1500 3612 1688 3692 arbitrium,
1715 3635 1813 3696 quam
1842 3614 1988 3680 stabiliri.
2032 3613 2125 3679 Haec
2152 3613 2292 3697 praefari
2313 3634 2370 3678 ne·

1397 3719 1487 3762 cesse
1503 3698 1565 3761 fuit
1585 3709 1719 3782 propter
1740 3701 1929 3778 nonnullos,
1957 3700 2026 3782 qui,
2050 3699 2129 3764 dum
2150 3698 2289 3764 audiunt
2309 3699 2371 3764 hu·

1396 3804 1530 3848 manum
1557 3785 1714 3850 virtutem
1737 3786 1884 3851 funditus
1906 3787 2024 3864 everti,
2053 3793 2091 3848 ut
2111 3787 2176 3850 Dei
2202 3786 2308 3849 virtus
2336 3786 2372 3849 in

1398 3869 1528 3933 homine
1551 3870 1753 3949 aedificetur,
1785 3880 1888 3936 totam
1911 3871 1996 3935 hanc
2024 3869 2277 3953 disputationem
2298 3893 2371 3954 pes·

1397 3955 1479 4019 sime
1507 3954 1646 4020 oderunt
1676 3959 1769 4038 quasi
1801 3957 2030 4039 periculosam,
2062 3957 2183 4021 nedum
2214 3978 2371 4039 superva-

1397 4061 1505 4105 cuam:
1535 4062 1633 4122 quam
1655 4050 1766 4106 tamen
1788 4050 1821 4108 et
1837 4045 1876 4106 in'
1895 4043 2051 4126 religione
2077 4042 2309 4121 necessariam,
2338 4050 2372 4107 et

1396 4126 1718 4191 nobisutilissimam
1740 4150 1811 4194 esse
1831 4136 1973 4212 apparet

1484 4215 1512 4274 2.
1557 4212 1653 4278 Nunc
1676 4214 1925 4292 consideremus,
1952 4235 2051 4295 qaum
2066 4213 2165 4295 pardo
2191 4213 2370 4278 111111111-

1396 4297 1499 4361 rimus
1520 4298 1556 4360 ia
1577 4305 1673 4363 111111
1699 4306 1726 4363 ct
1748 4301 1836 4366 corde
1862 4302 1943 4364 sitas
1970 4301 2177 4365 1111111111
2196 4299 2368 4379 facultates,

1397 4381 1475 4463 quid
1491 4404 1568 4464 pars
1591 4391 1728 4467 utraque
1749 4386 1878 4469 polleat
1922 4384 2117 4467 Philosophi
2144 4405 2221 4448 sane
2239 4403 2368 4466 magna

1397 4489 1555 4534 consensu
1577 4471 1738 4535 rationem
1755 4472 1792 4535 in
1809 4479 1919 4536 mente
1936 4471 2103 4537 considere
2124 4471 2264 4552 fingunt,
2286 4487 2369 4550 quae

1396 4553 1503 4618 instar
1523 4554 1683 4637 lampadis
1705 4552 1849 4622 consiliis
1870 4556 2020 4622 omnibus
2046 4554 2241 4638 praeluceat,
2264 4561 2298 4618 et
2318 4555 2369 4617 in·

1397 4647 1466 4703 star
1483 4641 1616 4723 reginae
1637 4642 1840 4708 voluntatem
1861 4642 2056 4707 moderetur.
2101 4640 2155 4703 Ita
2181 4640 2269 4703 enim
2298 4640 2369 4704 luce

1396 4724 1508 4790 divina
1528 4727 1694 4808 perbrsam
1715 4748 1800 4806 esse,
1834 4743 1871 4792 ut
1900 4729 2021 4810 optime
2042 4725 2225 4804 consulere,
2260 4747 2298 4789 eo
2320 4727 2370 4791 vi-

1396 4831 1475 4893 gore
1492 4819 1666 4893 praestare,
1689 4821 1727 4877 ut
1747 4815 1867 4895 optime
1889 4815 2049 4895 imperare
2071 4819 2177 4894 queat
2222 4810 2368 4876 Sensum

1396 4905 1511 4961 contra
1533 4906 1661 4979 torpere
1684 4907 1718 4962 et
1739 4899 1933 4982 lippitudine
1955 4898 2068 4974 teneri,
2096 4906 2134 4960 ut
2155 4919 2283 4980 semper
2305 4897 2370 4960 hu·

1395 4983 1442 5045 mi
1464 4990 1581 5064 serpat,
1605 4984 1694 5048 etin
1717 4986 1929 5050 crassioribus
1950 4984 2082 5048 obiectis
2103 4983 2280 5061 volutetur,
2309 5004 2369 5048 nec

1396 5088 1541 5151 unquam
1561 5090 1596 5133 se
1617 5069 1746 5134 attollat
1774 5071 1815 5135 ad
1835 5091 1947 5134 veram
1973 5070 2215 5152 perspicaciam.
2259 5070 2369 5151 Appe-

1395 5155 1502 5231 titnm,
1526 5153 1555 5219 si
1576 5156 1693 5221 rationi
1715 5177 1830 5238 parere
1858 5156 2031 5233 sustineat,
2060 5177 2120 5221 nee
2149 5156 2259 5220 sensui
2281 5155 2369 5218 subi·

1395 5239 1540 5322 gendum
1572 5261 1607 5305 se
1639 5243 1818 5325 permittat,
1852 5241 1894 5306 ad
1926 5241 2070 5306 studium
2098 5243 2259 5305 virtutum
2279 5239 2366 5314 ferri,

1395 5333 1518 5390 rectam
1540 5325 1769 5405 1111111111,Ι
1792 5329 1876 5391 1111
1896 5327 2097 5392 voluntatem
2112 5325 2260 5400 formari;
2282 5321 2369 5404 quod

1395 5412 1423 5472 si
1446 5411 1478 5473 in
1501 5411 1691 5473 servitutem
1714 5434 1829 5478 sensus
1852 5436 1886 5477 se
1916 5413 2053 5490 addicat,
2081 5411 2121 5475 ab
2144 5431 2182 5473 eo
2205 5408 2367 5488 corrumpi

1395 5504 1428 5557 ct
1450 5494 1630 5574 depravari,
1655 5503 1692 5556 ut
1712 5496 1747 5557 in
1764 5497 1932 5561 libidinem
1950 5498 2133 5583 degeneret.
2167 5495 2276 5575 Atque
2297 5514 2368 5556 om-

1394 5579 1480 5654 nino,
1515 5581 1617 5657 quum'
1648 5600 1690 5641 ex
1717 5600 1829 5644 eorum
1866 5583 2017 5664 opinione
2048 5582 2124 5646 illae
2156 5600 2236 5662 quas
2269 5600 2368 5662 supra

1395 5661 1463 5724 dixi
1486 5660 1614 5723 animae
1635 5662 1806 5727 facultates
1834 5668 2001 5746 1111111111,
2026 5667 2219 5746 intellectus,
2242 5687 2366 5742 sensus,
