5600 6809
400 754 462 814 111
655 771 659 793 =
1049 732 1318 813 1111111110
1337 746 1443 812 111.
1467 743 1648 813 annisu.
1675 751 1767 812 1559.
1958 710 1962 713 ’
2349 747 2410 809 111

398 941 462 1004 hoo
483 960 550 1002 non
572 938 758 1015 satisfaciet,
781 956 896 1000 omnes
917 936 1067 1003 coelestis
1088 935 1225 999 militiae
1246 933 1379 1009 ordines
1432 936 1483 1015 tus
1504 936 1616 1001 dieunt
1645 933 1732 1019 (Act
1754 939 1859 1017 113,
1883 935 1958 1000 Gal.
1979 939 2008 1015 3,
2030 934 2099 1018 19),
2127 934 2234 1017 legem
2263 953 2334 999 esse
2361 932 2411 998 11·

398 1046 459 1110 pro
482 1025 587 1089 salute
609 1045 670 1088 sua
691 1023 844 1087 excubias
866 1044 972 1105 agere,
996 1042 1065 1086 non
1085 1021 1182 1086 video
1205 1020 1283 1102 quid
1304 1041 1379 1103 pro·
1432 1030 1502 1086 tam
1523 1023 1558 1086 in
1571 1038 1687 1084 'manu
1714 1021 1920 1103 angelorum3
1948 1029 1982 1085 et
2003 1020 2172 1097 Christus,
2201 1019 2319 1084 electos
2340 1020 2411 1083 fore

341 1170 345 1174 .
399 1113 496 1176 ficere
519 1132 561 1175 ex
583 1112 627 1173 eo‘
648 1110 750 1190 possit
778 1108 806 1173 si
832 1108 1000 1191 intelligat
1021 1107 1176 1189 angelum
1197 1127 1302 1169 unum
1322 1128 1379 1189 pe·
1431 1115 1507 1190 post
1528 1108 1799 1172 resurrectionem
1822 1107 1947 1190 angelis
1969 1107 2091 1172 similes
2113 1104 2410 1191 (Μ11111.22,30);

400 1195 568 1260 ouliariter
589 1189 758 1260 custodem
787 1192 849 1258 sibi
871 1192 992 1256 datum.
1042 1194 1104 1273 Qui
1126 1211 1195 1256 uero
1217 1193 1260 1256 ad
1280 1212 1380 1255 uuum
1433 1192 1520 1258 diem
1540 1192 1653 1259 iudicii
1672 1214 1713 1256 ne
1736 1193 1862 1275 angelis
1883 1193 2015 1274 quidem
2036 1212 2107 1257 esse
2129 1189 2298 1274 cognitum
2317 1189 2411 1274 (ibid.

317 1349 321 1357 ,
404 1282 548 1364 angelum
575 1281 764 1362 restringunt
794 1281 947 1360 quamde
973 1297 1151 1358 unoquoque
1172 1283 1311 1342 nostrum
1331 1298 1381 1342 eu
1433 1283 1483 1356 24,
1504 1279 1596 1362 362);
1625 1299 1660 1344 11
1692 1287 1773 1343 1111
1813 1286 1993 1344 venturum
2021 1299 2097 1343 cum
2129 1279 2250 1341 sanctis
2283 1275 2411 1359 angelis

399 1388 471 1432 ram
500 1367 591 1431 Deus
622 1367 716 1448 perit,
750 1385 896 1447 11191111
923 1364 984 1428 sili
1012 1368 1041 1427 et
1068 1363 1211 1444 omnibus
1238 1363 1380 1428 ecclesiae
1432 1364 1524 1449 (ibid.
1552 1371 1587 1443 5,
1608 1369 1663 1443 313
1697 1364 1937 1448 Ι111.9,26);-
1962 1370 2001 1437 11
2032 1364 2176 1427 maxime
2207 1370 2410 1444 torqueatur,

400 1452 546 1517 membris
572 1453 729 1517 iniuriam
753 1452 891 1531 (acinum
919 1470 956 1514 uc
976 1450 1007 1512 si
1028 1451 1066 1513 de
1087 1449 1186 1513 nihilo
1203 1451 1380 1530 promissae
1431 1471 1563 1516 necesse
1591 1450 1655 1515 erit
1682 1451 1729 1514 ita
1755 1450 1902 1533 intelligi.
1956 1447 2117 1514 Similiter
2149 1468 2252 1530 quum
2284 1447 2412 1512 Paulus

401 1545 500 1604 essent
521 1539 596 1604 illae
616 1537 790 1602 auxiliares
811 1537 929 1617 copiae,
951 1534 1064 1616 quibus
1086 1536 1223 1617 undique
1242 1536 1381 1602 unctu
1432 1536 1643 1601 Timotheum
1670 1555 1781 1600 coram
1803 1534 1936 1600 Christo
1965 1543 1999 1598 et
2020 1535 2131 1600 electis
2158 1535 2261 1616 ipsius
2282 1533 2410 1615 angelis

400 1625 515 1689 muniti
537 1624 712 1688 animosius
732 1627 886 1686 certemus.
1432 1629 1608 1687 attestatur
1635 1621 1668 1706 (l
1689 1621 1772 1686 1111.
1793 1627 1821 1700 5,
1843 1621 1909 1705 21),
1939 1628 1978 1684 ut
2010 1629 2184 1703 praecepta
2218 1626 2411 1684 11111111-

488 1715 516 1773 8.
561 1710 613 1773 De
641 1706 852 1771 multitudine
873 1726 951 1772 vero
973 1714 1008 1770 et
1030 1705 1199 1771 ordinibus
1221 1706 1278 1789 qui
1300 1706 1379 1772 defi·
1432 1708 1518 1786 diat,
1540 1729 1607 1773 non
1635 1706 1807 1789 qualitates
1830 1714 1888 1770 111
1909 1707 2137 1789 inspirationes
2159 1708 2230 1769 sine
2255 1704 2410 1770 substan·

400 1797 472 1860 nire
501 1794 639 1871 audent,
665 1793 810 1858 viderint
830 1793 927 1874 quale
949 1792 1094 1856 habeant
1115 1791 1377 1857 fundamentum.
1432 1796 1486 1872 tia,
1509 1793 1567 1859 sed
1588 1814 1683 1859 veros
1706 1793 1841 1876 spiritus
1864 1792 2005 1857 denotat.
2050 1793 2119 1858 Nec
2142 1792 2238 1855 aliter
2258 1790 2412 1856 subsistit

400 1880 553 1957 Michael,
576 1881 688 1956 fateor,
712 1879 863 1960 princeps
884 1899 1026 1960 magnus
1049 1884 1184 1943 vocatur
1204 1879 1292 1961 apud
1310 1881 1379 1944 Da
1432 1878 1518 1962 quod
1543 1880 1579 1943 in
1608 1879 1744 1961 epistola
1780 1878 1822 1942 ad
1849 1877 2018 1942 Hebraeos
2048 1878 2172 1960 legitur
2199 1876 2316 1961 (Hebr.
2342 1881 2410 1954 1,4

399 1967 520 2029 nielem
549 1964 615 2049 (12,
639 1964 670 2048 1)
705 1973 738 2028 11
764 1962 983 2046 archangelus
1010 1963 1097 2045 apud
1119 1963 1239 2028 Iudam
1266 1965 1311 2048 (v.
1332 1969 1377 2029 9.
1432 1970 1511 2044 112,
1534 1966 1598 2050 16),
1621 1964 1793 2029 Christum
1814 1964 2078 2029 excellentiorem
2098 1963 2224 2047 angelis
2245 1963 2410 2040 effectum,

399 2052 446 2116 Et
468 2050 702 2133 archangelum
723 2052 792 2114 fore
814 2050 908 2114 docet
924 2048 1052 2113 Paulus
1074 2050 1107 2132 (l
1129 2049 1242 2114 Thess.
1262 2057 1292 2128 4,
1314 2055 1377 2129 16,
1431 2052 1497 2116 illis
1516 2071 1584 2116 non
1606 2072 1676 2115 esse
1698 2051 1882 2115 subiectum
1902 2051 2015 2114 orbem
2036 2057 2210 2128 111111111,
2236 2047 2412 2113 Christum

399 2139 454 2219 qui
487 2135 568 2200 tuba
601 2136 714 2201 citabit
741 2136 890 2199 homines
917 2133 960 2217 ad
991 2135 1157 2200 iudicium.
1209 2133 1277 2199 Sed
1305 2137 1379 2217 quis
1431 2159 1498 2202 non
1526 2139 1686 2219 ipsorum,
1716 2135 1774 2201 sed
1802 2136 1973 2200 hominum
2000 2143 2152 2199 naturam
2180 2134 2411 2216 assumpsisse;

398 2222 476 2286 inde
497 2223 618 2305 poterit
640 2221 802 2286 honorum
825 2219 947 2304 gradus
964 2221 1052 2284 inter
1070 2220 1203 2303 angelos
1223 2229 1377 2301 statuere,
1432 2224 1498 2287 nisi
1531 2222 1640 2287 beatos
1668 2243 1739 2287 esse
1768 2222 1903 2304 spiritus
1930 2221 2168 2303 intelligamus,
2197 2222 2413 2301 11111111-

400 2306 605 2391 distinguere
633 2307 780 2390 singulos
808 2307 877 2371 suis
898 2306 1099 2388 insignibus,
1125 2306 1234 2370 locum
1257 2314 1290 2370 11
1311 2316 1378 2372 111-
1432 2299 1514 2373 dant
1540 2309 1621 2373 istae
1650 2308 1918 2390 comparationes.
1962 2308 2009 2370 Et
2035 2308 2106 2389 ipse
2133 2312 2230 2370 autor
2255 2305 2413 2388 epistolae
2538 2376 2541 2382 ³

400 2394 524 2458 tionem
562 2393 679 2474 cuique
719 2391 909 2474 assignare?
960 2393 1046 2456 Nam
1080 2401 1114 2454 et
1146 2391 1211 2456 duo
1244 2393 1379 2458 nomina
1432 2416 1466 2459 se
1493 2396 1602 2477 ipsum
1630 2393 1789 2470 declarat,
1814 2393 1871 2456 ubi
1900 2394 1935 2456 in
1956 2413 2058 2476 regno
2080 2393 2145 2456 Dei
2171 2390 2318 2456 fidelium
2340 2392 2413 2455 111·

398 2501 481 2561 quae
504 2480 539 2542 11
569 2479 740 2626 scripturis
768 2487 913 2556 exstant,
942 2477 1086 2543 Michael
1109 2485 1143 2541 et
1165 2477 1318 2558 Gabriel,
1346 2492 1379 2542 et
1431 2501 1503 2545 mas
1525 2488 1558 2544 et
1579 2485 1708 2544 sanctos
1730 2479 1864 2562 angelos
1886 2478 1983 2543 simul
2005 2478 2142 2543 collocat
2159 2476 2249 2562 (ibid.
2275 2480 2323 2556 12,
2343 2477 2411 2562 22).

397 2566 543 2640 tertium,
562 2565 591 2628 si
609 2584 628 2626 a
651 2562 728 2627 dere
752 2564 831 2628 velis
849 2585 891 2627 ex
908 2564 1048 2627 historia
1067 2564 1197 2641 Tobiae,
1216 2587 1258 2628 ex
1277 2565 1378 2647 signi-
1434 2566 1609 2644 Praeterea,
1631 2567 1712 2646 quod
1730 2566 1796 2629 iam
1814 2565 1987 2642 nutrimus,
2009 2565 2134 2646 angeles
2145 2583 2317 2644 puuorum
2333 2583 2415 2626 sun-

396 2652 497 2716 ficata
518 2647 624 2714 videri
645 2657 793 2732 possunt,
816 2671 876 2732 pro
897 2649 1097 2713 infirmitatis
1119 2658 1251 2712 nostrae
1269 2659 1377 2733 captu,
1424 2671 1486 2733 per
1512 2653 1615 2716 eidem
1636 2653 1749 2732 faeiem
1771 2650 1849 2729 Dei,
1878 2670 1984 2714 eorum
2006 2650 2169 2731 praesidio
2195 2669 2251 2712 uos
2277 2649 2411 2728 defendi,

398 2735 524 2818 angelis
556 2734 678 2814 indita,
713 2737 774 2800 etsi
801 2733 834 2798 id
861 2735 897 2797 in
930 2734 1038 2798 medio
1066 2735 1153 2799 malo
1181 2736 1376 2818 relinquere.
1430 2759 1480 2802 eos
1505 2738 1619 2801 lauari
1643 2737 1682 2802 de
1710 2736 1810 2802 salute
1837 2741 1960 2814 nostra,
1986 2736 2102 2800 mirari
2122 2734 2324 2816 multiplicem
2344 2734 2414 2799 Dei

398 2819 572 2900 Quantum
603 2820 645 2883 ad
678 2841 868 2898 numerum,
905 2819 1056 2886 audirnus
1090 2842 1131 2884 ex
1165 2840 1222 2885 ore
1251 2821 1377 2886 Christi
1426 2825 1566 2907 qratiam
1597 2824 1633 2887 in
1665 2824 1803 2900 milesia,
1837 2821 1959 2886 subesse
1988 2821 2111 2886 Christe
2138 2821 2242 2902 capiti.
2291 2820 2413 2885 Eadm

397 2906 533 2991 (Matth.
553 2909 604 2983 26,
624 2906 679 3054 592
708 2906 829 2970 multas
857 2905 1017 2988 legionem
1043 2928 1063 2970 a
1090 2907 1231 2972 Daniele
1254 2909 1298 2991 (7,
1321 2907 1376 2991 10)
1423 2911 1558 2991 pertinet
1583 2908 1664 2990 quod
1690 2909 1807 2973 candia
1829 2907 1975 2988 1111111111
2003 2908 2089 2971 toties
2117 2911 2331 2988 apparuerunt
2350 2905 2412 2971 aab

397 2992 517 3056 multas
545 2992 652 3076 myria
675 3013 726 3071 as;
748 2991 857 3071 plenos
884 3010 997 3056 curnis
1024 2992 1103 3056 uidit
1131 2991 1257 3057 Eliscei
1284 2994 1377 3057 mini-
1426 2996 1531 3076 forma
1562 2995 1736 3073 hominum,
1765 2993 1883 3075 loquuti
1911 2999 1999 3070 sunt,
2028 2993 2143 3073 excepti
2164 2993 2258 3056 diam
2283 2993 2414 3074 sumunt

396 3083 474 3157 eter3
496 3082 524 3142 et
544 3078 694 3160 ingentem
714 3077 943 3142 multitudinem
964 3077 1108 3155 declarat,
1129 3080 1210 3158 qued
1231 3080 1377 3143 dicaretur
1428 3082 1569 3162 bospitio.
1613 3080 1658 3145 Et
1686 3079 1832 3146 Christus
1859 3079 1940 3161 ipse,
1969 3078 2005 3142 oh
2027 3079 2204 3159 primatum
2225 3099 2314 3160 quern
2335 3078 2414 3143 otti-

443 3163 499 3228 sal.
520 3166 571 3240 34,
591 3163 627 3247 8)
644 3163 860 3227 eastrcnntari
877 3164 912 3226 in
929 3163 1060 3227 circuitu
1079 3164 1253 3228 timentium
1263 3164 1376 3229 Deum.
1428 3173 1478 3232 net
1499 3169 1535 3232 in
1547 3187 1684 3250 pereum
1701 3165 1890 3243 mediatoris,
1913 3165 2041 3247 enudus
2057 3169 2182 3228 comtur
2200 3163 2293 3247 (Mal.
2315 3168 2343 3243 3,
2367 3164 2412 3249 1).

428 3269 515 3312 orma
540 3249 673 3329 spiritus
695 3269 798 3313 curere
824 3254 940 3313 eertum
961 3252 1021 3326 111
1047 3254 1075 3313 et
1095 3254 1198 3313 tamen
1218 3252 1377 3333 scriptura
1428 3253 1502 3319 Hoc
1530 3252 1635 3318 obiter
1667 3253 1829 3336 attingere
1856 3250 1966 3328 libuit,
2001 3249 2043 3313 ad
2072 3250 2234 3332 simplices
2254 3269 2413 3333 praemu-

389 3355 451 3416 pro
478 3334 595 3416 inpenii
629 3336 728 3399 nostri
759 3335 881 3399 nudula
915 3333 1038 3416 annuos
1070 3333 1128 3399 sub
1156 3334 1323 3400 Cherubim
1349 3341 1378 3400 et
1429 3339 1567 3404 niendos
1588 3338 1747 3404 adversus
1764 3337 1842 3402 illas
1864 3337 1982 3402 stultas
2004 3345 2038 3400 et
2059 3335 2217 3400 absurdas
2238 3336 2413 3418 cogitatio-

398 3418 566 3501 Seraphim
592 3441 652 3485 non
677 3422 801 3502 frustra
821 3420 909 3485 nobis
930 3419 1029 3484 clatos
1053 3422 1174 3503 pingit,
1201 3443 1239 3487 ne
1261 3423 1376 3487 dubite-
1429 3446 1503 3504 nes,
1537 3446 1622 3508 quae
1655 3431 1731 3489 ante
1764 3422 1869 3487 multa
1901 3422 2031 3488 saecula
2059 3443 2081 3486 a
2108 3431 2223 3486 satana
2249 3423 2414 3489 excitatae

394 3523 466 3570 mus
493 3507 670 3571 incredibili
702 3507 853 3571 celeritate
884 3525 1003 3586 suuper
1034 3506 1077 3570 ad
1105 3507 1263 3571 auxilium
1288 3508 1377 3573 nolis
1430 3509 1568 3576 subinde
1589 3509 1800 3593 repullulant.

393 3593 555 3674 tuendum
581 3597 762 3674 praesentes
788 3593 855 3674 (ore
883 3591 979 3656 simul
1005 3612 1042 3657 ac
1067 3612 1119 3656 rec
1140 3592 1260 3673 tulerit;
1288 3615 1325 3659 cc
1346 3596 1376 3659 si
1519 3601 1566 3660 10.
1612 3597 1732 3661 Restat
1758 3602 1798 3658 ut
1826 3587 2051 3676 superstitioni
2078 3613 2302 3673 occurramus,
2325 3615 2414 3676 quae
2517 3654 2520 3660 .

393 3679 502 3760 fulgur
524 3699 540 3741 e
569 3679 646 3743 coelo
668 3679 828 3756 emissum,
857 3677 1299 3760 warmaciensem
1319 3700 1377 3745 nos
1429 3682 1584 3765 obrepere
1612 3682 1806 3765 plerumque
1829 3681 1911 3745 solet
1935 3680 1994 3744 ubi
2015 3677 2137 3744 dicitur
2158 3679 2293 3762 angelos
2314 3680 2414 3745 nobis

394 3764 518 3827 volaret.
562 3762 729 3846 Quidquid
750 3772 921 3846 praetcrea
942 3763 983 3828 de
1004 3773 1146 3846 utroque
1168 3767 1281 3847 quaeri
1302 3773 1375 3850 pot-
1429 3769 1575 3832 omnium
1597 3768 1757 3833 bonorum
1778 3767 1947 3831 ministros
1969 3785 2041 3830 esse
2062 3786 2100 3830 ac
2117 3765 2326 3847 praebitores.
2355 3765 2413 3831 Eo

396 3856 460 3926 est,
484 3848 657 3914 credamus
679 3870 721 3913 ex
743 3870 781 3913 eo
803 3870 874 3915 esse
897 3870 1018 3933 genere
1037 3851 1272 3936 mysteriorum
1294 3873 1375 3935 quo·
1428 3855 1517 3919 enim
1538 3855 1688 3936 protinus
1710 3852 1874 3917 delabitur
1895 3851 2038 3916 hominis
2061 3852 2154 3929 ratio,
2176 3858 2215 3914 ut
2235 3851 2320 3915 nihil
2340 3873 2413 3916 non

395 3954 471 3998 rum
509 3933 607 4016 plena
645 3935 800 3999 revelatio
832 3937 867 4000 in
899 3937 1054 4000 ultimum
1094 3937 1195 4001 diem
1214 3938 1373 4003 differtur.
1428 3941 1563 4004 honoris
1585 3939 1797 4004 deferendum
1819 3938 1884 4003 illis
1909 3944 2012 4020 putet.
2057 3936 2112 4000 Ita
2131 3937 2171 3999 fit
2191 3945 2229 4001 ut
2249 3957 2334 4020 quae
2357 3958 2413 4002 so-

394 4018 539 4083 Proinde
568 4040 587 4082 a
613 4021 715 4083 nimia
742 4020 794 4084 vel
821 4022 856 4084 in
879 4022 1065 4104 quaerendo
1090 4025 1292 4104 curiositate,
1321 4025 1375 4090 vel
1427 4027 1492 4090 lius
1519 4026 1584 4090 Dei
1617 4031 1651 4089 ct
1683 4023 1809 4089 Christi
1836 4030 1929 4102 suht,
1966 4022 2007 4087 ad
2033 4023 2121 4104 ipsos
2154 4024 2410 4090 transferantur.

395 4104 431 4168 in
451 4104 613 4186 loquendo
636 4105 770 4170 audacia
793 4107 977 4172 cavendum
998 4110 1253 4175 meminerimus.
1428 4112 1483 4176 Ita
1509 4110 1661 4178 videmus
1690 4110 1816 4175 Christi
1856 4109 1995 4193 gloriam
2028 4108 2250 4190 superioribus
2283 4109 2413 4192 aliquot

369 4242 372 4252 ,
483 4194 510 4254 9.
556 4191 630 4257 Hoc
647 4199 770 4269 tamen,
794 4191 880 4273 quod
901 4193 1051 4257 nonnulli
1069 4195 1206 4277 inquieti
1224 4196 1374 4262 homines
1427 4197 1565 4263 saeculis
1587 4197 1689 4262 fuisse
1710 4196 1824 4261 multis
1852 4195 1959 4261 modis
1981 4195 2196 4271 obscuratam,
2218 4215 2322 4277 quum
2344 4195 2412 4260 im·

394 4277 429 4341 in
453 4276 588 4341 dubium
612 4284 736 4355 vocant,
758 4299 818 4361 pro
840 4284 929 4343 certo
952 4286 1001 4341 est
1020 4279 1215 4360 habendum,
1240 4284 1375 4367 angelos
1425 4283 1563 4349 modieis
1584 4283 1697 4367 elogiis
1719 4282 1830 4366 angeli
1856 4287 1989 4365 praeter·
2013 4280 2078 4344 Dei
2099 4281 2238 4345 verbum
2260 4281 2411 4345 cumula-

395 4364 529 4446 spiritus
552 4385 622 4428 esse
644 4364 903 4441 ministratorios,
930 4385 1071 4446 quorum
1093 4367 1246 4450 obsequio
1269 4370 1375 4434 utitur
1427 4377 1551 4434 rentur.
1596 4369 1712 4451 Neque
1734 4368 1842 4432 ullum
1863 4369 1932 4433 fere
1961 4366 2128 4447 antiquius
2150 4376 2200 4431 est
2221 4367 2341 4432 vitium
2365 4387 2410 4434 ex

393 4450 486 4514 Deus
519 4449 561 4514 ad
595 4470 732 4514 suorum
759 4450 1008 4532 protectionem,
1038 4458 1071 4514 et
1101 4473 1161 4534 per
1192 4467 1275 4535 quos
1301 4463 1374 4520 tum
1426 4456 1467 4521 iis
1489 4476 1571 4538 quae
1593 4455 1691 4518 hodie
1712 4455 1955 4537 impugnamus.
1989 4449 2160 4533 Siquidem
2181 4452 2286 4517 Paulo
2303 4453 2408 4517 etiam

395 4555 454 4598 sua
475 4535 634 4602 beneficia
659 4537 745 4601 inter
772 4536 921 4600 homines
944 4535 1125 4618 dispensat,
1155 4545 1226 4603 tum
1248 4541 1375 4623 reliqua
1426 4543 1526 4607 irrisae
1558 4562 1717 4624 magnum
1749 4549 1914 4603 11111111
1948 4558 2025 4603 1111
2056 4538 2225 4603 nonnullis
2255 4546 2404 4620 apparet,

395 4619 494 4683 etiam
530 4641 629 4703 opera
667 4622 867 4704 exsequitur.
923 4621 1005 4685 Fuit
1043 4622 1101 4686 1111
1134 4623 1265 4705 quidem
1296 4627 1375 4691 olim
1426 4628 1483 4709 qui
1510 4627 1558 4692 sie
1585 4626 1721 4709 angelos
1749 4624 1946 4702 evehebant,
1975 4631 2013 4687 ut
2034 4622 2204 4688 Christum
2231 4643 2406 4707 propemo-

395 4701 665 4772 Sadducaeorum
693 4708 815 4792 opinio,
847 4729 907 4789 per
934 4706 1069 4790 angelos
1096 4709 1181 4772 nihil
1210 4709 1374 4794 designari
1426 4713 1506 4776 dum
1533 4713 1570 4775 in
1596 4710 1746 4774 ordinem
1775 4709 1970 4792 redigerent.
2014 4710 2103 4774 Hine
2125 4716 2218 4774 tanta
2246 4709 2406 4775 sollicitu-

395 4809 492 4870 quam
514 4792 565 4855 vel
587 4801 709 4872 motus,
733 4815 814 4877 quos
835 4794 928 4858 Deus
950 4792 1138 4859 hominibus
1160 4797 1297 4878 aspirat,
1320 4797 1374 4863 vel
1426 4798 1503 4862 dine
1524 4805 1621 4880 urget
1642 4796 1679 4859 in
1701 4795 1837 4878 epistola
1859 4795 1901 4859 ad
1922 4794 2131 4860 Colossenses
2155 4795 2239 4880 (cap.
2263 4799 2290 4874 1,
2312 4798 2406 4860 1611

395 4895 435 4939 ea
455 4896 538 4956 quae
560 4877 627 4941 edit
647 4881 781 4946 virtutis
804 4900 883 4945 suae
905 4878 1091 4961 specimina.
1127 4878 1195 4944 Sed
1217 4882 1294 4948 huie
1316 4883 1372 4947 de·
1427 4882 1493 4966 20),
1517 4882 1689 4947 Christum
1705 4903 1774 4946 non
1793 4881 1891 4945 modo
1909 4881 2034 4965 angelis
2052 4881 2205 4946 omnibus
2221 4902 2292 4946 esse
2310 4887 2404 4945 ante·

395 4959 567 5025 liramento
602 4972 650 5028 tot
681 4967 861 5031 reclamant
889 4966 1071 5047 scripturae
1100 4968 1300 5048 testimonia,
1334 4978 1373 5033 ut
1426 4967 1614 5047 ferendum,
1643 4967 1701 5032 sed
1726 4968 1807 5051 ipsis
1829 4988 1956 5049 quoque
1982 4967 2141 5031 bonorum
2162 4968 2310 5030 omnium
2331 4988 2404 5032 esse

394 5047 516 5110 mirum
538 5049 580 5111 sit
602 5055 669 5114 tam
691 5073 834 5117 crassam
855 5051 1094 5135 ignorationem
1115 5053 1150 5115 in
1172 5053 1228 5117 illo
1251 5055 1372 5138 populo
1426 5064 1575 5135 autorem
1582 5078 1590 5134 ;
1619 5075 1661 5118 ne
1689 5075 1726 5118 eo
1753 5052 1908 5117 derelicto
1937 5052 1979 5116 ed
1999 5053 2072 5117 illos
2094 5061 2325 5118 convertamur
2345 5054 2404 5136 qui

393 5132 473 5196 ferri
494 5135 648 5215 potuisse.
693 5137 739 5202 Ut
767 5139 855 5200 enim
877 5137 1026 5202 omittam
1047 5157 1128 5220 quos
1151 5142 1301 5221 superius
1324 5141 1371 5205 lo·
1424 5160 1485 5205 nec
1515 5140 1576 5204 sibi
1604 5140 1753 5204 sufficere
1781 5147 1933 5222 possunt,
1966 5137 2023 5202 sed
2051 5159 2093 5202 ex
2121 5139 2235 5203 eodem
2255 5159 2320 5221 quo
2342 5160 2403 5204 nos

394 5238 447 5284 cos
471 5219 582 5298 citavi,
610 5219 666 5283 ubi
687 5222 872 5286 referuntur
890 5222 995 5286 millia
1016 5229 1050 5286 et
1070 5223 1216 5307 legiones
1239 5227 1372 5310 angelo·
1424 5227 1515 5290 fonte
1548 5226 1715 5290 hauriunt.
1767 5224 1866 5290 Certe
1891 5247 1993 5307 quum
2025 5224 2135 5289 ineis
2162 5225 2271 5307 fulgor
2299 5224 2403 5291 divini

393 5326 477 5383 1111,
500 5306 558 5370 ubi
575 5305 732 5390 gaudium
748 5307 814 5372 illis
830 5308 994 5387 tribuitur,
1017 5308 1074 5373 ubi
1094 5322 1275 5377 narrantur
1291 5312 1372 5377 fide·
1424 5312 1570 5377 numinis
1591 5311 1759 5395 refulgeat,
1783 5310 1867 5376 nihil
1890 5318 1940 5375 est
1956 5311 2062 5393 magis
2079 5310 2222 5394 proclive
2244 5331 2345 5393 quam
2365 5312 2403 5376 in

393 5388 442 5453 les
474 5390 626 5458 manibus
659 5393 835 5472 sustinere,
874 5415 989 5459 eorum
1019 5397 1146 5461 animas
1179 5395 1305 5463 deferre
1336 5399 1373 5461 in
1424 5418 1538 5462 eorum
1565 5396 1786 5462 adorationem
1816 5405 1950 5480 stupore
1978 5395 2121 5478 quodam
2146 5418 2206 5462 nos
2238 5397 2404 5480 prosterni

394 5475 552 5557 quietem,
580 5477 693 5543 videre
714 5480 830 5544 faciem
851 5481 955 5563 patris
978 5488 1012 5543 et
1041 5481 1175 5562 similia,
1204 5491 1284 5548 sunt
1306 5483 1370 5562 1111,
1424 5491 1458 5548 11
1487 5484 1598 5548 omnia
1630 5481 1749 5547 deinde
1781 5483 1846 5549 illis
1879 5483 2025 5547 tribuere
2058 5503 2142 5565 quae
2169 5481 2303 5547 nonnisi
2328 5483 2402 5548 Deo

393 5581 436 5624 ex
457 5561 575 5643 quibus
598 5565 778 5631 clarissime
799 5565 962 5630 evincitur
983 5585 1020 5629 re
1042 5587 1121 5632 vera
1143 5589 1215 5634 esse
1237 5570 1372 5652 spiritus
1424 5567 1591 5635 debentur.
1637 5568 1735 5649 Quod
1763 5570 1864 5633 etiam
1892 5569 2032 5633 Ioannes
2064 5569 2101 5631 in
2123 5568 2322 5654 Apocalypsi
2352 5569 2402 5633 fa-

392 5653 532 5710 1111111
551 5648 765 5715 subsistentis.
809 5650 897 5715 Nam
917 5649 1004 5732 quod
1026 5649 1218 5736 Stephanus
1239 5655 1372 5722 etPau·
1423 5662 1512 5721 tetur
1533 5655 1595 5721 sibi
1617 5651 1786 5735 accidisse}
1813 5655 1872 5720 sed
1900 5652 2000 5719 simul
2021 5651 2113 5716 addit
2138 5654 2240 5720 fuisse
2266 5652 2329 5719 sibi
2347 5674 2401 5719 re·
