5600 6809
393 786 454 847 441
646 781 736 846 LIB.
757 781 821 845 ΙΠ.
864 781 928 846 ΒΕ
950 778 1087 846 MODO
1109 778 1460 845 PEROIPOENDAE
1484 777 1675 844 CHRISTI
1696 774 1915 845 asarias.
1961 778 2061 846 eAP.
2084 780 2149 844 III.
2338 783 2402 844 442

484 974 532 1034 10.
551 969 576 1053 ¹)
621 968 677 1035 Sic
704 989 782 1053 ergo
810 989 829 1031 a
856 969 981 1050 peceati
1010 968 1168 1032 servitute
1190 966 1371 1031 liberantur
1424 988 1491 1032 non
1523 968 1621 1032 etiam
1654 967 1805 1031 habitare
1835 967 1963 1031 desinit
2013 963 2160 1032 Proinde
2189 970 2235 1036 sic
2264 969 2403 1036 dicimus

326 1090 333 1105 r
394 1058 454 1124 filii
475 1057 542 1121 Dei
563 1077 628 1138 per·
642 1056 938 1138 regenerationem,
967 1075 1032 1117 non
1060 1062 1098 1117 ut
1125 1054 1217 1135 quasi
1240 1053 1372 1135 plenam
1425 1062 1569 1118 veterem
1593 1053 1757 1118 hominem
1778 1054 1972 1118 crucifixum
1990 1075 2069 1130 esso,
2093 1055 2198 1137 legem
2216 1058 2339 1138 pcccati
2358 1058 2405 1122 sic

394 1142 557 1208 libertatis
579 1143 815 1223 possessionem
839 1140 904 1203 iam
922 1138 1029 1223 adepti
1043 1139 1127 1202 nihil
1144 1139 1284 1221 amplius
1301 1159 1372 1201 mo·
1426 1140 1580 1204 abolitam
1602 1159 1672 1203 esse
1694 1140 1727 1202 in
1750 1138 1826 1202 filiis
1839 1140 1912 1216 Dei,
1935 1148 1973 1201 ut
1994 1139 2151 1221 reliquiae
2168 1151 2403 1225 tamensaper·

395 1229 510 1294 lestiac
543 1248 563 1290 a
591 1247 689 1292 earne
718 1248 778 1291 sua
805 1226 975 1302 sentiant,
998 1225 1056 1289 scd
1085 1237 1122 1288 ut
1149 1225 1214 1288 illis
1242 1233 1374 1288 maneat
1426 1227 1504 1289 sint:
1527 1247 1593 1288 non
1617 1235 1654 1288 ut
1666 1224 1883 1300 dominentur,
1907 1224 1964 1288 sed
1986 1234 2024 1288 ut
2046 1247 2100 1289 eos
2114 1246 2192 1290 suae
2203 1228 2404 1294 infirmitatis

397 1324 554 1398 perpetua
576 1313 762 1377 certaminis
780 1312 927 1386 materia,
950 1311 1039 1374 undo
1061 1320 1291 1388 exerceantur3
1315 1331 1373 1373 ne·
1427 1312 1623 1375 conscientia
1646 1310 1830 1374 humilient.
1864 1311 1911 1374 Et
1933 1310 2006 1376 illas
2031 1311 2161 1393 quidem
2179 1312 2320 1377 fatemur
2337 1337 2405 1378 non

396 1421 458 1482 que
472 1410 686 1462 exerceantur
696 1398 800 1474 modo,
824 1397 880 1461 sed
893 1397 1121 1460 infirmitatem
1136 1418 1263 1478 qnoque
1279 1417 1374 1460 suam
1427 1397 1597 1478 imputari,
1622 1416 1659 1460 ac
1681 1397 1709 1460 si
1731 1418 1796 1460 non
1819 1405 1945 1474 essent;
1973 1397 2031 1461 scd
2054 1398 2115 1462 hoc
2138 1398 2234 1463 simul
2256 1400 2321 1463 Dei
2342 1402 2404 1464 mi-

396 1486 514 1549 melius
537 1483 671 1548 discant.
716 1484 824 1565 Atque
853 1483 889 1546 in
911 1504 950 1547 ea
969 1504 1005 1546 re
1027 1502 1140 1546 omnes
1163 1482 1301 1546 sanioris
1323 1482 1373 1544 iu·
1427 1482 1603 1547 sericordia
1623 1482 1695 1546 fieri
1713 1481 1939 1546 contendimus
1961 1493 1998 1546 ut
2015 1483 2055 1547 ab
2074 1484 2136 1548 boe
2154 1494 2247 1549 reatu
2265 1485 2405 1550 liberen-

398 1571 473 1636 dicii
494 1572 668 1652 scriptores
690 1570 776 1633 inter
798 1589 833 1632 se
856 1569 1076 1642 consentiunt,
1105 1588 1238 1631 manere
1260 1569 1295 1630 in
1316 1567 1374 1630 ho-
1427 1578 1483 1631 tur
1503 1569 1617 1645 sancti,
1645 1569 1699 1649 qui
1721 1568 1839 1631 merito
1861 1569 1941 1632 alias
1963 1578 2149 1651 peccatores
2172 1580 2205 1634 ct
2226 1572 2273 1634 rci
2296 1592 2406 1635 coram

396 1657 486 1720 mine
508 1663 699 1738 regenerato
722 1654 800 1717 mali
821 1655 980 1729 fomitem,
1012 1652 1098 1718 unde
1125 1661 1283 1735 perpetuo
1305 1673 1375 1716 sea·
1428 1655 1499 1718 Deo
1521 1654 1635 1717 forent.
1670 1653 1784 1734 Neque
1796 1673 1874 1717 vero
1893 1653 1979 1719 banc
1996 1656 2193 1719 sententiam
2212 1659 2405 1721 continuare

397 1749 489 1806 teant
509 1741 710 1824 cupiditates,
734 1762 816 1822 quae
834 1742 942 1822 ipsum
960 1739 1002 1803 ad
1021 1739 1223 1822 peccandum
1238 1738 1376 1803 illieiant
1428 1736 1560 1804 difficile
1582 1737 1674 1803 nobis
1696 1741 1770 1802 erit:
1794 1739 1923 1820 quando
1937 1749 2070 1804 exstant
2091 1742 2127 1803 in
2150 1762 2221 1805 eam
2235 1766 2303 1806 rem
2317 1743 2406 1807 clara

398 1837 430 1892 et
459 1827 677 1891 exstimulent.
723 1826 886 1890 Fateatur
915 1827 1029 1902 etiam,
1057 1835 1186 1890 sanctos
1214 1824 1269 1888 illo
1298 1844 1375 1889 con·
1428 1825 1608 1907 scripturae
1629 1825 1825 1889 testimonia.
1867 1823 1957 1904 Quid
1979 1829 2065 1889 cuim
2088 1829 2232 1909 apertius
2255 1829 2405 1894 volumus

399 1913 583 1996 eupiscendi
616 1912 729 1976 morbo
765 1913 872 1976 adbuc
904 1912 949 1974 ita
976 1910 1151 1992 implicitos
1184 1910 1304 1988 teneri,
1339 1918 1376 1973 ut
1428 1931 1525 1992 quam
1555 1910 1640 1993 quod
1668 1910 1709 1974 ad
1731 1911 1826 1973 Rom.
1848 1915 1876 1974 7.
1906 1911 2026 1975 clamat
2051 1912 2198 1977 Paulus?
2243 1915 2403 1994 Primam,

399 2001 527 2065 obstare
548 2011 713 2081 nequeant
735 1999 813 2079 quin
836 1996 974 2061 subinde
991 1997 1042 2060 vel
1060 1996 1102 2059 ad
1119 1995 1298 2071 libidinem,
1322 1995 1375 2060 vcl
1427 1996 1496 2060 illic
1519 2018 1594 2059 eum
1616 1998 1651 2059 in
1675 1996 1816 2060 hominis
1838 1998 2021 2079 regenerati
2043 2020 2183 2080 persona
2204 1999 2303 2082 loqui,
2329 2023 2406 2065 cum

399 2084 440 2150 ad
452 2086 634 2161 avaritiam,
654 2085 707 2149 vel
723 2083 764 2147 ad
782 2082 1001 2156 ambitionem,
1023 2082 1075 2146 vel
1093 2082 1134 2146 ad
1152 2081 1217 2146 alia
1234 2083 1314 2145 vitia
1333 2082 1375 2144 ti·
1428 2103 1487 2146 nos
1509 2083 1586 2146 alibi
1610 2082 1827 2160 ostendimus,
1857 2092 1928 2146 tum
1950 2084 2156 2165 Augustinus
2179 2087 2283 2150 firmis
2304 2089 2404 2151 ratio·

398 2172 548 2235 tillcntur
570 2179 602 2235 et
623 2170 807 2234 incitentur.
852 2169 965 2250 Neque
988 2189 1069 2251 opus
1091 2179 1141 2230 est
1161 2167 1302 2230 multum
1324 2169 1375 2230 in·
1429 2167 1525 2231 nibus
1548 2168 1677 2233 evincit.
1713 2169 1817 2232 Taceo
1838 2168 1923 2251 quod
1946 2170 2024 2247 mali
2047 2180 2080 2234 et
2097 2172 2221 2252 peceati
2239 2172 2404 2238 vocabulis

398 2256 590 2340 vestigando
603 2256 750 2320 laborare
763 2254 838 2336 quid
852 2254 905 2319 hic
919 2264 1046 2318 veteres
1058 2254 1229 2331 senserint,
1247 2253 1375 2334 quando
1429 2256 1542 2317 utitur.
1588 2254 1636 2319 Ut
1661 2276 1757 2318 voces
1784 2254 1858 2318 illas
1880 2254 2026 2319 cavillari
2046 2258 2187 2338 possint,
2216 2258 2272 2339 qui
2301 2259 2404 2323 reela·

399 2365 486 2407 unus
509 2343 716 2434 Augustinus
726 2342 754 2425 2)
778 2342 927 2404 sufficere
950 2340 990 2404 ad
1013 2339 1045 2402 id
1068 2349 1189 2421 potest,
1218 2340 1274 2421 qui
1295 2338 1375 2403 fide·
1428 2360 1518 2403 mare
1539 2340 1631 2404 nobis
1648 2340 1767 2417 volent,
1792 2341 1865 2421 quis
1886 2349 1997 2404 tamen
2019 2345 2270 2425 repugnantiam
2289 2344 2404 2409 adver·

399 2428 475 2492 liter
496 2448 680 2509 magnaque
699 2426 869 2508 diligentia
885 2427 1031 2490 omnium
1044 2427 1223 2490 sententias
1235 2425 1374 2507 collegit.
1429 2447 1484 2488 sus
1505 2425 1612 2507 legem
1630 2426 1702 2503 Dei,
1724 2425 1847 2489 malum
1869 2447 1940 2490 esse
1958 2428 2077 2510 neget?
2101 2430 2172 2509 quis
2190 2429 2404 2511 impedimen-

399 2514 453 2579 Ex
476 2514 531 2577 illo
553 2514 654 2595 igitur
672 2522 806 2576 sumant
823 2513 967 2589 lectores,
990 2513 1018 2575 si
1040 2510 1117 2592 quid
1137 2509 1176 2574 de
1195 2532 1294 2574 sensu
1317 2533 1375 2574 an·
1430 2525 1501 2572 tum
1534 2511 1676 2574 iustitiae
1709 2520 1807 2593 neget
1839 2534 1909 2576 osse
1937 2514 2129 2593 peecatum?
2164 2517 2236 2597 quis
2266 2515 2405 2597 donique

400 2600 561 2682 tiquitatis
587 2597 705 2662 habere
728 2599 807 2662 certi
830 2598 949 2662 volent.
993 2598 1098 2660 Porro
1118 2598 1205 2660 inter
1226 2582 1319 2660 illum
1343 2605 1375 2659 'ct
1429 2616 1495 2659 non
1517 2596 1673 2660 concedat
1695 2597 1824 2678 culpam
1844 2599 1966 2675 inesse,
1997 2599 2052 2662 ubi
2073 2610 2123 2664 est
2144 2602 2322 2682 spiritualis
2343 2603 2404 2666 mi-

399 2709 458 2749 nos
481 2686 542 2748 hoc
565 2682 761 2748 discriminis
778 2683 882 2747 videri
893 2692 999 2764 potest
1011 2684 1175 2760 interesse,
1198 2682 1284 2763 quod
1306 2682 1376 2764 ipse
1429 2680 1534 2744 seria?
1578 2683 1680 2763 Atqui
1712 2684 1775 2744 ista
1808 2684 1917 2746 omnia
1950 2683 1990 2748 de
2023 2684 2084 2748 boc
2111 2687 2223 2750 morbo
2253 2709 2273 2751 a
2298 2687 2405 2752 Paulo

399 2769 529 2853 quidem
554 2791 655 2852 quum
677 2768 789 2833 fideles
812 2767 980 2845 concedat,
1009 2766 1165 2850 quamdiu
1186 2768 1221 2830 in
1243 2789 1376 2850 corpore
1428 2766 1666 2848 praedicantur.
1711 2767 1840 2831 Deinde
1867 2768 2026 2834 habemus
2055 2782 2178 2835 certam
2205 2795 2225 2835 a
2252 2773 2324 2856 lege
2349 2773 2404 2837 de-

398 2856 531 2920 mortali
553 2855 717 2932 habitant,
745 2855 791 2919 sic
818 2854 960 2936 illigatos
983 2854 1087 2916 teneri
1108 2853 1398 2946 concupiscentiis·
1429 2853 1712 2930 monstrationem,
1736 2873 1801 2934 qua
1823 2852 1966 2917 breviter
1987 2863 2056 2918 tota
2077 2857 2158 2919 baec
2179 2859 2325 2938 quaestio
2348 2881 2405 2923 cx·

399 2952 436 3006 ut
458 2963 524 3005 non
543 2943 670 3023 possint
686 2962 751 3003 non
762 2941 997 3021 concupiscere,
1019 2954 1216 3003 enmtamen
1228 2941 1376 3004 morbum
1429 2936 1534 3019 pediri
1555 2946 1670 3020 potest.
1705 2938 1863 3002 Iubemur
1884 2941 1971 3002 enim
1989 2940 2100 3004 Deum
2122 2940 2257 3024 diligere
2278 2966 2319 3008 ex
2338 2954 2405 3009 toto

399 3037 566 3111 peceatum
588 3047 704 3091 vocare
725 3046 791 3089 non
815 3025 915 3089 audet
921 3047 930 3101 ;
953 3024 1011 3087 sed
1032 3024 1074 3087 ad
1088 3025 1181 3087 illum
1203 3024 1376 3107 designan-
1429 3023 1541 3102 corde,
1564 3045 1606 3089 ex
1627 3031 1697 3088 tota
1719 3025 1842 3102 anima,
1866 3044 1907 3087 ex
1929 3026 2007 3089 totis
2029 3026 2245 3092 facultatibus.
2293 3029 2405 3109 Quum

400 3114 477 3178 dum
499 3112 700 3176 infirmitatis
715 3112 846 3175 nomino
859 3118 1042 3188 contentus,
1065 3118 1144 3174 tunc
1161 3109 1293 3173 demum
1306 3112 1377 3174 fieri
1429 3111 1477 3174 ita
1503 3131 1616 3174 omnes
1643 3111 1771 3174 animae
1798 3119 1928 3174 nostrae
1956 3121 2066 3194 partes
2088 3112 2151 3175 Dei
2176 3134 2287 3178 amoro
2309 3136 2405 3180 oceu-

399 3208 568 3284 peccatum
590 3198 683 3262 docet
705 3198 759 3261 ubi
783 3197 835 3260 vel
858 3219 938 3277 opus
960 3196 1012 3259 vel
1035 3217 1214 3261 consensus
1236 3197 1277 3259 ad
1299 3218 1376 3261 eon·
1429 3197 1501 3279 pari
1530 3195 1656 3274 deceat,
1691 3206 1817 3260 eertum
1850 3206 1900 3260 est
1931 3217 1985 3260 eos
2017 3207 2190 3279 praecepto
2217 3222 2282 3262 non
2312 3203 2405 3265 satis·

399 3288 581 3367 ceptionem
592 3283 645 3347 vel
658 3283 949 3366 apprehensionem
962 3279 1094 3359 aceedit,
1105 3281 1166 3346 hoe
1174 3290 1232 3358 est,
1245 3281 1376 3364 quando
1428 3283 1547 3360 faeere,
1575 3282 1631 3364 qui
1660 3281 1713 3345 vel
1741 3281 1912 3346 leviculam
1936 3284 2170 3365 appetitionem
2198 3284 2294 3348 eorde
2324 3286 2405 3368 rcci-

399 3373 525 3456 primae
553 3370 746 3452 appetitioni
772 3368 858 3434 cedit
887 3368 1052 3432 voluntas:
1080 3389 1140 3431 nos
1163 3379 1272 3431 autem
1294 3368 1376 3432 illud
1428 3389 1521 3450 pere,
1552 3368 1606 3433 vel
1626 3367 1728 3432 ullam
1750 3368 1885 3431 omnino
1906 3369 2133 3452 cogitationem
2156 3372 2265 3434 animo
2287 3369 2405 3435 admit

398 3459 506 3540 ipsum
533 3477 594 3538 pro
622 3464 753 3538 peceato
783 3455 957 3533 habemus,
992 3453 1077 3535 quod
1105 3453 1213 3535 aliqua
1245 3456 1376 3518 omnino
1429 3467 1498 3518 tere
1519 3463 1669 3536 possunt,
1700 3476 1782 3536 quae
1811 3475 1865 3518 eos
1887 3455 1927 3519 ab
1950 3476 2060 3519 amore
2082 3456 2147 3519 Dei
2166 3457 2202 3519 in
2224 3457 2405 3521 vanitatem

400 3544 576 3625 cupiditate
609 3551 723 3608 contra
757 3540 863 3623 legem
892 3539 955 3604 Dei
985 3539 1083 3604 bomo
1111 3539 1262 3603 titillatur
1269 3564 1277 3620 ;
1311 3541 1376 3603 imo
1429 3539 1576 3604 abducat.
1622 3539 1711 3620 Quid
1732 3540 1841 3605 enim?
1872 3561 1983 3604 annon
2006 3541 2082 3605 illae
2104 3550 2183 3606 sunt
2205 3542 2334 3607 animae
2356 3544 2404 3607 fa-

399 3629 748 3712 matam-pravitatem,
777 3648 859 3708 quae
888 3624 1045 3690 eiusmodi
1067 3625 1260 3706 cupiditates
1283 3626 1376 3690 nobis
1428 3625 1583 3705 cultates,
1611 3627 1729 3691 subitis
1755 3626 1954 3690 motionibus
1977 3628 2076 3704 affici,
2101 3649 2198 3692 sensu
2221 3630 2404 3712 apprehen-

399 3725 542 3799 generat,
568 3714 742 3778 asserimus
764 3735 835 3776 esse
858 3724 1035 3794 peccatum.
1080 3712 1245 3775 Docomus
1266 3711 1376 3793 itaquo
1429 3710 1514 3789 dere,
1537 3720 1647 3781 mente
1670 3711 1859 3793 concipere?
1899 3713 1987 3777 Istae
2009 3713 2111 3796 igitur
2131 3735 2233 3795 quum
2258 3717 2350 3779 vanis
2372 3723 2406 3779 et

398 3802 433 3865 in
454 3802 589 3877 sanctis,
609 3800 710 3864 donce
731 3799 863 3862 mortali
885 3818 1018 3879 corpore
1041 3811 1219 3875 exuantur,
1248 3819 1377 3880 semper
1428 3798 1540 3880 pravis
1558 3797 1807 3881 cogitationibus
1824 3796 1951 3860 aditum
1963 3797 2004 3861 ad
2019 3821 2054 3862 so
2068 3801 2277 3881 patefaciunt,
2295 3822 2405 3865 annon

399 3908 470 3951 esse
483 3895 665 3967 peecatum:
689 3885 765 3965 quia
786 3885 821 3946 in
840 3904 953 3947 eorum
974 3905 1072 3948 carne
1093 3883 1214 3947 residet
1230 3884 1375 3948 illacon-
1428 3882 1605 3948 ostendunt
1627 3905 1661 3948 se
1683 3881 1875 3946 tantundem
1899 3884 1939 3947 ab
1963 3905 2072 3948 amore
2084 3885 2149 3948 Dei
2168 3908 2239 3949 csse
2263 3886 2403 3952 vacuas?

399 3971 585 4053 cupiscendi
612 3970 772 4053 pravitas,
800 3991 883 4051 quae
910 3988 985 4032 cum
1013 3968 1209 4033 rectitudine
1240 3977 1374 4052 pugnat.
1410 3967 1540 4048 ¹Quare
1562 3969 1618 4050 qui
1643 3990 1710 4033 non
1728 3969 1850 4033 fatetur
1866 3989 1979 4034 omnes
1997 3972 2105 4035 carnis
2123 3971 2316 4054 cupiditates
2333 3995 2404 4038 esse

401 4059 509 4137 Neque
528 4062 630 4121 tamea
650 4077 771 4136 semper
792 4076 812 4117 a
827 4056 945 4137 peccati
967 4056 1090 4118 nomine
1111 4054 1257 4135 abatiaet;
1283 4057 1376 4119 acati
1428 4063 1576 4137 peccata,
1604 4055 1699 4121 illum
1726 4074 1804 4120 vero
1831 4054 2082 4136 concupiscendi
2110 4059 2276 4135 morbum,
2306 4080 2405 4140 quem

399 4165 494 4225 quum
512 4144 641 4225 atrita)
664 4142 719 4205 troc
733 4142 851 4222 mactet
868 4141 989 4203 ttomiae
1005 4140 1142 4219 appellat
1154 4139 1278 4205 Paulas
1295 4141 1376 4205 eade
1428 4141 1574 4204 fomitem
1602 4140 1783 4223 appellant,
1816 4161 1886 4204 esse
1914 4143 2039 4222 peccati
2067 4145 2315 4227 scaturiginem,
2349 4144 2404 4208 illc

400 4231 545 4293 oriuatar
559 4234 665 4294 atride
677 4232 805 4309 peecata
820 4228 853 4289 ia
871 4225 1064 4308 carnatem)
1083 4227 1375 4307 coucupiscentiam5
1428 4227 1722 4308 transgressionem
1748 4225 1830 4308 legis
1855 4236 2025 4308 peecatum
2052 4250 2123 4294 esse
2148 4240 2246 4312 neget
2272 4249 2404 4293 neccsse

398 4314 452 4379 troc
465 4321 613 4396 priuatum
630 4314 672 4378 ad
684 4318 805 4377 sanctes
812 4312 954 4392 pertinet,
973 4332 1103 4393 regnum
1115 4312 1229 4374 antidit
1238 4313 1272 4375 ia
1283 4317 1375 4391 terre,
1428 4318 1486 4374 est
2268 4391 2273 4398 ἱ

394 4403 529 4483 peritia
547 4401 633 4465 coelo.
679 4399 799 4480 Quibus
815 4396 915 4460 uerbis
931 4398 1061 4479 fatetur,
1085 4401 1237 4477 qautenus
1254 4397 1377 4462 odacar?
1517 4401 1564 4460 12.
1599 4394 1638 4462 Si
1660 4396 1713 4461 cui
1729 4396 1908 4462 absurdum
1926 4396 2066 4475 videtur,
2087 4399 2134 4461 ita
2156 4399 2190 4461 in
2212 4399 2404 4462 universum

400 4493 472 4551 suat
491 4488 597 4567 fideles
618 4485 871 4568 correapt'seeatiis
892 4484 1011 4559 cernis,
1032 4484 1151 4564 peceati
1173 4503 1238 4547 esse
1256 4503 1332 4548 reos.
1429 4482 1578 4547 damnari
1600 4482 1796 4566 cupiditates
1817 4504 1932 4548 omnes
1954 4485 2073 4566 quibus
2094 4483 2192 4546 homo
2209 4482 2405 4548 naturaliter

489 4578 535 4636 ll.
565 4571 662 4652 Quod
684 4582 794 4636 autem
814 4570 907 4634 Deus
929 4569 1095 4634 ecclesiam
1118 4589 1211 4632 suam
1234 4590 1376 4652 purgare
1428 4569 1583 4648 allicitur,
1612 4590 1715 4652 quum
1743 4591 1762 4633 a
1789 4571 1860 4634 Deo
1887 4569 2010 4634 inditae
2033 4568 2099 4632 sint
2119 4575 2257 4631 naturae
2279 4578 2403 4649 autore,

400 4659 440 4722 ab
463 4659 551 4720 omni
573 4670 704 4740 peccato
727 4658 853 4731 dicitur,
876 4655 962 4735 quod
984 4676 1056 4719 eam
1078 4654 1279 4719 liberationis
1301 4675 1375 4738 gra-
1428 4655 1673 4738 respondemus,
1696 4677 1756 4719 nos
1774 4676 1981 4738 nequaquam
2003 4675 2058 4717 eas
2080 4653 2294 4734 appetitiones
2313 4654 2404 4719 dam-

399 4746 478 4806 tiam
511 4763 570 4823 per
596 4744 796 4826 baptismum
825 4741 1011 4825 pollicetur,
1045 4749 1078 4805 et
1106 4742 1139 4804 in
1169 4741 1281 4806 clectis
1308 4743 1375 4806 suis
1430 4762 1508 4804 nare
1536 4763 1616 4824 quas
1640 4741 1784 4805 bominis
1807 4742 1940 4824 ingenio
1962 4741 2054 4803 Deus
2076 4737 2122 4801 sic
2144 4757 2164 4799 a
2185 4739 2292 4821 prima
2312 4763 2404 4808 crea-

399 4827 524 4910 implet,
548 4827 588 4890 ad
610 4846 734 4894 reatum
759 4831 866 4911 potius
890 4828 1061 4892 referimus
1085 4849 1183 4909 quam
1207 4826 1247 4890 ad
1270 4827 1375 4909 ipsam
1429 4826 1517 4891 tione
1539 4827 1719 4910 insculpsit,
1742 4828 1875 4892 atinde
1898 4822 2055 4889 eradicari
2076 4823 2140 4886 nisi
2161 4847 2235 4889 cum
2252 4826 2324 4909 ipsa
2340 4827 2403 4892 hu·

399 4913 522 4997 peccati
544 4916 723 4978 materiam.
764 4916 917 4978 Praestat
938 4914 999 4979 hoc
1021 4913 1151 4995 quidem
1175 4913 1276 4989 Deus,
1301 4936 1376 4979 suos
1428 4914 1585 4977 manitate
1606 4936 1671 4978 non
1694 4914 1833 4997 possint,
1856 4911 1913 4974 scd
1934 4915 2066 4973 tantum
2086 4908 2265 4976 insolentes
2287 4915 2403 4979 effice·

400 4997 639 5083 regenerando,
668 5008 705 5061 ut
732 5002 854 5080 peccati
879 5021 1016 5081 rognum
1039 5001 1073 5063 in
1094 5000 1173 5083 ipsis
1196 4999 1373 5064 aboleatur.
1428 5020 1550 5082 nosque
1578 5010 1700 5076 motus,
1734 5001 1790 5081 qui
1819 5018 1893 5062 cum
1922 4996 1987 5059 Dei
2012 4991 2216 5062 ordinatione
2241 5008 2400 5083 pugnant.

400 5085 569 5149 Virtutem
591 5085 676 5147 enim
701 5086 834 5165 spiritus
852 5080 1086 5162 subministrati,
1110 5109 1174 5169 qua
1191 5087 1375 5168 superiores
1427 5085 1498 5149 lam
1522 5107 1599 5150 vero
1621 5106 1722 5169 quum
1745 5085 1784 5148 ob
1807 5091 1944 5145 naturae
1956 5080 2154 5162 pravitatem
2170 5105 2282 5150 onmes
2299 5086 2402 5151 facul·

401 5171 435 5235 in
451 5171 628 5236 certamine
646 5169 849 5249 victoresque
866 5171 956 5233 fiant.
996 5169 1063 5235 Sed
1080 5192 1219 5256 regnare
1236 5183 1374 5251 tantum,
1427 5179 1511 5236 tates
1533 5171 1613 5236 adeo
1636 5173 1769 5235 vitiatae
1789 5169 1857 5232 sint
1877 5188 1914 5230 ac
1937 5174 2117 5248 corruptae,
2139 5180 2177 5232 ut
2198 5171 2234 5233 in
2252 5173 2403 5236 omnibus

1429 5256 1610 5322 actionibus
1638 5258 1780 5320 emineat
1806 5260 1963 5335 perpetua
1990 5249 2099 5330 ἀταξία
2126 5263 2160 5319 et
2181 5256 2401 5339 intemperies,

1429 5345 1506 5423 quia
1536 5344 1577 5407 ab
1610 5339 1765 5405 eiusmodi
1793 5338 2029 5402 incontinentia
2057 5341 2203 5422 separari
2235 5350 2403 5423 nequeant

471 5429 499 5493 1)
527 5428 692 5480 haereatur
718 5424 740 5476 lt-
766 5424 783 5477 ἰ
806 5424 842 5490 (i-
869 5421 984 5489 10-14)
1011 5439 1082 5490 qaae
1106 5427 1219 5489 fueram
1247 5422 1376 5481 attritae
1430 5429 1658 5510 appetitiones,
1692 5424 1762 5487 idco
1795 5425 1928 5489 vitiosas
1955 5445 2025 5489 esse
2053 5425 2287 5490 contendimus.
2332 5427 2403 5493 Aut

399 5498 586 5618 ggqceqentg’q
606 5491 896 5615 {i'wfftgssdfflfw‘
914 5491 957 5626 ἐξ
971 5490 1162 5614 ὃθηξξὲῶἔὲ
1181 5495 1376 5628 {flerfflssoss
1430 5512 1472 5595 (si
1494 5512 1701 5594 paucioribus
1722 5510 1831 5574 verbis
1853 5531 2016 5575 summam
2037 5510 2158 5576 habere
2175 5510 2269 5596 libet)
2290 5534 2403 5580 omnes

402 5632 432 5690 4)
459 5635 614 5703 &pendam
632 5633 740 5686 uidetur
756 5647 817 5685 cum
835 5645 901 5683 rece.
920 5629 1073 5681 viennam:
1097 5637 1222 5697 peccata,
1242 5630 1377 5682 carnalem
1431 5599 1602 5697 hominum
1629 5594 1823 5692 cupiditales
1850 5596 1952 5662 malim
1980 5617 2051 5661 ⁰⁸⁸⁰
2073 5595 2239 5676 d⁰⁰0mu⁸2
2268 5606 2302 5662 ⁰¹3
2326 5620 2403 5681 1³⁰0·

401 5704 503 5757 scilicet
521 5710 571 5757 etr.
1430 5693 1495 5747 cati
1516 5700 1589 5745 reas
1611 5701 1812 5764 peragamus3
1844 5702 1911 5747 non
1939 5690 2100 5766 quatenus
2126 5689 2206 5747 sunt
2225 5685 2402 5766 naturales,
