5600 6809
436 753 499 813 679
864 759 865 763 ’
1083 743 1349 812 INSTITUTIO
1370 744 1476 810 REL.
1500 741 1677 809 CHRIS'P.
1702 747 1791 806 labe.
2376 741 2440 801 680

439 938 509 1004 vini
531 937 640 1001 iudicii
668 936 806 1000 altitudo
834 957 868 1000 se
888 936 1019 1016 profert.
1064 934 1134 998 Nec
1157 934 1244 996 enim
1269 931 1413 1009 dubium,
1465 937 1555 995 turus
1584 933 1723 1012 equasti,
1757 930 1834 1010 quia
1865 931 1945 993 miro
1979 934 2108 1007 utroque
2135 928 2223 990 modo
2256 927 2327 989 latet
2353 927 2440 988 intra

439 1025 518 1105 quin
548 1028 700 1086 aeternae
729 1023 793 1086 Dei
821 1021 974 1085 electionis
1006 1021 1139 1084 arbitrio
1174 1019 1254 1083 haec
1288 1038 1414 1099 quoque
1463 1019 1618 1101 premium
1639 1017 1744 1080 beatae
1772 1014 2087 1094 praedestinationis,
2120 1019 2148 1076 et
2179 1014 2263 1075 intra
2301 1031 2441 1074 massam

437 1110 581 1173 varietas
603 1108 733 1172 serviat.
768 1105 864 1186 Quod
888 1107 914 1169 si
936 1107 1045 1188 palam
1068 1116 1118 1169 est
1139 1105 1203 1168 Dei
1225 1110 1309 1167 nutu
1332 1104 1413 1178 fieri,
1465 1105 1598 1168 miserae
1636 1101 1855 1166 damnationis,
1912 1098 1979 1165 Sed
2018 1111 2190 1180 antequam
2224 1118 2296 1160 rem
2333 1098 2442 1178 ipsam

439 1200 477 1258 ut
500 1194 571 1258 aliis
594 1193 681 1256 ultro
704 1193 860 1255 offeratur
882 1191 983 1265 salus,
1013 1190 1068 1255 alii
1093 1191 1133 1254 ab
1157 1191 1226 1254 eius
1248 1187 1339 1252 aditu
1362 1210 1415 1252 ar·
1447 1189 1650 1271 ·ingredi0r,
1679 1209 1756 1253 cum
1784 1185 1907 1268 duplici
1934 1185 2106 1249 hominum
2133 1205 2253 1267 genere
2280 1182 2362 1246 mihi
2391 1183 2441 1246 bi-

439 1291 589 1354 ceantur,
619 1278 672 1343 hio
698 1299 838 1358 magnae
867 1276 1049 1340 etarduae
1071 1276 1221 1358 protinus
1243 1281 1417 1357 emergunt
1466 1276 1583 1339 fariam
1616 1273 1831 1356 praefandum
1865 1281 1923 1335 est.
1975 1272 2240 1352 Disputationem
2273 1268 2312 1332 de
2347 1290 2442 1350 prae-

439 1366 661 1448 qnaestiones‚
690 1383 772 1444 quae
800 1363 895 1425 aliter
922 1363 1078 1443 explicari
1105 1368 1286 1441 nequeunt,
1316 1380 1416 1441 quam
1468 1360 1697 1436 destinatione,
1725 1378 1826 1441 quum
1847 1379 1907 1439 per
1928 1378 1962 1420 se
1985 1358 2028 1420 sit
2050 1356 2253 1437 aliquantum
2274 1354 2442 1435 impedita,

440 1452 469 1515 si
493 1450 532 1512 de
555 1449 710 1513 electione
740 1470 777 1512 ac
798 1447 1096 1530 praedestinatione
1118 1447 1333 1511 constitutum
1355 1445 1420 1508 ha·-
1466 1446 1563 1511 valde
1583 1446 1772 1527 perplexam
1796 1452 1893 1525 atque
1915 1443 1994 1507 adeo
2017 1441 2231 1524 periculosam
2253 1438 2361 1503 reddit
2382 1439 2443 1502 ho-

439 1535 538 1599 beant
558 1535 631 1616 piae
652 1542 777 1597 mentes
799 1532 886 1614 quod
913 1542 1026 1596 tenere
1048 1533 1210 1596 eonvenit.
1252 1531 1416 1613 Perplexa,
1468 1534 1596 1596 minum
1629 1531 1811 1596 curiositas:
1854 1550 1937 1610 quae
1970 1527 2069 1591 nullis
2100 1525 2266 1609 repagulis
2297 1524 2443 1590 cohiberi

363 1627 365 1630 ⁴
440 1626 475 1683 ut
495 1621 605 1683 multis
626 1620 763 1696 uidetur,
790 1619 941 1699 quaestio:
968 1618 1046 1698 quia
1066 1617 1147 1681 nihil
1167 1618 1273 1681 minus
1294 1637 1418 1681 consen-
1468 1625 1589 1701 potest,
1619 1619 1698 1699 quin
1721 1615 1808 1678 etin
1831 1615 1948 1679 vetitas
1971 1614 2124 1695 ambages
2147 1620 2317 1694 evagetur,
2345 1620 2379 1673 et
2406 1611 2443 1673 in

439 1712 563 1770 laneum
578 1710 702 1785 putent,
724 1725 820 1784 quam
837 1705 1040 1768 eaeommuni
1053 1703 1213 1767 lominum
1229 1702 1321 1765 turba
1337 1703 1418 1765 alios
1469 1703 1607 1769 sublime
1635 1723 1670 1767 se
1697 1701 1871 1783 proripiat,
1893 1700 1993 1777 nihil,
2020 1701 2048 1763 si
2070 1699 2178 1775 liceat,
2204 1699 2328 1768 arcani.
2356 1696 2443 1778 quod

439 1791 640 1867 adsalutem,
661 1790 800 1853 aliosad
818 1789 1233 1870 interitumqereedestinari.
1264 1787 1417 1852 litantem
1468 1812 1536 1853 non
1569 1798 1733 1854 scrutetur
1762 1798 1858 1867 atque
1886 1785 2035 1863 evolvat,
2071 1783 2143 1847 Deo
2178 1783 2339 1848 relictura.
2400 1782 2444 1845 In

432 1895 602 1957 perperam
624 1895 656 1938 se
678 1876 741 1955 ipsi
763 1875 947 1956 impediunt,
976 1895 1015 1938 ea
1036 1879 1174 1937 cmteatu
1193 1880 1300 1953 postea
1321 1874 1417 1953 lique·
1469 1876 1554 1940 hano
1587 1874 1758 1938 audaciam
1784 1881 1817 1934 et
1843 1871 2084 1954 improbitatem
2116 1891 2216 1952 quum
2244 1869 2364 1932 multos
2393 1868 2443 1931 vi·

439 1962 490 2024 bit.
520 1960 612 2025 Adde
633 1961 713 2040 quod
735 1961 770 2022 in
792 1962 863 2041 ipsa
881 1980 960 2040 quae
981 1965 1073 2023 terret
1090 1960 1229 2042 eoliqine
1252 1980 1312 2023 non
1329 1959 1418 2022 medo
1469 1961 1602 2024 deamus
1625 1960 1746 2041 passim
1764 1979 1868 2035 ruere,
1891 1969 1924 2020 et
1945 1959 1979 2020 in
2001 1958 2041 2020 iis
2063 1955 2219 2037 quosdam
2237 1955 2358 2036 alioqui
2376 1975 2445 2017 non

440 2048 564 2111 utilitas
585 2047 681 2109 luins
702 2047 868 2124 doctrinae,
890 2046 945 2111 sed
964 2046 1176 2109 suavissimus
1195 2066 1313 2126 quoque
1333 2049 1419 2125 true
1469 2047 1586 2119 malos,
1618 2053 1798 2127 opportune
1820 2043 2017 2106 admonendi
2038 2050 2129 2116 sunt,
2158 2042 2230 2124 quis
2259 2041 2302 2103 sit
2324 2041 2359 2102 in
2381 2040 2446 2103 hac

439 2137 490 2196 tus
511 2153 543 2197 se
558 2132 690 2212 profert.
736 2131 910 2212 Nunquam
931 2131 1065 2211 liquido,
1093 2136 1129 2194 ut
1149 2132 1243 2209 decet,
1268 2132 1418 2212 persuasi
1470 2142 1562 2215 parte
1589 2132 1685 2195 officii
1713 2130 1764 2194 sui
1786 2128 1909 2193 modus.
1953 2129 2103 2193 Primum
2126 2148 2203 2209 ergo
2225 2127 2444 2201 meminerint,

335 2223 338 2226 ’
439 2219 557 2281 mineus
573 2218 855 2282 salutemnostram
872 2218 1170 2298 aasenteqratuitae
1184 2216 1419 2280 misericordiae
1470 2220 1505 2281 in
1526 2216 1855 2300 praedestinationem
1878 2215 1957 2278 dum
1979 2215 2166 2295 inquirunt,
2195 2234 2229 2276 se
2257 2212 2291 2274 in
2313 2210 2445 2275 dimnae

438 2302 503 2367 Dei
521 2305 632 2382 fluere,
655 2303 747 2366 donea
769 2303 937 2366 innotuerit
957 2302 1044 2365 nobis
1066 2307 1190 2367 aeterua
1211 2304 1279 2365 eius
1302 2301 1419 2367 electio:
1470 2305 1647 2385 sapientiae
1674 2302 1774 2384 udyta
1794 2310 1980 2382 penetrare,
2014 2321 2077 2381 quo
2111 2301 2138 2361 si
2166 2298 2238 2380 quis
2266 2319 2378 2362 secure
2406 2319 2445 2361 ao

439 2409 518 2470 quae
532 2389 590 2452 liae
606 2389 833 2468 eomqroratione
845 2389 985 2470 qratiam
1002 2388 1065 2452 Dei
1086 2388 1234 2465 illustret,
1255 2389 1336 2468 quod
1358 2407 1419 2449 nen
1470 2389 1672 2454 confidenter
1698 2395 1903 2469 prorumpat,
1932 2405 1993 2450 nec
2015 2407 2079 2467 quo
2108 2406 2201 2449 suam
2224 2384 2446 2449 curiositatem

439 2494 543 2538 omnes
552 2475 731 2554 promiscue
748 2473 874 2553 adoptat
887 2475 922 2536 in
939 2494 1025 2552 spem
1043 2474 1166 2550 salutis,
1189 2474 1242 2536 sed
1265 2475 1319 2538 det
1341 2473 1420 2537 aliis
1471 2476 1567 2540 satiet
1588 2482 1791 2555 assequetur,
1815 2484 1848 2535 et
1872 2470 2097 2556 labyrinthum
2124 2469 2329 2552 ingredietur
2352 2470 2446 2533 euius

327 2587 329 2597 ·
439 2560 520 2639 quod
542 2560 619 2623 aliis
635 2563 733 2640 νομοί.
767 2559 877 2623 Huius
892 2559 1049 2640 principii
1071 2560 1250 2641 iquorantia
1267 2563 1420 2639 quantum
1470 2561 1599 2624 nullum
1628 2560 1769 2641 reperiet
1796 2559 1931 2622 exitum.
1975 2557 2090 2639 Neque
2113 2558 2201 2620 enim
2223 2577 2362 2637 aequum
2384 2565 2444 2630 est,

439 2665 479 2709 aa
493 2645 598 2726 qleria
616 2644 680 2708 Dei
705 2645 882 2721 imminuat,
906 2650 1058 2724 quantum
1079 2664 1168 2708 verae
1185 2644 1358 2708 humilitati
1369 2644 1419 2707 de
1470 2653 1510 2710 ut
1530 2667 1612 2727 quae
1637 2647 1673 2708 in
1696 2666 1730 2708 se
1752 2645 1823 2726 ipso
1845 2641 2032 2708 abscondita
2053 2663 2124 2706 esse
2145 2642 2250 2707 voluit
2269 2641 2444 2717 Dominus,

438 2729 552 2806 trabat,
569 2729 683 2809 palam
704 2734 755 2793 est.
787 2729 888 2810 Atqui
910 2730 991 2810 quod
1007 2730 1052 2792 ita
1071 2731 1192 2812 eoqnitu
1208 2731 1419 2794 necessarium
1469 2734 1602 2813 impune
1629 2731 1727 2794 homo
1756 2730 1915 2807 excutiat,
1944 2738 1977 2793 et
2004 2729 2181 2811 sapientiae
2210 2727 2446 2791 sublimitatem

440 2820 493 2893 est,
510 2815 647 2896 eoqnosei
657 2834 750 2895 posse
760 2821 850 2897 neqat
862 2813 996 2893 Paulus,
1012 2816 1077 2878 nisi
1086 2815 1185 2894 Deus,
1203 2817 1315 2880 maimo
1325 2836 1419 2897 pror·
1470 2816 1583 2901 (quarn
1616 2816 1745 2881 adorari
1778 2822 1811 2880 et
1839 2836 1904 2879 non
1933 2812 2135 2897 apprehendi
2163 2813 2280 2889 voluit,
2314 2823 2353 2875 ut
2385 2832 2446 2894 per

439 2920 497 2964 sus
517 2919 644 2980 operum
663 2905 808 2980 remeate,
831 2921 907 2981 quos
927 2902 1013 2981 apud
1033 2922 1067 2964 se
1087 2902 1219 2966 deereeit
1239 2902 1348 2984 eliqat:
1375 2900 1430 2963 In·
1469 2904 1574 2984 ipsam
1592 2923 1720 2985 quoque
1737 2901 1938 2966 admirabilis
1956 2900 2050 2964 nobis
2066 2900 2165 2981 foret)
2188 2899 2228 2963 ab
2244 2899 2316 2979 ipsa
2338 2907 2445 2960 aeter-

438 2986 501 3063 lioe,
515 2986 626 3082 'inquit
647 2985 757 3067 (Rom.
780 2990 826 3060 ll,
848 2984 897 3068 5),
917 2991 1050 3068 tenqrore
1077 2987 1230 3066 reliquiae
1250 2986 1418 3052 seeundum
1468 2982 1573 3052 nit'ate
1594 2988 1731 3054 evolvat.
1773 2986 1867 3068 Quae
1888 2987 1981 3051 nobis
1998 2984 2216 3068 patefacienda
2236 2984 2363 3048 censuit
2384 3003 2444 3045 vo-

438 3071 606 3135 electwnem
619 3072 794 3168 qratuitam
809 3071 916 3135 saluae
935 3072 1070 3153 suerunt.
1112 3073 1200 3153 Quod
1220 3074 1326 3153 siper
1343 3093 1418 3155 φναν
1468 3074 1606 3139 luntatis
1625 3096 1703 3138 suae
1725 3093 1852 3150 aroana,
1876 3094 1914 3137 ea
1930 3073 2031 3137 verbo
2052 3093 2110 3137 suo
2122 3069 2272 3152 prodidit.
2305 3067 2444 3132 Censuit

437 3158 525 3234 tiam,
548 3176 608 3219 non
629 3175 696 3219 iarn
717 3176 756 3219 ce
776 3157 934 3237 apetium
955 3158 1203 3238 quandoquidem
1220 3160 1326 3241 qratia
1350 3159 1417 3221 iam
1468 3167 1588 3238 antem,
1617 3167 1777 3241 quatenus
1803 3166 1917 3223 nostra
1942 3158 2100 3222 interesse
2134 3155 2289 3237 nobisque
2321 3152 2443 3218 eondu-

309 3237 316 3247 '
437 3246 586 3306 narrasset
600 3243 715 3324 qratia.
748 3241 786 3306 Si
796 3262 834 3307 ca
850 3243 1000 3324 operibus,
1017 3263 1126 3307 nanee
1140 3246 1246 3327 qratia
1252 3269 1263 3324 ;
1278 3244 1417 3324 quande
1469 3266 1543 3310 cere
1565 3245 1766 3328 providebat.

437 3328 562 3409 quidem
583 3347 661 3408 opus
676 3349 738 3393 non
759 3333 836 3392 esset
856 3348 942 3407 opus.
979 3328 1017 3392 Si
1034 3329 1077 3394 ad
1098 3329 1250 3394 electionis
1265 3331 1417 3412 oriqinem
1547 3337 1575 3395 2.
1605 3331 1869 3396 Pervenimusin
1881 3330 1969 3393 viam
1980 3328 2065 3406 fidei,
2077 3330 2185 3411 inquit
2195 3327 2410 3411 hugnanis,
2420 3327 2444 3406 ¹)

359 3438 364 3450 ·
436 3412 601 3478 reuocandi
622 3433 741 3490 sumre,
764 3418 797 3476 ut
817 3419 928 3478 consta
944 3434 1007 3478 nan
1022 3415 1150 3479 aliunde
1165 3436 1261 3496 quam
1276 3436 1314 3479 err
1330 3435 1417 3479 mera
1468 3440 1541 3482 eam
1554 3425 1741 3482 constanter
1754 3423 1934 3479 teneamus.
1947 3414 2248 3497 ‘Ipsaperdueitad
2260 3411 2443 3479 cubiculum

437 3498 503 3563 Dei
524 3497 707 3562 liberalitate
734 3500 903 3582 contingere
929 3499 1017 3565 nobis
1038 3501 1184 3578 salumn,
1212 3503 1269 3581 qui
1290 3500 1344 3565 loe
1365 3521 1417 3564 oa·
1467 3505 1571 3586 regis,
1599 3504 1635 3566 in
1661 3522 1725 3584 quo
1752 3510 1830 3565 sunt
1856 3521 1969 3565 omnes
1991 3501 2139 3565 thesauri
2160 3500 2314 3565 scientiae
2337 3507 2370 3562 et
2392 3518 2443 3560 sa-

316 3610 318 3614 ·
437 3586 583 3649 stinctum
604 3584 718 3662 uolunt,
740 3585 876 3667 malique
896 3590 1048 3666 quantum
1070 3587 1103 3649 in
1125 3606 1158 3650 se
1179 3592 1223 3650 est
1244 3585 1416 3664 obscurant,
1466 3590 1609 3672 pientiae
1620 3585 1808 3653 absconditi.
1838 3587 1914 3650 Non
1931 3587 2020 3650 enirn
2035 3587 2104 3668 ipse
2115 3587 2280 3651 Dominus
2290 3583 2444 3649 Christus

437 3670 520 3767 quod
541 3670 704 3768 maqrriyiee
721 3691 768 3767 ,aa
788 3671 894 3751 plenis
920 3671 1023 3736 buccis
1044 3671 1258 3737 celebrandum
1279 3676 1358 3750 erat,
1388 3677 1416 3735 et
1466 3675 1533 3739 suis
1544 3674 1674 3757 magnis
1692 3681 1726 3738 et
1742 3671 1961 3738 ualentissimis
1972 3671 2139 3754 discipulis
2149 3671 2326 3748 invidebat,
2343 3689 2444 3751 quum

436 3774 541 3836 msam
572 3754 759 3852 humilitates
791 3756 926 3820 radicem
958 3757 1095 3822 eredunt.
1158 3756 1252 3822 Olore
1284 3762 1415 3821 testatur
1466 3760 1588 3824 diceret
1604 3758 1734 3837 (Ioann.
1757 3763 1805 3836 16,
1828 3760 1904 3839 12):
1928 3759 2033 3822 multa
2054 3756 2157 3821 habeo
2179 3758 2271 3822 vobis
2291 3756 2443 3833 dicenda;

439 3839 577 3937 Paulus,
610 3839 664 3903 ubi
694 3842 816 3906 residui
842 3843 956 3923 pepuli
981 3842 1071 3907 salus
1097 3844 1233 3908 eledioni
1257 3844 1415 3926 protentae
1466 3845 1523 3911 sed
1553 3864 1620 3909 non
1647 3846 1784 3927 potestis
1811 3851 1944 3925 portare
1972 3865 2069 3909 nunc.
2114 3842 2362 3907 Ambulandum
2385 3850 2444 3916 est,

438 3926 642 4022 adscribitur,
669 3931 741 3991 tunc
768 3928 891 3992 denum
918 3930 1071 4010 coqueret,
1099 3929 1204 3994 Deum
1227 3950 1309 3994 mero
1331 3929 1415 3994 bene
1465 3929 1702 4014 proficiendum
1732 3937 1798 4007 est,
1832 3928 2044 3994 crescendum
2078 3943 2141 3993 est:
2177 3940 2215 3992 ut
2246 3929 2314 3993 sint
2346 3926 2446 3993 corda

431 4009 550 4092 placito
569 4031 694 4076 seruare
714 4034 791 4093 quos
811 4013 891 4093 uult,
917 4035 978 4078 non
999 4020 1101 4080 autem
1123 4016 1289 4081 mueedem
1309 4035 1415 4097 repen·
1466 4027 1580 4082 nostra
1601 4016 1733 4098 capania
1750 4036 1865 4080 earum
1883 4035 2004 4091 rerum,
2028 4037 2109 4099 quas
2131 4036 2247 4097 capere
2264 4014 2361 4078 modo
2379 4034 2447 4077 non

437 4096 524 4174 dere,
551 4117 631 4194 quoe
657 4098 746 4162 nulla
773 4098 875 4162 deberi
896 4105 1003 4180 potest.
1051 4101 1112 4181 Qui
1141 4103 1224 4182 foras
1245 4102 1414 4178 occludunt,
1466 4124 1648 4185 possumus.
1694 4099 1793 4182 Quod
1824 4103 1853 4166 si
1885 4122 1944 4166 nos
1973 4102 2109 4166 ultimus
2138 4101 2208 4167 dies
2235 4100 2447 4183 proficientes

431 4196 475 4245 ‘ne
502 4203 575 4280 quis
601 4183 643 4246 ad
668 4189 794 4266 qudem
821 4183 917 4247 liuius
943 4186 1099 4250 doctrinae
1125 4188 1264 4253 amedera
1292 4187 1415 4264 audeat,
1466 4185 1640 4267 invenerit,
1658 4186 1703 4250 ibi
1721 4187 1883 4252 discemus
1901 4187 2131 4269 quodhicnon
2141 4187 2317 4269 potuimus.
2351 4185 2447 4248 Haec

436 4288 497 4365 non
518 4289 669 4332 minorem
691 4267 874 4347 horninibus,
895 4289 991 4349 quam
1011 4270 1080 4335 Deo
1097 4273 1223 4353 faciunt
1244 4275 1417 4352 iniuriam·
1460 4276 1620 4359 cogitatio
1647 4275 1675 4339 si
1703 4274 1790 4356 apud
1817 4293 1878 4337 nos
1899 4274 2023 4349 valeat,
2053 4271 2189 4337 verbum
2211 4270 2346 4335 Domini
2368 4269 2445 4329 uni-

436 4373 513 4451 quia
535 4355 694 4434 nequead
714 4375 779 4432 nos,
802 4359 837 4416 ut
852 4375 919 4434 par
941 4360 993 4433 est,
1014 4355 1226 4424 irradiandos
1243 4360 1416 4438 quidquam
1467 4382 1539 4424 eam
1566 4381 1636 4425 esse
1664 4360 1767 4437 viam,
1801 4379 1884 4441 quae
1912 4359 1954 4423 ad
1986 4357 2254 4440 investigandum
2285 4352 2447 4434 quidquid

435 4440 528 4504 aliud
548 4439 690 4522 sufficiet,
713 4460 767 4503 nee
789 4460 883 4519 quam
899 4441 1000 4504 simus
1013 4441 1238 4522 obstrietiDeo,
1260 4445 1415 4508 eeariimo
1467 4445 1507 4509 de
1535 4466 1573 4510 eo
1595 4446 1703 4509 teneri
1723 4446 1773 4509 tas
1795 4455 1845 4510 est
1867 4465 1926 4508 nos
1948 4444 2102 4520 deducat,
2129 4442 2266 4505 unicum
2293 4461 2363 4503 osse
2391 4439 2445 4502 lu-

433 4525 628 4622 sentiemus..
665 4525 730 4589 Nee
761 4546 832 4589 aero
864 4524 941 4589 elidi
971 4526 1089 4592 solidae
1118 4530 1254 4609 fiduciae
1280 4530 1413 4610 fultura,
1466 4552 1552 4608 men,
1573 4532 1660 4614 quod
1682 4530 1724 4595 ad
1745 4530 2010 4613 perspiciendum
2031 4526 2188 4610 quidquid
2210 4525 2250 4588 de
2271 4527 2343 4607 ipso
2366 4547 2445 4590 con-

433 4616 533 4709 οννονν
551 4610 674 4675 Chresto
696 4616 819 4688 autore·
844 4611 899 4691 qui
919 4616 954 4674 ut
975 4632 1031 4676 nos
1052 4615 1134 4677 inter
1155 4619 1196 4678 tot
1216 4616 1413 4693 discrimino,
1467 4618 1547 4700 spici
1574 4625 1703 4699 oportet
1729 4615 1822 4680 nobis
1845 4616 2049 4696 praeluceat,
2078 4613 2171 4677 facile
2200 4634 2260 4676 nos
2285 4611 2326 4675 ab
2354 4613 2445 4675 omni

432 4697 572 4761 insidias
594 4701 622 4760 et
642 4696 767 4763 letliales
787 4698 943 4776 musliatus
963 4699 1048 4761 omrri
1069 4705 1151 4763 metu
1170 4700 1290 4779 liberet,
1317 4702 1415 4765 inuia
1466 4704 1651 4768 temeritate
1669 4700 1825 4765 retinebit
1841 4720 1879 4763 ao
1897 4698 2077 4780 cohibebit.¹
2101 4699 2253 4762 Sciamus
2271 4698 2367 4775 enim,
2387 4697 2444 4760 ubi

433 4785 538 4877 tosque
559 4783 678 4859 reddat,
700 4785 826 4848 saluum
845 4783 914 4863 sore
928 4785 1085 4863 prmndtit
1106 4787 1262 4867 quidquid
1284 4808 1305 4851 a
1321 4792 1415 4869 patre
1466 4790 1612 4871 primum
1631 4786 1726 4852 verbi
1747 4788 1830 4850 fines
1853 4785 2097 4861 excesserimus,
2121 4783 2215 4849 nobis
2238 4794 2333 4848 extra
2354 4785 2445 4848 viam

434 4871 551 4945 aceepit
577 4868 1117 4963 in.austodiam(Ioann.10,25).
1162 4871 1216 4949 Eu
1244 4892 1303 4951 quo
1330 4873 1414 4937 eliei-
1466 4875 1557 4937 etin
1578 4871 1722 4936 tenebris
1741 4891 1811 4935 esse
1830 4890 1972 4945 cursum,
1997 4872 2033 4932 in
2055 4892 2118 4952 quo
2140 4890 2260 4947 errare,
2284 4869 2357 4946 labi,
2381 4871 2442 4933 im-

434 4968 515 5024 mas,
531 4957 683 5045 ¹curritanae
703 4956 906 5035 trepidatione
932 4957 1062 5020 miseros
1087 4956 1154 5036 sore
1181 4957 1354 5038 q'uieunque
1380 4978 1414 5023 se
1465 4961 1601 5042 pingere
1629 4955 1808 5020 identidem
1835 4956 2047 5020 accessesit.
2093 4954 2148 5022 Sit
2173 4956 2277 5041 igitur
2299 4958 2442 5038 primum

430 5033 591 5130 peculium
611 5035 675 5100 Dei
703 5060 766 5135 esse
794 5042 954 5122 iqrrorant;
984 5062 1021 5106 ae
1042 5044 1178 5124 proinde
1204 5063 1254 5108 eos
1274 5045 1413 5123 pessime
1464 5043 1558 5109 nobis
1580 5043 1641 5106 hoo
1662 5061 1741 5124 prae
1763 5041 1881 5119 oculis,
1905 5042 2005 5105 aliam
2026 5043 2334 5125 praedestinationis
2356 5041 2442 5105 noti-

433 5125 462 5184 et
483 5118 544 5182 seli
567 5125 594 5183 ct
615 5128 732 5218 curretis
751 5125 894 5203 fidelibus
915 5128 1085 5208 consulere,
1107 5130 1163 5209 qui
1184 5129 1228 5193 ad
1248 5134 1310 5193 tres
1331 5150 1413 5209 quas
1464 5130 1545 5193 tiam
1579 5135 1746 5211 appetere,
1781 5147 1880 5209 quam
1913 5149 1996 5210 quae
2023 5129 2123 5194 verbo
2151 5128 2217 5193 Dei
2248 5128 2439 5210 explicatur,

433 5209 612 5270 notaremus
639 5207 789 5307 utilitates
815 5213 1021 5292 emetienda,
1048 5215 1163 5279 salutis
1188 5220 1312 5285 restrae
1337 5215 1412 5295 fun·
1463 5237 1530 5280 non
1556 5214 1695 5278 minoris
1722 5234 1793 5278 esse
1820 5213 1984 5292 insaniae,
2018 5235 2115 5297 quarn
2145 5216 2172 5279 si
2201 5215 2275 5295 quis
2301 5213 2355 5279 vel
2382 5234 2442 5295 per

433 5292 613 5390 dementum
644 5313 660 5356 e
691 5295 791 5390 medio
822 5295 979 5362 sublatum
1011 5306 1163 5380 eupmeut.
1216 5301 1299 5381 erid
1331 5302 1412 5382 quod
1463 5301 1593 5367 invium
1614 5299 1778 5378 incedere,
1802 5300 1855 5365 vel
1877 5301 1914 5365 in
1934 5299 2078 5366 tenebris
2100 5320 2234 5364 cernere
2251 5300 2340 5364 velit.
2373 5299 2440 5362 Ne-

433 5375 521 5441 nobrs
542 5378 614 5442 rude
636 5384 763 5462 enurqrt
784 5380 924 5460 melesio,
945 5403 1026 5463 quae
1047 5386 1183 5466 alioqui,
1207 5390 1242 5450 ut
1261 5392 1340 5452 recte
1360 5387 1412 5451 do
1464 5407 1528 5472 que
1558 5407 1637 5453 vero
1663 5405 1725 5451 noe
1747 5385 1872 5469 pudeat
1896 5385 2021 5468 aliquid
2042 5387 2078 5451 in
2099 5407 2138 5451 ea
2164 5406 2201 5451 re
2224 5387 2359 5462 neseire,
2383 5385 2440 5448 ubi

432 5466 476 5526 aet
496 5462 701 5542 Bernardus,
717 5465 740 5548 ¹)
768 5485 830 5529 nen
852 5473 957 5545 posset
978 5470 1128 5551 inueniri,
1155 5492 1209 5537 nee
1228 5473 1309 5536 inter
1329 5492 1412 5538 area·
1463 5481 1515 5539 est
1539 5473 1648 5555 aliqua
1677 5472 1772 5537 docta
1799 5472 1996 5555 ignorantia
2047 5471 2139 5553 Quin
2164 5471 2274 5554 potius
2301 5469 2441 5535 libenter

502 5645 532 5714 l)
549 5647 635 5705 serm·
652 5651 682 5703 in
699 5649 776 5704 Cant·
797 5649 837 5703 78-
1436 5597 1439 5699 l
1533 5661 1562 5728 1)
1580 5663 1679 5715 Hamil.
1699 5663 1727 5713 in
1745 5660 1839 5713 Ioann.
1858 5658 1900 5723 53,
1921 5657 1944 5710 7.
