5600 6809
442 1974 1112 2114 INSTITUTIONIS
1155 1979 1787 2116 CHRISTIANAE
1829 1980 2362 2119 RELIGIONIS

1159 2240 1347 2324 LIBER
1377 2240 1654 2326 TERTIUS.

656 2441 750 2537 DE
777 2443 976 2540 MODO
1002 2443 1505 2589 PERCIPIENDAE
1534 2444 1804 2543 CHRISTI
1832 2443 2150 2551 GRATIAE.

453 2593 513 2658 aa
535 2591 618 2673 aaa
639 2592 753 2658 aina
776 2592 989 2660 annonas
1010 2592 1151 2660 noers
1173 2592 1496 2675 Paovamnnr,
1519 2596 1578 2660 aa
1601 2595 1685 2677 aaa
1703 2595 1945 2663 aaaaoras
1969 2595 2355 2679 oonsaoannras.

769 2808 921 2874 CAPUT
941 2809 966 2873 Ι.
982 2809 1007 2892 ¹)
1431 2809 1478 2872 ita
1510 2811 1605 2874 etiam
1636 2814 1698 2874 tres
1724 2811 1760 2873 in
1788 2815 1889 2888 terra,
1922 2830 2020 2890 aqua,
2052 2812 2195 2910 sanquis¹
2216 2818 2246 2876 et
2276 2814 2411 2895 spiritus

399 2949 522 3058 Quae
554 2952 606 3033 do
635 2949 806 3033 Christo
838 2949 951 3033 dicta
982 2963 1094 3056 sunt,
1125 2951 1246 3034 nobis
1278 2982 1377 3063 pro·
1430 2893 1651 3059 initimavi}
1671 2896 1769 3062 7qu
1805 2895 2410 3068 iiieiiiuiriiiilibisepiisiitsspiiqilii

482 3073 624 3176 desse,
657 3100 807 3154 meana
838 3071 1080 3182 operatione
1113 3071 1298 3183 spiritus.
1428 3066 2410 3236 ffissmglmmobeggfflssmitrffffirmdwss

487 3244 514 3303 1.
561 3237 656 3301 Nune
683 3237 851 3301 odardum
878 3238 1025 3318 quomodo
1053 3237 1096 3301 od
1121 3257 1177 3302 nos
1192 3240 1379 3318 perueniant
1429 3243 1499 3303 trus
1521 3237 1552 3322 (l
1568 3238 1656 3302 Patr.
1676 3244 1702 3317 l,
1716 3237 1750 3322 2)
1771 3239 1878 3319 fideles
1899 3239 2004 3304 electos
2025 3253 2095 3303 esse
2111 3240 2147 3302 in
2167 3241 2408 3320 sanctificatione

397 3345 479 3407 quae
489 3330 584 3407 pater
603 3322 670 3404 filio
692 3323 850 3406 uniqenito
871 3322 997 3386 contulit
1017 3323 1110 3402 horca,
1134 3344 1195 3387 non
1215 3325 1251 3388 in
1267 3326 1378 3407 priua
1429 3325 1578 3405 spiritus,
1617 3325 1653 3388 in
1691 3325 1893 3389 obedientiam
1933 3329 1961 3389 et
1999 3324 2208 3404 aspersionem
2239 3327 2408 3408 sanquinis

396 3415 465 3476 tum
488 3431 599 3488 inum,
628 3409 684 3473 sed
712 3413 746 3473 nt
767 3409 876 3489 inopes
897 3429 1062 3492 eqenosque
1083 3409 1285 3491 locupletaret.
1328 3410 1378 3473 Ac
1432 3409 1559 3475 Christi.
1612 3409 1731 3490 Quihils
1757 3410 1859 3475 nabis
1886 3410 2039 3488 admonet,
2066 3429 2103 3473 ne
2131 3411 2227 3474 irrita
2254 3413 2296 3474 sit
2321 3412 2406 3476 sacri

391 3496 499 3581 primo
519 3496 693 3561 habendum
715 3499 772 3572 est,
801 3495 955 3575 quamdiu
977 3500 1066 3559 euna
1086 3514 1142 3559 nos
1164 3500 1209 3559 est
1232 3494 1377 3560 Christus
1429 3495 1520 3559 illins
1550 3497 1718 3578 sanquinis
1749 3498 1875 3578 effusio,
1909 3516 2027 3561 arcana
2058 3496 2192 3578 spiritus
2224 3496 2407 3580 irriqatione

397 3587 427 3648 et
446 3583 485 3647 ab
504 3602 537 3646 eo
558 3601 669 3647 sumus
689 3582 837 3661 separati,
858 3581 1013 3661 quidquid
1035 3581 1070 3644 in
1091 3581 1224 3645 salutem
1245 3581 1377 3645 humani
1429 3582 1555 3646 animas
1581 3587 1706 3646 nostras
1727 3603 1760 3647 eo
1775 3583 1923 3664 purqari.
1970 3583 2041 3662 Qua
2061 3584 2181 3647 ratione
2202 3583 2296 3646 etiam
2319 3581 2407 3646 Pau-

394 3669 517 3752 qeneris
533 3688 655 3748 passus
677 3671 721 3730 est
741 3685 777 3731 ae
797 3666 883 3746 fecit,
911 3667 999 3731 nolis
1024 3686 1090 3732 esse
1114 3667 1223 3731 inutile
1244 3667 1376 3731 nullius·
1429 3667 1493 3746 lus,
1516 3668 1553 3732 de
1569 3670 1756 3751 piuqatione
1778 3673 1805 3732 et
1825 3669 2043 3749 iustificatione
2064 3668 2156 3731 acrba
2175 3668 2309 3748 faciens,
2332 3668 2408 3732 dicit

396 3775 456 3836 que
476 3754 626 3818 momenti.
671 3752 757 3834 Erqo
778 3756 812 3815 ut
833 3752 988 3817 ruborum
1009 3773 1089 3832 quae
1110 3774 1130 3816 a
1147 3757 1241 3833 patre
1259 3754 1377 3834 acepit
1429 3753 1461 3835 (l
1483 3751 1558 3817 Cor.
1578 3758 1607 3830 6,
1629 3752 1683 3837 11)
1709 3775 1766 3818 nos
1788 3754 1858 3823 heri
1879 3755 2045 3834 utriusque
2065 3758 2212 3833 compotes
2233 3754 2269 3816 in
2285 3755 2407 3819 nomine

395 3841 601 3918 eommunicet,
626 3844 767 3903 nodrnm
786 3836 859 3917 deri
880 3842 908 3902 et
928 3839 964 3901 in
985 3838 1073 3902 nohis
1092 3838 1234 3904 lmhitare
1254 3844 1374 3920 oportet.
1429 3838 1506 3902 Iesu
1530 3836 1648 3903 Christi
1675 3845 1703 3904 et
1730 3841 1848 3921 spiritu
1872 3838 1936 3903 Dei
1962 3839 2069 3903 nostri.
2113 3838 2188 3902 Huc
2214 3858 2340 3904 sunnna
2360 3861 2407 3904 re

396 3924 476 3990 Ideo
503 3930 645 4007 eteaput
666 3928 806 3987 nostrum
827 3929 967 4002 vocatur,
994 3929 1022 3988 et
1043 3926 1273 4007 primoqenitus
1295 3926 1377 3990 inter
1427 3926 1483 4003 dit,
1505 3925 1654 4004 spiritum
1675 3931 1818 3990 sanctum
1838 3925 1997 3988 mnndum
2018 3945 2096 4002 esse,
2125 3944 2185 4005 quo
2206 3945 2262 3989 nos
2283 3925 2344 3989 sihi
2365 3925 2408 4006 et-

396 4010 510 4076 multos
535 4011 653 4092 fratres
674 4009 773 4092 (Eph.
793 4015 829 4087 4,
851 4015 905 4088 15;
926 4010 1022 4073 Rom.
1045 4014 1080 4088 8,
1101 4014 1175 4093 29);
1200 4031 1256 4074 nos
1282 4012 1376 4075 dmm
1426 4010 1562 4091 heamter
1588 4010 1721 4074 devincit
1744 4009 1897 4075 Christus.
1945 4010 2010 4090 Quo
2039 4011 2133 4074 etiarn
2145 4011 2303 4092 pertinent
2328 4032 2408 4092 quae

396 4097 537 4162 mrim
569 4098 707 4162 dicimur
739 4098 775 4160 in
808 4096 914 4176 ipsum
943 4096 1057 4174 inseri,
1090 4101 1118 4160 et
1144 4117 1215 4160 eum
1245 4096 1376 4161 induere
1422 4096 1570 4176 pronimo
1592 4095 1671 4160 libro
1692 4096 1730 4160 de
1750 4098 1820 4161 eins
1838 4096 1981 4160 unctione
2001 4097 2172 4160 docuimus.
2295 4112 2299 4124 ·

398 4182 508 4268 (Rom.
524 4188 572 4261 11,
588 4185 642 4260 173
661 4181 735 4246 Gal.
750 4185 778 4259 3,
794 4182 866 4266 27).·
888 4182 965 4262 quia
986 4181 1068 4245 nihil
1089 4182 1132 4246 ad
1152 4202 1216 4260 nos,
1239 4183 1374 4260 uldini,
1515 4184 1544 4244 2.
1597 4181 1727 4261 Verum,
1755 4202 1815 4263 quo
1840 4201 1892 4247 res
1920 4182 2064 4263 apprime
2084 4182 2183 4265 diqna
2202 4183 2325 4263 coquito
2346 4201 2407 4244 cer·

397 4288 606 4351 quaecumque
622 4268 770 4349 possidet,
792 4267 886 4331 donec
906 4288 977 4331 cum
998 4268 1068 4348 ipso
1089 4269 1123 4330 in
1146 4288 1244 4331 unum
1265 4268 1376 4332 coales-
1428 4269 1493 4330 tius
1519 4267 1650 4348 liqueat,
1682 4269 1846 4332 tenendum
1878 4272 1922 4332 est
1950 4265 2109 4332 Christum
2132 4266 2292 4348 peculiari
2317 4267 2406 4330 modo

397 4355 504 4420 cimus.
551 4353 626 4418 Etsi
653 4359 754 4418 autem
780 4373 888 4417 verram
915 4358 960 4418 est
984 4353 1038 4418 hoe
1062 4352 1125 4432 fide
1146 4373 1203 4417 nos
1225 4355 1375 4434 consequi,
1427 4352 1999 4433 spiritusanctoaenisseinstruetum:
2021 4357 2174 4432 nempeut
2192 4351 2406 4416 amundono's

397 4442 523 4524 pronao
544 4447 649 4505 tamen
667 4440 807 4503 uidemus
833 4459 895 4503 non
916 4459 1021 4503 ornnes
1035 4439 1214 4521 promiscue
1235 4439 1377 4520 amplecti
1428 4444 1613 4522 seqreqaret,
1638 4460 1676 4503 ae
1702 4441 1737 4503 in
1758 4459 1844 4521 spem
1865 4439 2015 4522 colliqeret
2034 4444 2177 4502 aeternae
2195 4436 2404 4501 haereditatis.

401 4524 517 4592 Christi
539 4527 859 4602 communicationem,
888 4546 967 4606 quae
989 4545 1050 4606 per
1071 4524 1264 4606 eoanqelium
1285 4527 1375 4607 offa·
1430 4524 1515 4588 Hine
1536 4525 1670 4606 spiritus
1690 4525 1945 4606 sanctificationis
1966 4525 2090 4601 dicitur,
2112 4524 2189 4604 quia
2209 4542 2271 4586 non
2292 4523 2406 4587 uirtute

397 4615 463 4692 tur,
486 4613 584 4678 allicis
604 4612 798 4677 insonuere
820 4612 893 4692 ipsa
913 4613 995 4676 ratio
1016 4631 1073 4674 nos
1091 4611 1187 4689 docet,
1210 4631 1247 4675 ac
1268 4611 1306 4675 de
1325 4633 1377 4675 ar·
1428 4615 1550 4675 tanturn
1575 4612 1714 4693 qenerali
1739 4632 1819 4693 quae
1846 4611 2034 4692 conspicitur
2059 4615 2123 4672 tam
2143 4610 2179 4671 in
2199 4607 2336 4671 hnmano
2355 4629 2405 4693 qe

397 4717 478 4764 eorm
503 4699 636 4780 spiritus
662 4698 804 4779 efficacia
829 4698 1005 4778 inquirere,
1033 4718 1097 4779 qua
1123 4697 1161 4776 lit
1188 4701 1224 4760 ut
1253 4694 1376 4762 Christo
1428 4717 1500 4760 nere
1533 4717 1629 4777 quam
1660 4698 1695 4761 in
1727 4697 1858 4778 reliquis
1888 4695 2115 4772 animantibus,
2147 4713 2202 4756 nos
2232 4699 2347 4775 oeqetat
2377 4699 2406 4758 et

397 4782 543 4866 hortisque
575 4785 643 4849 eius
676 4783 817 4848 amitibus
847 4784 1004 4864 fruamur.
1053 4783 1206 4848 Disserui
1237 4788 1307 4847 ante
1338 4783 1376 4847 de
1426 4783 1521 4864 fouet,
1549 4784 1603 4848 sed
1629 4784 1726 4847 radin
1746 4803 1783 4848 ac
1803 4802 1906 4847 semen
1931 4786 1977 4845 est
1996 4780 2131 4845 coelestis
2150 4780 2232 4844 vitae
2254 4779 2289 4842 in
2308 4780 2403 4844 nohis.

398 4874 523 4936 aelerna
544 4871 677 4952 spiritus
699 4870 811 4933 deitate
832 4874 860 4932 et
880 4870 1029 4948 essertia,·
1055 4889 1137 4933 nune
1164 4870 1296 4948 speciali
1322 4868 1376 4933 hoc
1430 4867 1542 4950 Itaque
1560 4868 1614 4933 hoc
1634 4871 1771 4934 marim
1792 4869 1887 4952 eloqio
1907 4865 2025 4932 Christi
2045 4885 2175 4948 repnum
2195 4867 2405 4931 commendant

397 4959 497 5038 eapite
524 4957 651 5020 malenti
678 4955 793 5032 simus,
829 4953 989 5019 Christum
1015 4957 1062 5019 ita
1088 4956 1123 5018 in
1150 4976 1233 5036 aqua
1254 4961 1282 5020 et
1303 4976 1376 5020 san·
1421 4954 1600 5036 prophetae,
1624 4956 1705 5036 quod
1721 4955 1845 5020 uberior
1861 4954 1994 5035 spiritus
2011 4952 2173 5033 affluentia
2189 4957 2262 5016 tunc
2273 4952 2404 5028 limera.

395 5044 493 5127 pruine
513 5045 644 5119 amisse,
673 5045 708 5104 ut
734 5040 771 5102 de
792 5059 825 5103 eo
846 5040 1024 5119 testificetur
1043 5040 1193 5120 spiritus,
1222 5063 1260 5106 ne
1285 5043 1376 5107 salus
1429 5039 1572 5124 Insiqms
1587 5063 1669 5123 prae
1696 5043 1774 5107 aliis
1795 5046 1839 5106 est
1862 5039 1959 5105 Ioclis
1986 5039 2070 5103 locus
2098 5036 2216 5123 (3‚1).·
2243 5037 2404 5118 effundam

390 5148 454 5210 per
484 5128 565 5192 hunc
590 5133 690 5209 parta
716 5124 804 5189 nohis
830 5125 945 5205 effluat.
1000 5126 1261 5205 Quemadmodum
1292 5129 1376 5192 enim
1428 5128 1463 5191 in
1483 5127 1543 5192 illa
1562 5128 1613 5192 die
1634 5128 1671 5193 de
1692 5129 1808 5209 spiritu
1830 5147 1895 5191 meo
1915 5146 2010 5207 super
2027 5145 2146 5188 omnen
2166 5143 2298 5189 carrum.
2331 5123 2405 5186 Etsi

396 5218 462 5280 tres
482 5217 619 5280 citantur
640 5215 676 5278 in
698 5211 774 5276 coelo
795 5215 898 5287 anes,
920 5214 1029 5290 pater,
1052 5231 1152 5276 semna
1179 5219 1207 5278 et
1232 5215 1374 5295 spiritus,
1427 5213 1510 5277 enim
1540 5214 1662 5279 videtin
1692 5215 1772 5277 dorso
1804 5213 1937 5292 spiritus
1966 5212 2155 5293 restrinpere
2180 5208 2334 5292 propheto
2361 5208 2404 5272 ad

403 5297 407 5302 ’
1426 5319 1542 5363 munus
1552 5298 1771 5379 prophetandi,
1793 5297 1851 5362 sich
1865 5297 1972 5379 fiqura
1990 5302 2092 5360 tomen
2109 5295 2275 5379 siqnihoot,
2297 5292 2403 5357 Deum

1426 5384 1632 5449 illustratione
1652 5385 1787 5464 spiritus
1807 5383 1860 5446 sui
1879 5383 2038 5548 sardarum
2058 5378 2324 5532 sihikdtiscrpsss,
2347 5378 2403 5458 qui

621 5523 653 5534 ..
881 5518 886 5529 .
1087 5515 1113 5525 .-
1358 5521 1363 5530 .
1421 5471 1519 5550 prius
1550 5473 1689 5547 capones
1726 5473 1753 5531 et
1784 5468 1877 5531 omui
1925 5474 2038 5532 nerant
2069 5487 2119 5531 coe
2175 5467 2206 5530 is
2301 5464 2401 5528 rinae.

398 5523 564 5663 affin
581 5513 1376 5657 treftrlnlnrnrntlea?neren
1430 5554 1547 5633 Porro,
1577 5552 1655 5633 no
1675 5553 1767 5618 Deus
1787 5557 1881 5634 aar
1895 5558 2027 5633 aare
2044 5552 2149 5632 rarum
2170 5570 2264 5616 aum
2284 5550 2402 5648 ein

396 5663 475 5730 uns,
492 5662 662 5731 paucissima
680 5661 732 5713 huc
749 5657 890 5712 uannnln
906 5662 994 5709 autor.
1426 5643 1529 5702 santio
1556 5655 1612 5700 th
1639 5637 1745 5717 douai,
1773 5642 1801 5702 ei
1826 5643 1928 5701 lamen
1955 5638 2041 5719 apud
2068 5658 2136 5702 eum
2158 5641 2252 5703 lolam
2267 5637 2401 5718 plenta
