5600 6809
392 779 454 842 aas
616 735 619 738 ’
703 770 798 842 nia.
820 761 881 842 tv.
926 776 990 842 nu
1012 772 1250 841 EquRNIS
1271 771 1439 842 smnus
1460 775 1525 840 sn
1549 773 1780 842 saturnu.
1825 775 1925 842 can.
1946 775 1991 841 x.
2017 773 2081 839 xi.
2331 777 2395 840 scr

395 973 540 1031 retorem
562 986 599 1030 ac
620 964 860 1047 redemptorem
882 985 950 1029 non
971 964 1155 1047 suscipiunt
1174 984 1235 1029 nec
1252 984 1370 1049 agnos-
1422 962 1497 1029 dem
1524 985 1654 1048 semper
1687 963 1814 1046 ligandi
1840 962 2052 1045 solvendique
2083 968 2242 1045 potestas,
2276 984 2395 1046 nempe

396 1059 491 1129 cunt,
523 1072 577 1116 ecs
610 1052 753 1115 aeternis
786 1051 925 1117 vinculis
958 1048 1129 1115 damnatos
1163 1049 1375 1134 addictosque
1404 1048 1638 1133 perverbum
1659 1051 1733 1128 Dei,
1755 1048 1843 1114 idem
1859 1048 2062 1127 mandatum,
2081 1047 2196 1113 eadem
2212 1048 2393 1130 promissio.

396 1136 490 1203 esse?
527 1138 624 1202 Hanc
646 1136 844 1219 legationem
864 1157 966 1218 quum
984 1135 1138 1217 apostolis
1157 1136 1225 1200 suis
1246 1136 1283 1199 in
1301 1157 1369 1201 om·
1421 1136 1472 1200 Εο
1505 1142 1616 1200 autem
1637 1134 1808 1214 differunt,
1842 1134 1928 1218 quod
1953 1135 2043 1218 prior
2070 1133 2160 1199 locus
2187 1133 2395 1216 peculiariter

396 1245 456 1288 nes
488 1223 637 1288 nationes
673 1221 902 1305 perferendam
938 1219 1083 1285 maderet
1121 1220 1301 1300 Dominus,
1333 1229 1370 1287 ut
1422 1220 1462 1286 de
1483 1222 1724 1305 praedieatione
1751 1229 1802 1286 est
1823 1241 1887 1304 qua
1908 1221 2000 1286 verbi
2029 1219 2173 1284 ministri
2194 1220 2394 1302 funguntur,

397 1330 490 1374 suam
513 1329 584 1373 esse
606 1315 640 1373 et
660 1330 681 1372 a
702 1329 736 1373 se
763 1307 940 1390 profectam
963 1307 1166 1390 approbaret,
1191 1308 1253 1372 hoc
1273 1327 1368 1390 prae-
1421 1307 1476 1372 hic
1496 1306 1538 1372 ad
1556 1307 1760 1390 disciplinam
1777 1306 2122 1372 excommunicationis
2138 1305 2289 1389 pertinet,
2312 1327 2396 1388 quae

397 1395 484 1460 claro
512 1394 698 1458 testimonio
727 1415 800 1458 eam
821 1392 1008 1471 honoravit;
1041 1391 1138 1474 idque
1159 1393 1195 1456 in
1215 1394 1369 1457 eximiam
1422 1393 1577 1459 eeclesiae
1598 1392 1758 1475 permissa
1782 1400 1840 1457 est.
1884 1393 1986 1475 Ligat
2007 1398 2118 1456 autem
2141 1391 2277 1456 ecclesia
2297 1412 2395 1473 quem

396 1479 655 1560 confirmatiorem
682 1485 753 1542 tum
780 1477 999 1562 apostolorum
1025 1478 1188 1560 ipsorum,
1220 1485 1292 1542 tum
1314 1499 1369 1543 eo·
1423 1479 1698 1558 exeommunicat;
1726 1499 1794 1542 non
1815 1478 1901 1560 quod
1928 1479 1964 1542 in
1990 1486 2190 1560 perpetuam*
2203 1477 2335 1540 ruinam
2356 1498 2394 1542 ae

396 1586 471 1629 rum
492 1585 620 1647 quoque
639 1566 788 1628 omnium
809 1562 852 1627 ad
872 1584 952 1645 quos
973 1571 1173 1646 perventura
1194 1571 1273 1628 erat.
1302 1565 1369 1629 Re·
1423 1562 1681 1647 desperationem
1704 1565 1861 1643 coniiciat,
1885 1563 1943 1628 sed
1964 1565 2040 1645 quia
2062 1564 2131 1628 cius
2148 1564 2252 1629 vitam
2270 1584 2307 1628 ac
2324 1584 2395 1627 mc-

397 1651 532 1728 forebat',
544 1657 582 1714 ut
593 1650 730 1732 apostoli
748 1655 953 1715 constantem
971 1670 1009 1713 ae
1027 1647 1163 1713 solidam
1180 1670 1258 1714 suae
1276 1669 1370 1731 prae·
1423 1671 1476 1714 res
1497 1649 1641 1728 damnat,
1663 1669 1709 1727 ae,
1732 1650 1797 1713 nisi
1819 1649 2002 1732 resipuerit,
2026 1650 2093 1713 iam
2105 1669 2189 1727 eum
2207 1668 2284 1713 suae
2302 1647 2394 1713 dam·

398 1736 570 1800 dicationis
598 1735 826 1800 certitudinem
854 1734 1028 1812 haberent;
1055 1755 1155 1816 quam
1182 1756 1248 1799 non
1273 1734 1370 1800 modo
1423 1736 1565 1800 nationis
1593 1735 1753 1799 admonet.
1804 1734 1912 1801 Solvit
1938 1756 2035 1817 quem
2063 1736 2101 1797 in
2133 1734 2395 1798 communionem

397 1822 533 1887 infinitis
555 1821 735 1897 laboribus,
760 1822 857 1897 curis,
880 1819 1052 1898 molestiis,
1075 1820 1229 1901 periculis
1250 1821 1370 1885 obituri
1423 1821 1552 1903 recipit,
1587 1822 1663 1902 quia
1692 1820 1782 1885 velut
1819 1822 2011 1903 participem
2043 1842 2120 1884 eum
2154 1820 2232 1883 facit
2257 1819 2395 1885 unitatis

398 1914 502 1984 erant,
525 1904 582 1971 sed
601 1928 659 1971 suo
678 1906 809 1971 demum
823 1906 987 1988 'sangiune
1006 1905 1218 2007 qbsignaturi.
1249 1907 1370 1990 Ipsam,
1423 1927 1521 1988 quam
1542 1906 1642 1971 habet
1667 1907 1702 1969 in
1724 1906 1856 1971 Christo
1877 1907 1963 1971 Iesu.
2007 1907 2059 1971 Ne
2086 1906 2159 1988 quis
2180 1925 2258 1987 ergo
2280 1911 2394 1971 contu·

398 1992 549 2075 inquam,
577 2001 616 2055 ut
637 1994 758 2057 scirent
787 2013 853 2056 non
881 2011 1001 2055 vanam
1034 2012 1105 2056 esse
1137 2013 1198 2056 nee
1228 1992 1370 2070 inanem,
1423 1993 1560 2057 maciter
1582 1992 1735 2057 eeclesiae
1756 1992 1913 2057 iudicium
1936 1999 2132 2069 contemnat,
2155 1998 2213 2055 aut
2232 1991 2327 2073 parvi
2345 1991 2394 2054 fa·

399 2077 456 2142 sed
483 2078 646 2160 potentiae
677 2078 809 2161 plenam
837 2099 875 2142 ac
903 2076 1050 2154 virtutis,
1081 2077 1242 2142 referebat
1274 2092 1312 2141 ut
1335 2078 1370 2141 in
1423 2079 1488 2143 ciat
1509 2100 1544 2143 se
1572 2077 1720 2141 fidelium
1746 2077 1912 2161 suffragiis
1934 2078 2140 2155 damnatum,
2162 2083 2304 2141 testatur
2324 2074 2394 2140 Dc-

327 2191 331 2203 ¹
399 2170 492 2228 tanta
519 2164 684 2227 anxietate
707 2171 740 2228 et
761 2185 871 2227 rerum
899 2161 1090 2226 difficultate
1119 2163 1283 2245 tantisque
1305 2163 1371 2229 dis·
1422 2164 1532 2228 minus
1560 2163 1625 2227 tale
1653 2162 1799 2227 fidelium
1820 2164 1978 2230 iudicium
2000 2185 2065 2228 non
2088 2162 2176 2227 aliud
2203 2182 2394 2245 essequam

399 2247 598 2327 criminibus,
619 2249 684 2313 Dei
706 2270 741 2313 se
762 2250 931 2331 negotium
953 2267 1050 2331 agere
1076 2250 1223 2329 persuasi
1245 2255 1370 2328 essent3
1422 2249 1604 2314 sententiae
1632 2268 1710 2312 suae
1737 2250 2045 2333 promulgationem,
2077 2256 2251 2329 ratumque
2279 2247 2394 2312 haberi

397 2341 437 2397 ut
457 2342 525 2398 toto
546 2334 668 2398 mundo
691 2323 884 2399 adversante
903 2340 936 2396 et
952 2339 1166 2417 repugnante,
1185 2332 1295 2399 Deum
1311 2355 1371 2417 pro
1422 2335 1458 2397 in
1486 2335 1583 2399 coelis
1606 2333 1690 2416 quod
1718 2334 1766 2398 illi
1793 2335 1827 2398 in
1853 2343 1944 2400 terra
1970 2335 2107 2419 egerint.
2151 2331 2286 2397 Habent
2305 2333 2394 2398 enim

397 2441 433 2484 se
461 2426 547 2485 stare
570 2427 813 2503 cognoscerent;
836 2429 875 2483 ut
896 2419 1082 2496 Christum,
1106 2418 1271 2485 doctrinas
1293 2441 1371 2484 suae
1422 2421 1559 2485 verbum
1585 2420 1663 2497 Dei,
1691 2441 1754 2502 quo
1780 2441 1951 2502 perversos
1979 2420 2149 2499 damnent3
2176 2419 2299 2483 habent
2319 2439 2395 2483 ver·

397 2511 555 2583 autorem,
579 2513 712 2588 aspectu
732 2507 767 2569 in
789 2513 878 2570 terra
895 2512 1100 2587 praesentem
1118 2527 1185 2569 non
1203 2504 1369 2583 habentes,
1422 2503 1500 2569 bum
1523 2526 1587 2588 quo
1609 2506 1836 2587 resipiscentes
1856 2507 1892 2570 in
1914 2508 2054 2590 gratiam
2072 2506 2240 2587 recipiant.
2270 2505 2394 2569 Errare

396 2591 507 2673 ipsum
539 2612 609 2655 esse
636 2591 672 2654 in
704 2591 793 2657 coelo
831 2590 1067 2674 intelligerent,
1102 2588 1144 2655 ad
1174 2588 1371 2655 fimandam
1422 2599 1534 2655 autem
1565 2612 1632 2655 non
1664 2599 1815 2672 possunt,
1845 2613 1906 2656 nec
1934 2593 2039 2656 aDei
2063 2591 2182 2657 iudicio
2210 2589 2393 2668 dissentire,

398 2677 468 2741 eius
507 2697 604 2758 quam
649 2676 714 2742 sibi
757 2674 938 2740 tradiderat
976 2675 1143 2758 doctrinae
1186 2677 1369 2741 veritatem.
1422 2675 1590 2759 quianon
1618 2676 1682 2740 nisi
1712 2696 1754 2739 ex
1782 2677 1853 2760 lege
1872 2677 1937 2743 Dei
1964 2678 2125 2755 iudicant,
2148 2697 2232 2759 quae
2253 2696 2320 2739 non
2341 2671 2393 2739 in·

398 2760 579 2843 Oportebat
605 2783 737 2826 rursum
763 2768 796 2825 et
823 2759 1025 2826 auditoribus
1052 2761 1232 2827 certissime
1254 2763 1370 2828 testifi·
1422 2769 1513 2826 certa
1544 2770 1595 2826 est
1626 2767 1685 2826 aut
1712 2769 1845 2827 terrena
1873 2764 1997 2845 opinio,
2026 2762 2084 2828 sed
2111 2768 2225 2827 sancta
2245 2761 2312 2825 Dei
2335 2781 2394 2826 vc-

397 2853 507 2912 catum
533 2868 617 2924 esse,
647 2847 737 2911 illam
761 2847 922 2930 evangelii
946 2845 1126 2911 doctrinam
1154 2867 1220 2911 non
1243 2855 1370 2930 aposto·
1421 2846 1533 2912 luntas
1560 2854 1593 2910 et
1625 2847 1763 2929 coeleste
1790 2849 1966 2913 oraculum.
2011 2850 2066 2913 Ex
2092 2849 2164 2912 istis
2192 2846 2318 2911 duobus
2344 2846 2393 2910 lo·

396 2932 504 2996 lorum
531 2953 602 2998 esse
635 2953 831 3011 sermonem,
861 2932 918 2997 sod
939 2933 1004 2997 Dei
1025 2932 1141 3014 ipsius;
1168 2954 1235 2997 nen
1256 2952 1369 2998 vocem
1422 2934 1481 3011 cis,
1515 2954 1594 3015 quos
1626 2940 1664 2997 ut
1690 2933 1846 3011 breviter,
1881 2935 1929 2997 ita
1956 2942 1990 2997 et
2016 2933 2220 2998 familiariter
2252 2939 2285 2995 et
2316 2953 2394 2997 vere

397 3019 544 3082 interra
564 3026 693 3096 natam,
722 3017 820 3082 sede
848 3017 937 3083 coelo
964 3016 1138 3100 delapsam.
1183 3017 1260 3082 Non
1281 3019 1370 3083 enim
1421 3039 1592 3083 enarrasse
1613 3018 1696 3082 mihi
1718 3017 1839 3097 videor,
1862 3019 1976 3084 furiosi
1998 3019 2056 3096 illi,
2079 3018 2171 3081 nullo
2194 3015 2392 3095 discrimine,

396 3103 432 3167 in
454 3105 596 3169 hominis
616 3111 777 3187 potestate
800 3104 879 3168 haec
901 3124 971 3168 esse
992 3110 1138 3187 possunt,
1161 3113 1369 3187 peccatorum
1421 3111 1519 3186 prout
1550 3125 1610 3169 sua
1640 3105 1803 3187 vertigine
1830 3105 1995 3183 feruntm,
2028 3125 2116 3168 nunc
2149 3102 2392 3179 confessionem,

396 3190 553 3268 remissio,
576 3191 747 3272 promissio
768 3190 856 3254 vitae
878 3197 1046 3267 aeternae,
1069 3188 1184 3254 salutis
1205 3190 1367 3254 nuntium.
1420 3212 1508 3254 nunc
1519 3191 1896 3268 excommunicationem,
1913 3212 2001 3254 nune
2020 3188 2286 3266 iurisdietionem,
2304 3207 2394 3253 nunc

397 3276 605 3340 Testificatus
638 3286 688 3339 est
720 3296 797 3358 ergo
831 3274 984 3340 Christus
1025 3274 1108 3339 nihil
1140 3274 1175 3337 in
1208 3275 1369 3359 evangelii
1420 3277 1472 3340 ius
1498 3275 1658 3340 condendi
1684 3276 1788 3358 leges,
1818 3296 1905 3340 nunc
1933 3274 2153 3358 indulgentias
2176 3280 2319 3338 statuere
2340 3291 2394 3336 (1)-

396 3359 638 3442 praedicatione
661 3358 879 3444 apostolorum
897 3381 967 3425 esse
987 3366 1117 3442 praeter
1133 3359 1368 3441 ministerium
1420 3369 1550 3427 uantur.
1594 3362 1746 3427 Priorem
1767 3383 1845 3427 vero
1866 3361 1907 3426 ad
1929 3360 2145 3426 astruendum
2166 3378 2320 3424 romanae
2342 3379 2393 3422 se-

397 3467 432 3511 se
460 3466 531 3510 esse
559 3447 613 3527 qui
641 3467 700 3529 per
727 3468 841 3511 eorum
862 3466 933 3524 ora,
962 3448 1054 3512 velut
1074 3467 1133 3528 per
1153 3467 1292 3529 organa,
1321 3448 1369 3511 lo·
1421 3446 1471 3511 dis
1492 3448 1672 3531 primatum
1692 3447 1845 3531 allegant.
1889 3444 1939 3511 Ita
1958 3454 2079 3511 norrmt
2098 3446 2205 3511 claves
2227 3465 2303 3509 suas
2320 3444 2393 3527 qui·

396 3541 551 3613 queretur
573 3533 682 3596 omnia
703 3540 737 3596 et
763 3531 982 3614 promitteret,
1019 3532 1134 3614 Itaque
1159 3539 1368 3614 peecatorum
1420 3532 1481 3598 bus
1509 3533 1618 3600 visum
1645 3541 1696 3598 est
1722 3542 1835 3616 aptare
1862 3534 1943 3598 seris
1964 3538 1998 3597 et
2019 3532 2125 3597 ostiis:
2153 3537 2191 3595 ut
2212 3530 2302 3596 dicas
2322 3536 2394 3595 tcta

396 3617 622 3682 remissionem
648 3639 752 3700 quam¹
776 3618 1026 3695 annuntiarent,
1064 3638 1178 3683 veram
1206 3637 1276 3682 esse
1303 3616 1368 3683 Dei
1422 3619 1491 3684 vita
1512 3639 1567 3684 eos
1588 3626 1693 3683 artem
1712 3618 1863 3684 fabrilem
1884 3618 2078 3684 exercuisse.

395 3703 659 3786 promissionem
700 3702 942 3768 damnationem
976 3723 1073 3787 quam
1104 3704 1366 3785 pronuntiarent,
1507 3708 1537 3770 3.
1588 3703 1613 3788 ¹)
1624 3706 1711 3770 Nam
1732 3702 1818 3788 quod
1841 3704 1992 3769 nonnulli
2014 3703 2125 3770 omnia
2150 3703 2208 3767 illa
2229 3709 2393 3784 tempora·

396 3796 523 3854 certum
544 3810 614 3853 esse
636 3790 701 3853 Dei
724 3789 890 3854 iudicium.
935 3789 1027 3854 Haec
1050 3795 1160 3853 autem
1183 3789 1367 3855 testificatio
1420 3791 1471 3856 ria
1491 3790 1592 3856 fuisse
1612 3790 1844 3874 imaginantur,
1867 3811 1968 3872 quum
1988 3790 2200 3872 magistratus
2222 3807 2242 3851 a
2262 3788 2392 3870 religio-

396 3875 534 3939 saeeulis
566 3875 717 3940 omnibus
750 3875 827 3940 data
853 3882 916 3954 est,
945 3877 1104 3956 firmaque
1132 3881 1257 3952 manet,
1285 3894 1367 3957 quae
1420 3878 1471 3943 nis
1499 3884 1632 3941 nostrae
1659 3876 1857 3958 professione
1884 3876 1984 3940 alieni
2012 3874 2120 3940 adhuc
2141 3874 2264 3952 forent,
2297 3875 2332 3937 in
2354 3894 2392 3939 cc

395 3961 550 4025 certiores
575 3982 689 4025 omnes
716 3982 926 4042 securosque·
942 3959 1076 4038 reddat,
1103 3960 1265 4043 evangelii
1293 3982 1367 4027 ver·
1418 3962 1588 4041 falluntur,
1610 3961 1695 4044 quod
1716 3982 1784 4025 non
1802 3961 2070 4027 animadvertunt
2087 3965 2248 4041 quantum
2265 3958 2309 4024 sit
2326 3959 2393 4024 dis·

394 4045 488 4124 bum,
533 4068 553 4111 a
588 4067 779 4129 quocunque
817 4046 950 4110 tandem
989 4047 1120 4110 homine
1152 4045 1366 4128 praedicetur,
1419 4048 1543 4113 cumen
1576 4054 1609 4112 et
1630 4047 1735 4129 qualis
1761 4044 1991 4111 dissimilitudo
2019 4044 2256 4111 ecclesiasticae
2284 4053 2318 4110 et
2345 4044 2392 4110 ci·

300 4194 303 4199 .
394 4131 594 4213 ipsissimam
627 4154 698 4196 esse
729 4133 794 4197 Dei
827 4132 1039 4210 sententiam,
1079 4130 1166 4214 apud
1200 4152 1367 4196 summum
1418 4133 1494 4199 vilis
1515 4134 1694 4215 potestatis.
1726 4133 1841 4215 Neque
1862 4131 1951 4197 enim
1971 4133 2025 4197 ius
2046 4130 2148 4214 gladii
2168 4131 2268 4195 habet
2289 4129 2391 4195 eccle-

394 4216 539 4282 tribunal
566 4217 821 4300 promulgatam,
854 4217 891 4280 in
919 4218 1001 4281 libro
1024 4217 1110 4282 vitae
1137 4217 1309 4299 scriptam,
1331 4219 1366 4282 in
1419 4220 1467 4285 sia
1494 4239 1558 4301 quo
1589 4219 1707 4301 puniat
1727 4218 1781 4284 vel
1809 4226 1970 4296 coerceat,
1992 4239 2059 4281 non
2080 4217 2256 4300 imperium
2278 4221 2316 4277 ut
2337 4233 2391 4278 oo-

394 4302 483 4369 ccelo
505 4311 612 4367 ratam
629 4304 759 4368 firmam
777 4325 814 4368 ac
832 4304 941 4367 fixam
976 4300 1154 4381 Habemus,
1171 4308 1367 4385 potestatem
1419 4313 1484 4389 gat,
1506 4325 1573 4369 non
1594 4325 1767 4383 carcerem,
1788 4325 1856 4369 non
1876 4302 1998 4388 poenas
2016 4303 2096 4367 alias
2113 4320 2196 4383 quae
2213 4299 2319 4364 solent
2337 4300 2390 4363 in-

276 4417 286 4425 ·
394 4389 535 4454 clavium
560 4410 633 4454 esse
650 4389 842 4473 simpliciter
858 4389 894 4451 in
910 4388 975 4452 illis
993 4388 1073 4452 loeis
1091 4387 1254 4472 evangelii
1272 4409 1365 4470 prae-
1418 4389 1490 4474 fligi
1522 4412 1542 4455 a
1568 4392 1773 4474 magistratu.
1817 4386 1947 4455 Deinde
1973 4410 2040 4452 non
2072 4388 2133 4451 hoc
2161 4385 2244 4468 agit,
2273 4391 2310 4448 ut
2331 4385 2389 4466 qui

394 4472 602 4554 dicationem3
630 4495 690 4540 nee
720 4485 787 4538 tam
820 4480 1017 4557 potestatem
1046 4493 1116 4537 esse
1144 4493 1242 4556 quam
1268 4475 1366 4538 mini-
1419 4476 1566 4559 peccavit
1591 4476 1714 4541 invitus
1742 4475 1918 4559 plectatur,
1946 4474 2004 4538 sed
2024 4481 2061 4537 ut
2082 4469 2269 4537 voluntaria
2291 4471 2388 4534 easti-

394 4561 545 4638 sterium,
568 4562 596 4626 si
617 4560 660 4625 ad
681 4561 831 4626 homines
853 4559 1053 4642 respicimus.
1098 4559 1173 4623 Non
1196 4561 1284 4624 enim
1306 4559 1365 4624 ho·
1419 4561 1550 4645 gatione
1576 4561 1811 4645 poenitentiam
1838 4562 2038 4643 profiteatur.
2082 4558 2144 4620 Est
2168 4555 2271 4637 igitur
2291 4555 2389 4640 longe

393 4643 536 4709 minibus
569 4647 654 4712 hanc
687 4653 881 4729 potestatem
917 4646 1047 4728 proprie
1079 4644 1233 4710 Christus
1265 4644 1364 4726 dedit,
1419 4648 1549 4713 diversa
1570 4648 1668 4712 ratio:
1697 4649 1774 4732 quia
1795 4669 1856 4712 nec
1877 4644 2054 4730 quidquam
2076 4639 2137 4707 sibi
2164 4640 2265 4705 sumit
2286 4641 2389 4706 eccle-

394 4729 452 4792 scd
475 4731 573 4794 verbo
596 4754 662 4811 suo,
685 4734 780 4798 cuius
802 4733 951 4797 homines
972 4732 1140 4796 ministros
1161 4732 1246 4795 fecit.
1418 4734 1468 4798 sia
1488 4732 1574 4816 quod
1595 4734 1638 4798 sit
1658 4735 1829 4817 proprium
1849 4731 2077 4814 magistratus,
2106 4746 2212 4808 neque
2234 4725 2296 4791 hcc
2317 4727 2388 4792 effi·

480 4818 509 4878 2.
559 4816 668 4895 Alter,
698 4840 796 4900 quem
822 4816 1007 4900 deligandi
1033 4816 1235 4882 etsclvendi
1279 4824 1365 4884 otes-
1418 4839 1491 4884 cere
1510 4826 1618 4903 potest
1637 4821 1851 4904 magistratus
1878 4812 1966 4898 quod
1992 4812 2032 4876 ab
2054 4810 2189 4876 ecclesia
2209 4812 2386 4896 peragitur.
2455 4825 2461 4838 ’

394 4908 459 4964 tate
477 4907 608 4964 exstare
627 4901 777 4983 diximus,
795 4905 885 4970 locus
902 4903 1065 4969 Matthaei
1088 4907 1136 4980 18,
1158 4908 1197 4967 18
1214 4903 1259 4967 ha
1298 4910 1364 4982 tur,
1417 4905 1579 4988 Exemplo
1605 4907 1664 4970 fiet
1691 4907 1754 4970 hoc
1779 4902 1914 4967 facilius.
1957 4897 2143 4962 Inebriatus
2170 4904 2222 4961 est
2248 4897 2386 4981 aliquis?

393 4985 450 5050 ubi
483 4987 529 5050 ait
557 4984 726 5051 Christus:
761 4990 789 5053 si
821 4992 924 5054 frater
956 4990 1073 5071 aliquis
1101 4989 1272 5054 eeclesiam
1297 5011 1365 5055 non
1417 4991 1453 5055 in
1470 4990 1551 5056 urbe
1573 4990 1655 5056 bene
1677 4989 1864 5064 constituta,
1885 5003 1992 5068 poena
2012 4983 2076 5048 erit
2098 5002 2217 5048 career.
2252 4982 2387 5050 Scorta-

392 5071 542 5150 audierit,
565 5073 608 5135 sit
628 5071 689 5136 tibi
709 5073 795 5136 sicut
817 5075 967 5138 ethnicus
988 5084 1022 5139 et
1038 5075 1245 5156 publicanus:
1269 5097 1364 5140 amen
1416 5084 1470 5142 tus
1493 5066 1565 5142 est?
1589 5084 1647 5142 aut
1667 5074 1792 5150 similis,
1815 5078 1873 5136 aut
1892 5070 2000 5153 potius
2021 5070 2134 5134 maior.
2177 5068 2231 5134 Ita
2251 5071 2314 5134 erit
2335 5091 2387 5135 sa·

393 5157 464 5222 dico
497 5157 605 5236 vobis,
638 5176 849 5239 quaecunque
886 5158 1067 5240 ligaveritis
1100 5181 1198 5242 super
1229 5168 1363 5241 terram,
1416 5164 1583 5228 tisfactum
1609 5168 1643 5224 et
1663 5159 1804 5242 legibus,
1827 5165 1861 5223 et
1881 5154 2103 5239 magistratui,
2125 5159 2158 5218 et
2179 5161 2315 5219 externo
2336 5157 2387 5219 iu·

392 5251 492 5308 erunt
511 5243 614 5326 ligata
634 5251 667 5309 et
688 5243 720 5306 in
745 5241 851 5320 coelo;
877 5262 1089 5324 quaecunque
1110 5244 1288 5324 solveritis,
1311 5269 1363 5312 so-
1416 5247 1508 5313 dicic.
1553 5247 1600 5311 At
1626 5244 1697 5307 fieri
1724 5243 1845 5326 poterit
1875 5249 1914 5306 ut
1939 5241 2064 5306 nullam
2086 5238 2142 5304 det
2167 5241 2386 5322 poenitentiae

393 5329 463 5395 luta
485 5336 590 5394 erunt.
635 5329 701 5394 Hic
721 5327 813 5392 locus
835 5348 901 5391 non
923 5327 1055 5392 omnino
1077 5338 1128 5392 est
1148 5330 1250 5411 priori
1271 5332 1362 5395 simi·
1416 5330 1697 5416 significationem,
1720 5328 1800 5412 quin
1821 5328 1929 5410 potius
1950 5334 1989 5394 ut
2009 5327 2234 5392 obmurmuret
2250 5325 2304 5391 vel
2320 5325 2385 5389 fre-

311 5448 314 5453 ·
391 5415 441 5494 lis,
465 5413 523 5480 sed
543 5414 643 5498 paulo
664 5415 701 5479 in
722 5413 886 5480 diversam
907 5417 1035 5495 partem
1054 5412 1285 5497 intelligendus
1302 5424 1360 5502 est
1414 5425 1492 5482 mat
1537 5417 1593 5480 An
1613 5413 1681 5479 illio
1700 5414 1839 5480 cessabit
1860 5411 2017 5480 eeclesia?
2061 5413 2110 5477 At
2129 5411 2229 5494 recipi
2251 5409 2293 5475 ad
2312 5429 2385 5476 coe·

392 5501 467 5566 Non
496 5508 606 5564 autem
633 5502 680 5566 sic
702 5499 846 5566 diversos
867 5498 965 5576 facio,
988 5504 1026 5562 ut
1046 5518 1113 5562 non
1140 5498 1280 5562 multam
1302 5499 1361 5564 ha-

391 5586 492 5651 beant
511 5587 599 5651 inter
620 5608 655 5651 se
676 5585 877 5652 affinitatem.
920 5583 995 5649 Hoc
1015 5584 1159 5666 primum
1177 5582 1296 5665 ubique
1317 5584 1361 5651 si·
1414 5591 1513 5597 ””“”
1537 5590 1541 5593 ’
1561 5588 1584 5593 ’”
1597 5589 1616 5593 ’“

391 5671 469 5738 mile
496 5679 561 5751 est,
585 5670 671 5756 quod
692 5680 831 5755 utraque
853 5676 903 5736 est
923 5669 1085 5754 generalis
1104 5667 1284 5749 sententia,
1306 5689 1360 5736 ea·
1483 5686 1512 5753 1)
1535 5687 1648 5742 dicarit
1663 5689 1690 5742 11.
1708 5690 1724 5742 t
1741 5688 1780 5742 cd
1797 5688 1820 5754 §-
1856 5685 1897 5741 70.
