5600 6809
392 745 455 805 aas
1044 729 1758 833 51555555555.555555.ι55
1811 777 1814 784 .
2336 738 2403 799 240

391 930 481 992 intra
503 947 538 992 ee
558 926 739 1008 reperiunt,
769 923 849 1005 quid
872 920 1074 1003 vestigandis
1104 920 1268 984 extranois
1291 940 1367 984 cau·
1419 921 1598 1000 stinpualis,
1620 921 1696 1000 quia
1716 921 1846 984 5501515
1868 922 1985 1003 obrepit
2003 921 2149 1002 [11511555
2170 923 2308 1004 5555515,
2331 924 2402 988 uisi

392 1016 437 1081 sis
458 1013 601 1088 inhiant,
630 1032 672 1075 ne
694 1011 758 1075 sibi
778 1011 880 1074 fuisse
902 1008 995 1072 exitii
1017 1016 1146 1069 autores
1168 1004 1365 1069 videantur?
1420 1006 1601 1084 emripatur.
1648 1005 1686 1070 st
1707 1007 1780 1086 quis
1800 1011 1903 1070 tamen
1918 1009 1991 1072 inde
2007 1008 2132 1089 inferat,
2154 1008 2189 1071 ia
2206 1028 2313 1072 eorum
2331 1029 2401 1074 esse

393 1099 490 1181 Quod
513 1100 541 1163 si
563 1118 679 1161 verum
699 1104 757 1171 est,
781 1116 848 1173 suo,
872 1116 937 1158 non
950 1093 1057 1156 alieno
1077 1091 1167 1170 vitio,
1192 1098 1226 1153 et
1247 1090 1366 1156 divinis
1420 1090 1550 1153 arbitrio
1576 1091 1679 1172 secem
1705 1092 1838 1155 oblatom
1866 1093 1977 1170 luceru,
2004 1093 2098 1174 facile
2118 1093 2306 1174 refutabitur
2328 1095 2401 1158 eius

391 1185 557 1250 beneficiis
574 1183 698 1265 privari
720 1189 921 1264 peccatores,
946 1185 980 1242 et
1001 1177 1179 1275 ultionibus
1199 1178 1362 1259 castigari,
1420 1176 1555 1254 tristitia,
1578 1177 1655 1256 quia
1676 1177 1751 1241 laec
1771 1179 1845 1257 ipsa
1858 1179 2018 1276 'sedullus
2039 1200 2134 1260 55555
2153 1180 2287 1259 requirit
2309 1179 2401 1244 Pau·

392 1280 625 1422 lactarit
655 1264 1368 1431 1εὲ55555115555515
1420 1260 2401 1433 {interannuntiantem
2478 1345 2504 1365 ··

393 1451 470 1509 cant
491 1444 527 1504 in
548 1439 787 1505 calamitatibus
809 1459 904 1502 suam
930 1437 1038 1517 potius
1066 1433 1244 1516 nequitiam
1273 1455 1367 1499 accu-
1419 1433 1553 1512 spiritus
1572 1434 1634 1497 siin
1655 1434 1713 1497 uni
1734 1436 2061 1500 mirseuondimunus
2076 1436 2219 1501 vendicet.
2251 1434 2400 1518 Denique

393 1550 466 1593 sare
487 1534 521 1592 et
543 1525 705 1601 detestari,
729 1543 827 1605 quam
849 1522 958 1586 Deum
980 1521 1111 1603 iniquae
1139 1520 1293 1583 saevitiae
1316 1519 1367 1582 in·
1415 1517 1725 1599 permiscessionem
1760 1519 1803 1582 ad
1829 1540 1885 1584 uos
1912 1521 2083 1602 tansferri
2114 1523 2196 1601 quod
2225 1523 2261 1585 in
2289 1522 2400 1588 Deum

393 1614 564 1690 simulare;
592 1613 619 1676 ei
647 1609 846 1675 docilitatem
868 1628 934 1670 non
955 1612 1131 1683 exuerunt,
1161 1614 1368 1687 peecatomm
1420 1604 1573 1685 competit,
1606 1624 1646 1667 55
1676 1603 1809 1668 Ioannis
1835 1606 1936 1669 555515
1956 1609 2071 1686 polam
2098 1611 2157 1672 est:
2188 1609 2335 1688 quisquis
2355 1629 2401 1672 ex

393 1698 501 1764 taedio
523 1698 608 1778 capti
632 1695 787 1779 (quorum
808 1693 926 1757 merite
947 1694 1084 1758 miseros
1106 1712 1140 1756 se
1163 1712 1201 1756 55
1222 1690 1367 1772 55511155
1420 1688 1488 1752 Deo
1514 1694 1572 1768 est,
1604 1696 1708 1755 semol
1733 1709 1766 1754 se
1790 1691 1895 1770 ipsum
1928 1691 2144 1776 (1155555,
2171 1693 2234 1776 18).
2285 1693 2402 1759 Vacerra

392 1784 574 1868 51155515
594 1783 681 1846 51555
703 1779 853 1855 redeant,
882 1801 920 1845 aa
942 1778 977 1844 id
998 1780 1107 1860 ipsum
1137 1777 1221 1841 seria
1243 1776 1367 1841 confes·
1418 1773 1498 1838 benc
1518 1776 1680 1854 arripiunt
1700 1776 1791 1841 liberi
1812 1775 1939 1840 arbitrii
1954 1797 2133 1858 praecones,
2160 1780 2254 1859 quasi
2270 1781 2399 1861 padua

394 1874 499 2019 ⁸i⁰¹¹⁰r
506 1863 1204 2017 ἃ505015111)55555)5551
1224 1883 1367 2030 ,lette
1418 1859 2281 2028 dlumlboeedlmall‘ldeml'lbmdl'dl'
2281 1864 2402 2016 1511

465 1978 507 2018 a.
921 2002 929 2029 5
1194 1999 1201 2024 r
1367 1982 1368 1985 ¹
1718 1997 1725 2024 t
2175 2000 2182 2028 5

392 1977 502 2106 didm
519 1975 763 2121 obiurgationes
783 2035 869 2119 apud
886 1972 1155 2118 piosqprofecisee¹
1180 2055 1222 2096 ex
1239 2034 1366 2097 solenni
1418 2051 1489 2094 5555
1510 2051 1526 2094 5
1545 2032 1633 2097 coelo.
1683 2032 1770 2097 Unde
1790 2039 1819 2098 et
1834 2039 1958 2122 patrem
1985 2056 2005 2098 r
2097 1995 2427 2119 01555155(Ιο555.Ι

392 2126 542 2191 Danielis
563 2125 708 2188 oratione
729 2130 864 2200 constat,
888 2142 971 2204 quae
989 2121 1130 2185 habetur
1146 2120 1252 2201 capite
1269 2139 1364 2183 nono.
1424 2120 1470 2193 17,
1494 2116 1557 2200 15),
1586 2123 1621 2181 ut
1641 2138 1697 2182 nos
1718 2141 1740 2183 a
1761 2119 1844 2183 rnalo
1864 2124 1968 2183 555551.
2078 2123 2195 2186 sumus
2212 2122 2293 2203 pios,
2316 2124 2401 2188 dum

392 2213 518 2279 Priorie
540 2218 649 2275 autem
670 2231 751 2275 usus
773 2207 961 2289 exemplum
982 2208 1150 2271 intuemur
1170 2206 1206 2269 in
1225 2203 1365 2281 Iudaeis,
1419 2201 1570 2266 51555555
1595 2209 1741 2267 satanam
1767 2205 2003 2282 militantum
2029 2207 2108 2272 aliis
2134 2228 2231 2289 quam
2256 2206 2322 2272 Dei
2344 2229 2401 2273 ar·

393 2299 510 2381 quibus
537 2317 671 2361 suarum
699 2294 907 2358 miseriarum
935 2313 1065 2358 causam
1095 2311 1248 2355 enamare
1277 2290 1366 2354 Iere-
1418 2288 1481 2352 mis
1507 2289 1670 2353 ildariam
1691 2291 1841 2371 555555αὸ.
1886 2290 1999 2372 Itaque
2027 2292 2156 2371 Pete-ras,
2184 2293 2401 2361 5515515555

393 2386 475 2448 miae
495 2385 540 2466 (7,
561 2382 617 2465 27)
638 2381 785 2457 iubetur3
810 2399 913 2460 quum
936 2385 1047 2443 tamen
1069 2399 1136 2440 non
1158 2377 1252 2441 aliter
1274 2397 1366 2440 casu·
1413 2373 1590 2454 purificare
1610 2376 1705 2441 tmen
1726 2377 1761 2439 in
1783 2377 1952 2441 5551155115
1972 2379 2122 2458 ametis,
2144 2399 2217 2443 moa
2237 2374 2401 2447 555551515-

392 2491 468 2534 rum
490 2478 576 2533 esset
604 2485 702 2548 quam
723 2465 887 2529 Dominus
914 2463 1135 2546 praedixerat:
1166 2463 1307 2545 loqueris
1325 2460 1367 2525 ad
1420 2459 1557 2525 5155155
1574 2460 1670 2536 addit,
1688 2481 1748 2541 per
1764 2462 1914 2542 spiritum
1931 2462 1962 2547 (l
1984 2464 2073 2529 Pctr.
2095 2469 2122 2543 l,
2142 2465 2207 2547 21).
2241 2464 2400 2549 Denique,

393 2578 448 2621 eos
469 2554 580 2618 omnia
602 2551 702 2616 verba
721 2550 817 2627 haec,
847 2557 880 2614 et
905 2570 974 2613 non
1002 2548 1136 2614 audient
1155 2555 1203 2625 te;
1237 2548 1367 2612 vocabis
1420 2566 1514 2625 paam
1540 2546 1635 2609 uitelli
1661 2548 1726 2610 sint
1751 2567 1854 2613 555555
1884 2547 2040 2614 lunmnoe
2065 2552 2207 2615 5155515
2229 2554 2402 2619 5551555155

393 2664 457 2717 eos,
476 2648 593 2704 55555
611 2635 853 2719 respondebunt
870 2635 938 2700 tibi.
969 2633 1134 2717 Quorsum
1151 2634 1254 2716 igitur
1271 2654 1367 2698 cane·
1419 2632 1597 2711 spirituali,
1627 2631 1758 2715 ueniter
1786 2634 1917 2698 ostendit
1938 2633 2087 2714 1555555,
2116 2657 2214 2717 55555
2240 2638 2340 2704 tradit
2360 2638 2396 2724 (1

392 2728 492 2793 batur
523 2722 653 2789 surdis?
690 2729 729 2787 ut
759 2721 910 2785 nolentes
942 2743 980 2786 ac
1018 2720 1114 2785 inviti
1147 2719 1369 2802 intelligerent
1419 2716 1532 2781 Ioann.
1553 2720 1581 2794 3,
1602 2717 1647 2801 0),
1664 2739 1725 2782 rum
1736 2739 1830 2799 posse
1843 2739 1970 2799 5555555
1986 2723 2043 2801 pul
2063 2722 2182 2786 eeDeo
2199 2723 2297 2805 perciti
2313 2731 2400 2800 suut

393 2832 512 2878 verum
533 2830 604 2874 esee
631 2806 719 2890 quod
740 2807 930 2872 audiebant:
955 2807 1116 2871 nefarium
1138 2826 1209 2870 cese
1237 2805 1368 2870 sacrile-
1420 2803 1497 2883 quia
1524 2823 1626 2868 semen
1652 2803 1717 2868 Dei
1744 2805 1781 2867 in
1809 2802 1877 2869 illis
1906 2811 2016 2870 nmnet.
2061 2806 2111 2872 Ac
2137 2811 2289 2873 rationem
2316 2809 2401 2876 alibi

394 2897 500 2982 gium‚
530 2896 557 2959 ei
578 2894 740 2958 malorum
768 2913 902 2956 suorum
930 2893 1074 2974 culpam,
1107 2911 1189 2974 quae
1220 2891 1257 2954 in
1287 2891 1367 2972 ipsis
1421 2887 1466 2972 (5,
1486 2885 1521 2972 4)
1543 2889 1659 2967 reddit,
1682 2891 1763 2970 quod
1782 2888 1861 2970 11155
1882 2897 1989 2957 nostra
2014 2895 2058 2956 sit
2078 2895 2207 2959 matoria
2228 2914 2308 2975 quae
2326 2899 2399 2960 oin·

394 2982 572 3058 residebat,
595 2978 667 3043 Deo
687 2978 969 3043 transscriberent
1015 2977 1135 3042 Paucis
1157 2976 1209 3041 his
1231 2976 1366 3041 solutio-
1420 2976 1461 3038 cit
1482 2975 1641 3040 mundum.
1704 3002 1708 3014 ¹

392 3069 491 3134 nibus
512 3065 666 3149 expedire
688 3073 720 3128 te
737 3063 890 3129 facillime
906 3064 1012 3147 possis
1034 3064 1074 3128 ab
1096 3064 1258 3127 immensa
1274 3063 1366 3126 testi-
1509 3064 1559 3125 12.
1601 3059 1733 3126 (litatur
1754 3069 1865 3127 tamen
1887 3062 1927 3128 15
1949 3064 2021 3147 lege
2038 3065 2142 3130 Moeis
2160 3066 2395 3145 testimoninm,

393 3153 579 3218 moniorum
600 3150 766 3233 congerie,
789 3170 887 3231 quam
913 3148 955 3213 ad
977 3147 1169 3232 erigendum
1197 3147 1292 3214 liberi
1314 3169 1367 3212 ar·
1419 3146 1505 3230 quod
1543 3146 1698 3211 solutioni
1734 3156 1867 3213 nostrae
1905 3149 2001 3214 valde
2041 3150 2209 3216 Maemari
2249 3149 2395 3233 ¹ridetur.

392 3239 483 3305 bitrii
504 3237 715 3303 simulacrum
737 3236 848 3300 hostes
870 3235 996 3318 gratiae
1017 3235 1081 3299 Dei
1103 3240 1229 3298 struere
1251 3235 1366 3312 solent,
1419 3232 1507 3297 Nam
1527 3232 1583 3297 ille
1614 3233 1769 3316 populum
1796 3242 1869 3316 post
1896 3235 2004 3318 legem
2023 3236 2275 3321 promulgatam,
2301 3236 2398 3304 hunc

393 3334 462 3390 tam
483 3346 526 3388 ex
553 3322 735 3406 praeceptis
763 3342 862 3403 quam
884 3342 926 3385 ox
952 3320 1236 3386 obtestationibus.
1251 3318 1366 3385 adver·
1421 3320 1458 3383 in
1489 3317 1623 3408 modum
1655 3327 1855 3384 contestatam
1887 3321 2001 3405 (Dent
2022 3325 2072 3400 30,
2100 3328 2169 3407 ll):
2202 3321 2402 3390 mandatum

381 3434 450 3477 ’555
481 3409 565 3493 legis
603 3416 869 3490 transgressores.
927 3405 1078 3470 Probrose
1098 3407 1136 3471 de
1169 3404 1301 3471 Induis
1333 3406 1368 3468 iu
1420 3405 1482 3470 hoc
1515 3409 1601 3486 quod
1632 3405 1796 3488 praecipio
1824 3406 1884 3472 tibi
1916 3407 2014 3471 hodie
2041 3428 2110 3472 non
2139 3416 2190 3473 est
2218 3407 2399 3489 occultum,

396 3496 524 3562 Psalmo
552 3494 618 3579 (te,
637 3493 672 3578 8)
697 3493 846 3574 refertur:
877 3492 1034 3575 panaetio
1060 3512 1167 3572 ,55555
1199 3512 1279 3572 puae
1305 3510 1368 3555 non
1419 3510 1527 3572 neque
1553 3489 1667 3572 procul
1693 3491 1849 3573 positum,
1882 3513 1989 3575 neque
2016 3493 2051 3557 in
2074 3493 2301 3574 5551551555,
2338 3495 2402 3561 sed

394 3583 511 3649 direxit
528 3601 578 3644 cor
599 3600 700 3644 suum
743 3579 821 3644 Alio
841 3578 937 3642 diam
960 3577 1089 3642 Psalmo
1132 3581 1182 3655 05,
1201 3575 1236 3661 0)
1264 3576 1367 3640 berta
1419 3577 1515 3640 iuxta
1535 3582 1569 3640 te
1590 3588 1655 3653 555,
1683 3576 1719 3639 15
1742 3597 1797 3641 555
1818 3584 1874 3642 tuo
1901 3586 1935 3642 et
1955 3579 1990 3644 in
2012 3579 2205 3658 cordetuo,
2234 3579 2400 3647 55155155

396 3674 447 3731 tur
462 3666 616 3746 propluta
632 3685 708 3730 5555
729 3665 841 3729 adalb
862 3663 1014 3742 bomines,
1041 3683 1080 3727 ne
1105 3683 1123 3727 o
1162 3668 1253 3726 uruit
1273 3662 1368 3727 corda
1419 3661 1511 3726 illud
1554 3661 1648 3726 Haec
1669 3667 1755 3726 certe
1783 3663 1811 3727 ei
1833 3661 1874 3726 15
1901 3664 1998 3729 nudis
2025 3666 2207 3748 praeceptis
2233 3664 2323 3731 dicta
2344 3666 2398 3732 in·

396 3773 472 3830 suo;
500 3771 607 3831 nempe
633 3752 709 3831 quia
736 3752 837 3815 minis
864 3751 1075 3814 eadumaeioe
1101 3748 1194 3827 culpa
1215 3749 1252 3812 in
1272 3747 1368 3811 borni-
1419 3747 1627 3832 telligantur,
1659 3747 1778 3822 155555,
1803 3746 1854 3812 ad
1876 3771 2010 3815 caueam
2037 3760 2245 3833 praesentem
2273 3751 2398 3818 habere

397 3856 473 3901 uum
489 3837 649 3914 provecte
669 3835 780 3900 155551.
826 3835 887 3900 Sed
911 3835 1002 3899 515115
1023 3836 1096 3900 inde
1117 3834 1288 3916 eodipdur,
1317 3853 1368 3896 cor
1419 3853 1487 3897 non
1509 3854 1627 3916 parum
1649 3835 1815 3898 momenti.
1855 3835 1947 3908 ¹Nam
1965 3837 2026 3901 etei
2053 3837 2185 3903 5151555
2213 3837 2296 3903 loris
2316 3857 2400 3922 ope-

397 3924 432 3986 15
454 3925 616 4000 utromque
639 3927 765 4000 partein
787 3942 850 3986 esse
868 3921 1018 4000 flexibile,
1047 3922 1139 3984 cuius
1160 3919 1368 4000 praeparatio
1420 3940 1476 3983 rac
1495 3919 1608 3996 155515,
1636 3918 1722 4001 5551
1749 3919 1803 3984 hic
1830 3942 1895 3985 non
1917 3921 1962 3985 de¹
1980 3922 2215 3988 observationis
2237 3922 2296 3989 551
2317 3945 2400 4010 cog·

395 4030 416 4071 a
442 4006 510 4070 Deo
538 4010 589 4069 est.
639 4004 728 4070 Dicit
751 4007 901 4088 propbeta
928 4006 1030 4090 (Psal.
1058 4011 1127 4084 119,
1156 4004 1245 4089 112):
1279 4005 1368 4068 incli-
1420 4005 1553 4070 nitionie
1573 4004 1728 4069 facilitate
1750 4015 1784 4069 et
1810 4006 2015 4089 proclivitate
2038 4015 2165 4092 agatur,
2196 4009 2400 4076 nonnullum

395 4092 543 4156 5551555
571 4109 672 4154 555555
700 4093 742 4154 51
763 4091 952 4155 observando
965 4096 1228 4176 praesepiolum
1260 4111 1367 4171 nempe
1419 4097 1529 4156 tamen
1557 4088 1749 4172 scrupulum
1782 4093 1829 4158 sic
1861 4112 1988 4175 quoque
2019 4094 2129 4158 forsan
2159 4095 2396 4178 relinquerent

393 4179 472 4260 puio
493 4176 620 4240 libente
645 4181 673 4238 et
695 4176 793 4239 lidori
815 4178 915 4240 animi
935 4179 1145 4257 propassione
1166 4177 1235 4241 Deo
1256 4197 1289 4242 se
1310 4175 1366 4241 od-
1419 4175 1548 4240 Vernm
1575 4195 1706 4241 omnem
1732 4178 1826 4243 nobis
1855 4176 2090 4244 dubitationem
2119 4181 2234 4245 eximit
2262 4189 2399 4265 aposto-

394 4266 535 4339 diaerot,
567 4281 664 4342 55555
696 4267 798 4325 mmm
830 4282 863 4325 se
892 4263 1107 4327 inclinationis
1139 4269 1276 4327 55155555
1302 4282 1367 4328 esse
1419 4262 1485 4341 155,
1507 4283 1573 4327 555
1595 4262 1769 4346 ambiguus
1789 4264 1959 4346 interpres,
1990 4266 2047 4347 551
2069 4264 2109 4328 15
2131 4266 2294 4350 evangelii
2317 4266 2399 4332 doo-

393 4352 504 4427 iactat,
534 4368 630 4428 quam
656 4347 693 4411 in
719 4348 821 4412 mdem
845 4346 973 4411 Psalmo
997 4347 1115 4428 soletur
1143 4349 1207 4413 Dei
1228 4368 1293 4413 esse
1314 4349 1367 4412 da
1419 4349 1506 4412 trina
1527 4348 1643 4413 Mosen
1666 4347 1720 4414 hio
1745 4348 1917 4431 loquutum
1940 4371 2011 4415 5555
2038 4351 2183 4416 affirmat
2208 4352 2319 4436 (Rom.
2343 4359 2396 4433 10,

393 4456 477 4499 num.
523 4433 635 4513 Itaque
661 4432 792 4497 1555515
827 4431 925 4497 Pauli
952 4434 1135 4512 admonitio,
1163 4434 1239 4497 dum
1260 4433 1366 4513 fideles
1419 4434 1464 4517 8).
1486 4433 1585 4514 Quod
1607 4434 1634 4498 51
1657 4436 1729 4517 5515
1751 4436 1958 4501 refractarius
1979 4436 2168 4516 contendat,
2195 4437 2357 4503 violenter
2374 4459 2397 4503 5

394 4517 873 4668 55551(Ρ1511.2,12))5555551
898 4518 1028 4582 saluum
1048 4539 1139 4583 suam
1160 4539 1229 4583 cum
1257 4521 1366 4582 timore
1417 4520 1522 4584 Paulo
1550 4519 1679 4583 detorta
1706 4521 1806 4585 151555
1834 4531 1871 4585 55
1898 4520 1939 4585 51
1966 4523 2174 4605 evangelium
2203 4522 2288 4588 trahi
2313 4544 2397 4606 pos-

394 4611 422 4669 et
443 4611 580 4684 tramae,
603 4606 680 4686 puio
736 4625 791 4668 eus
812 4609 856 4668 est
876 4604 932 4684 qui
948 4609 1095 4683 operatur
1111 4610 1139 4668 et
1159 4605 1233 4669 celle
1250 4609 1278 4668 et
1293 4625 1366 4686 per·
1418 4613 1507 4681 sent,
1529 4626 1716 4687 quanquam
1737 4607 1903 4688 impietate
1924 4627 1992 4671 non
2011 4609 2135 4674 carebit
2155 4609 2225 4674 eius
2245 4606 2397 4689 audacia,

394 4691 493 4770 ficere.
538 4690 664 4773 Apendi
681 4690 807 4772 quidem
821 4694 933 4771 parles
954 4688 1021 4753 illis
1038 4691 1186 4771 assipnat,
1208 4711 1246 4754 ne
1262 4691 1366 4755 indul
1419 4699 1601 4755 esttamen
1625 4700 1840 4772 quopraeter
1875 4693 2011 4774 apostoli
2044 4694 2252 4759 autoritatem
2279 4694 2397 4760 redar-
2484 4697 2493 4711 '

393 4780 486 4859 peairt
501 4777 607 4839 carnis
624 4777 757 4858 torpori·
779 4776 834 4841 sed
850 4779 963 4839 metum
981 4780 1008 4838 et
1024 4775 1261 4840 solicitudinem
1271 4797 1366 4857 prae-
1385 4840 1388 4853 ,
1418 4785 1549 4860 guatrn.
1592 4776 1679 4839 Nam
1700 4776 1729 4839 si
1751 4776 1791 4841 de
1813 4777 1890 4842 solie
1912 4780 2092 4860 praeceptis
2113 4780 2305 4863 loquebatur
2319 4781 2398 4847 Mo-

396 4862 514 4939 cipiens
542 4861 588 4924 sic
613 4882 663 4926 eos
690 4861 850 4939 humiliat,
883 4866 918 4924 ut
943 4861 1138 4925 muniuerint
1169 4861 1223 4925 boc
1251 4864 1364 4943 ipsum,
1419 4883 1480 4939 ses,
1503 4863 1681 4926 vanissima
1709 4862 1907 4927 confidentia
1934 4865 2091 4946 populum
2113 4866 2257 4931 inflabat.
2302 4865 2399 4948 Quid

395 4946 478 5026 quod
500 4965 589 5026 apere
617 4947 771 5026 iubentur,
789 4947 958 5027 meinaim
984 4966 1049 5011 esse
1075 4945 1139 5010 Dei
1167 4968 1252 5028 opus.
1301 4949 1365 5028 Quo
1420 4949 1509 5012 enim
1532 4946 1622 5012 aliud
1641 4968 1740 5028 quam
1763 4970 1797 5012 55
1819 4949 2100 5030 praecipitassent,
2130 4952 2263 5036 eilegis
2282 4953 2398 5018 obscr-

343 5076 347 5084 ,
395 5030 507 5094 duale
528 5032 682 5109 erprimit,
698 5035 838 5112 passive,
866 5037 901 5095 nt
928 5034 975 5097 ita
1001 5033 1122 5112 loquar,
1152 5054 1241 5115 apere
1260 5033 1365 5113 fideles
1419 5033 1586 5098 rationem
1607 5034 1752 5114 aggressi
1775 5034 1884 5097 forent
1912 5035 1979 5099 suis
2006 5036 2130 5102 viribus
2151 5046 2308 5120 tanquam
2331 5038 2397 5104 sibi

396 5121 548 5197 55515555
565 5135 581 5177 5
598 5116 675 5179 coelo
692 5121 869 5199 supperitur
884 5118 1028 5199 fmultas,
1050 5124 1085 5181 ut
1102 5119 1183 5182 nibil
1200 5119 1261 5184 sibi
1274 5139 1366 5200 pror·
1420 5139 1486 5183 non
1519 5117 1705 5183 difficilem?
1750 5119 1815 5184 Ubi
1848 5140 1925 5205 ergo
1957 5121 2040 5205 legis
2073 5123 2295 5188 observandae
2328 5125 2397 5190 ieta

396 5222 451 5266 sris
477 5206 628 5284 arrepent.
674 5200 826 5280 Proimle,
853 5205 929 5268 dum
954 5225 1009 5269 uos
1030 5204 1171 5269 5515155
1195 5203 1308 5268 Petrus
1330 5205 1363 5287 (2
1420 5213 1489 5267 tam
1511 5205 1607 5268 obvia
1622 5203 1776 5283 facilitas,
1804 5206 1933 5288 quando
1960 5208 2071 5273 nullus
2093 5209 2157 5274 nisi
2178 5230 2239 5290 per
2260 5209 2395 5275 55151515

396 5289 485 5352 Ρ555.
509 5292 535 5365 l,
556 5285 599 5369 5),
629 5291 664 5350 ut
684 5286 953 5355 subministremus
974 5291 1010 5354 in
1034 5290 1096 5369 lide
1117 5291 1275 5369 55515155,
1304 5310 1366 5354 uon
1418 5290 1644 5372 praecipitium
1667 5298 1757 5372 patet
1783 5292 1953 5357 accessus?
1997 5294 2142 5359 Proinde
2165 5295 2248 5359 nihil
2270 5297 2396 5361 certius

395 5374 528 5438 coricedit
548 5373 636 5436 nobie
663 5372 814 5437 secundas
833 5381 939 5455 parles
966 5377 1059 5455 quasi
1085 5377 1256 5457 separatim
1277 5376 1366 5455 puid-
1418 5383 1469 5439 est
1504 5396 1603 5457 quam
1636 5376 1751 5441 Mosen
1780 5377 1833 5443 hie
1866 5379 1975 5444 verbis
2002 5381 2244 5447 misericordiae
2277 5379 2395 5447 foedus

396 5478 490 5538 quom
511 5478 657 5540 aponius,
687 5457 741 5522 sed
766 5461 886 5522 tantmu
912 5462 1018 5526 carnis
1033 5459 1197 5545 pipritiem
1225 5482 1366 5543 euperpa
1417 5461 1709 5543 comprehendisse,
1732 5463 1820 5546 quod
1841 5486 1908 5529 una
1929 5487 2004 5530 cum
2027 5466 2109 5550 legis
2129 5468 2300 5533 exactione
2317 5487 2395 5550 pro-

394 5544 486 5625 fecit,
519 5564 581 5624 qua
602 5545 788 5626 plerumque
824 5545 991 5624 suffocatur
1022 5548 1095 5627 apsa
1119 5548 1205 5629 fides.
1248 5546 1366 5612 1351555
1417 5547 1630 5630 mulgaverat
1682 5548 1769 5612 Nam
1795 5558 1829 5613 et
1854 5552 1965 5633 paucis
1994 5561 2068 5616 ante
2096 5554 2246 5620 versibus
2274 5552 2392 5637 (Dent

395 5633 508 5710 spectat
532 5630 611 5693 illud
633 5630 732 5695 Pauli
754 5630 786 5714 (l
808 5628 921 5694 Thess.
942 5637 970 5708 5,
993 5634 1062 5717 19)·
1084 5635 1232 5714 spiritum
1252 5654 1290 5698 ne
1316 5652 1366 5697 ea
1418 5637 1469 5712 30,
1487 5634 1524 5719 8)
1542 5633 1705 5713 docuerat,
1724 5634 1911 5702 5155555111
1929 5657 2031 5701 manu
2046 5638 2111 5701 Dei
2128 5648 2277 5720 oportere
2294 5637 2397 5705 corda
