5600 6809
426 761 509 823 1083
2346 760 2435 822 1084

1069 751 1335 848 nasrrpurro
1356 752 1463 851 nna.
1478 748 1660 818 anama.
1686 755 1778 819 1559.

423 965 597 1030 personam
617 943 781 1021 sustinuit,
804 964 907 1024 quum
928 963 1044 1026 corpus
1066 953 1099 1006 et
1120 942 1314 1025 sanguinem
1332 940 1397 1006 dis·
1450 948 1585 1006 ventum
1608 939 1648 1004 de
1671 940 1874 1022 septemplici
1900 950 2103 1006 sacramento
2124 943 2158 1007 in
2181 944 2353 1011 ordinibus
2375 968 2432 1012 ee-

424 1031 540 1095 tribuit
571 1030 607 1093 in
628 1048 736 1094 coena.
771 1027 957 1094 Sacerdotis
983 1036 1093 1110 partes
1114 1027 1272 1110 implevit,
1297 1048 1397 1108 quum
1450 1026 1653 1105 clesiasticis3
1676 1025 1716 1089 de
1737 1047 1801 1108 qno
1823 1048 1983 1108 nusquam
2006 1028 2083 1092 alibi
2101 1049 2202 1110 quam
2223 1029 2311 1112 apud
2333 1032 2432 1115 inep-

423 1118 458 1181 in
481 1137 575 1180 cruce
595 1117 679 1197 patri
697 1136 732 1179 se
750 1115 892 1179 hostiam
915 1114 1040 1179 obtulit
1074 1113 1166 1178 Haec
1185 1113 1305 1194 absque
1327 1113 1397 1177 risu
1450 1122 1500 1177 tos
1521 1114 1600 1176 istos
1622 1112 1767 1189 rabulas,
1791 1113 1989 1178 sorbonistas
2012 1123 2045 1177 et
2066 1115 2267 1193 canonistas,
2289 1117 2429 1200 legitur.

423 1202 503 1266 adeo
520 1201 625 1265 audiri
637 1223 702 1265 non
720 1208 868 1284 possunt,
886 1207 923 1264 ut
939 1201 1040 1263 mirer
1058 1199 1179 1281 absque
1191 1200 1259 1263 risu
1276 1200 1397 1281 scripta
1537 1201 1585 1260 25.
1631 1198 1704 1261 Iam
1726 1197 1766 1261 de
1788 1199 1999 1262 caeremoniis
2026 1221 2107 1281 quas
2129 1199 2285 1266 adhibent
2311 1203 2430 1268 videa-

423 1309 507 1352 esse:
527 1287 555 1350 si
572 1294 684 1350 tamen
701 1287 851 1351 homines
869 1294 963 1349 erant
979 1287 1034 1367 qui
1053 1284 1245 1350 scribebant
1276 1282 1343 1348 Sed
1360 1285 1397 1348 in
1449 1304 1532 1347 mus,
1576 1283 1758 1365 Principio,
1781 1304 1989 1366 quoscunque
2010 1285 2046 1348 in
2067 1285 2219 1350 militiam
2251 1309 2344 1352 snam
2366 1290 2430 1354 ad-

422 1374 537 1456 primis
558 1372 742 1454 spectabilis
760 1381 809 1436 est
827 1372 957 1455 argutia
973 1393 1037 1454 qua
1053 1372 1089 1434 in
1105 1369 1247 1435 acoluthi
1265 1370 1396 1434 nomine
1449 1369 1608 1445 scribunt,
1639 1369 1806 1433 communi
1838 1369 1986 1452 symbolo
2013 1371 2146 1435 initiant
2166 1372 2201 1436 in
2223 1372 2429 1439 clericatum.

422 1458 708 1542 philosophantur,
737 1457 966 1522 ceroferarium
989 1456 1207 1540 appellantes,
1230 1455 1338 1533 verbo,
1360 1467 1397 1519 ut
1448 1453 1586 1519 Radunt
1607 1455 1694 1518 enim
1713 1475 1767 1518 eos
1784 1455 1820 1519 in
1838 1456 1969 1532 vertice,
1993 1465 2031 1518 ut
2052 1477 2171 1521 corona
2192 1458 2303 1542 regale
2323 1459 2429 1527 decus
2533 1470 2536 1474 '

423 1544 580 1621 arbitror,
603 1544 744 1627 magico,
768 1550 855 1606 certe
873 1542 1019 1607 inaudito
1041 1542 1192 1625 gentibus
1215 1562 1252 1605 ac
1274 1541 1396 1624 linguis
1450 1541 1625 1622 significet3
1654 1539 1732 1622 quia
1758 1561 1852 1623 reges
1879 1540 1998 1605 debent
2025 1562 2095 1606 esse
2125 1543 2249 1623 alerici,
2272 1552 2311 1608 ιιῖ
2333 1567 2370 1609 εθ
2393 1557 2429 1612 θῖ

423 1629 593 1706 omnibus,
616 1650 717 1710 quum
739 1627 904 1702 ἀκόλουθος
927 1628 1064 1693 Graecis
1086 1628 1277 1710 simpliciter
1295 1628 1395 1710 signi-

423 1717 499 1780 ficet
520 1714 758 1798 pedissequum.
801 1712 997 1801 Quanquam
1019 1714 1047 1778 si
1065 1713 1117 1778 his
1140 1714 1223 1778 serio
1245 1712 1396 1777 refellen-

424 1800 474 1866 dis
493 1800 697 1877 inhaeream,
720 1800 791 1864 iure
809 1815 843 1864 et
859 1800 929 1881 ipse
950 1821 1076 1882 quoqne
1098 1798 1218 1863 ridear:
1242 1798 1322 1863 adeo
1339 1800 1396 1863 fri-

423 1886 498 1951 vola
519 1892 597 1950 sunt
618 1893 651 1948 θῖ
671 1884 806 1950 ludicra.
1031 1887 1033 1890 ’

509 1974 559 2034 24.
603 1970 654 2035 Νθ
667 1977 778 2035 tamen
795 1971 995 2036 mulierculis
1013 1969 1119 2035 adhuc
1137 1971 1248 2035 fucum
1265 1970 1394 2048 faciant,

422 2055 623 2122 traducenda
645 2065 695 2121 θεῖ
716 2056 821 2120 obiter
848 2078 961 2120 eorum
993 2058 1129 2120 vanitas.
1175 2055 1299 2120 Creant
1327 2057 1396 2119 exi·

422 2143 490 2206 mia
510 2163 629 2225 pompa
651 2163 688 2207 ac
709 2143 903 2207 solennitate
925 2163 1000 2206 suos
1019 2142 1170 2219 lectores,
1200 2142 1394 2223 psalmistae,

423 2226 585 2306 ostiarios,
620 2227 802 2307 acoluthos,
832 2226 874 2292 ad
906 2249 946 2292 ea
973 2228 1157 2291 ministeria
1191 2226 1396 2309 exsequenda

423 2313 540 2397 quihus
558 2313 747 2396 velpueros,
766 2314 820 2378 vel
838 2320 925 2378 certe
943 2335 1023 2395 quos
1041 2325 1160 2378 vocant
1177 2313 1283 2391 laicos,
1303 2333 1395 2395 prae·

421 2401 546 2464 ficiunt.
598 2398 682 2478 Quis
710 2400 798 2463 enim
825 2420 934 2464 cereos
958 2399 1194 2481 utplurimum
1224 2398 1394 2463 accendit?

309 2486 311 2490 ’
422 2487 494 2568 quis
523 2484 650 2549 urceolo
676 2485 792 2548 vinum
820 2492 853 2549 et
873 2485 991 2567 aquam
1022 2484 1181 2562 infundit,
1211 2485 1275 2548 nisi
1304 2506 1394 2566 puer,

423 2579 482 2634 aut
503 2592 545 2634 ex
566 2569 658 2634 laicis
687 2570 872 2635 sordidulus
900 2570 1016 2652 aliquis
1039 2571 1094 2652 qui
1117 2592 1158 2634 ex
1181 2590 1220 2634 ea
1239 2591 1274 2633 re
1297 2591 1395 2653 quae-

422 2664 512 2721 stum
529 2653 628 2719 facit?
659 2654 777 2719 Nonne
793 2655 893 2719 iidem
910 2655 1053 2721 canunt?
1072 2675 1182 2719 nonne
1201 2655 1395 2737 templorum

423 2742 539 2805 ianuas
561 2738 718 2805 claudunt
740 2749 773 2805 et
794 2741 967 2823 aperiunt?
1013 2739 1097 2821 Quis
1119 2742 1261 2804 enimin
1283 2763 1395 2806 eorum

423 2826 553 2907 templis
585 2845 731 2907 unquam
753 2826 835 2891 vidit
856 2827 909 2890 vel
931 2826 1129 2904 acoluthum,
1152 2827 1203 2891 vel
1226 2828 1397 2892 ostiarium

423 2910 492 2976 suis
509 2911 656 2993 partibus
674 2911 891 2994 fungentem?
915 2911 1006 2992 Quin
1026 2913 1135 2994 potius
1157 2913 1213 2995 qui
1224 2934 1306 2995 puer
1323 2933 1396 2978 aco-

423 2997 511 3060 luthi
529 3016 665 3060 munere
692 2997 825 3062 functus
848 3005 913 3078 est,
936 3019 1039 3080 quum
1061 3000 1096 3062 in
1118 2997 1266 3063 ordinem
1288 2999 1396 3063 acolu-

422 3082 555 3146 thorum
577 3088 763 3164 cooptatur,
787 3082 906 3148 desinit
927 3105 997 3148 csse
1019 3084 1053 3148 id
1075 3082 1161 3166 qnod
1182 3082 1245 3148 dici
1266 3085 1394 3167 incipit:

422 3177 461 3232 ut
482 3167 656 3232 videantur
682 3190 724 3233 ex
741 3170 885 3251 professo
913 3170 998 3234 velle
1025 3191 1147 3234 munus
1179 3169 1288 3252 ipsum
1315 3170 1395 3234 abii-

423 3275 496 3318 cere
517 3274 618 3335 quum
639 3254 771 3318 titulum
793 3262 975 3319 assumunt
1018 3257 1082 3333 En,
1106 3277 1164 3320 cur
1185 3257 1396 3320 sacramentis

423 3340 604 3405 consecrari
626 3345 659 3403 et
676 3339 829 3421 spiritum
850 3348 1002 3406 sanctum
1024 3342 1169 3423 accipere
1186 3363 1318 3408 necesse
1336 3343 1396 3406 ha·

423 3424 535 3503 beant,
558 3446 676 3507 nempe
698 3434 735 3489 ut
754 3427 838 3490 nihil
860 3434 968 3509 agant.
1014 3425 1053 3492 si
1074 3436 1282 3508 praetexant,
1311 3429 1396 3493 hano

343 3565 349 3586 ,
422 3532 493 3576 esse
514 3521 698 3593 temporum
724 3513 987 3595 perversitatem,
1014 3512 1101 3594 quod
1133 3514 1316 3578 ministeria
1338 3534 1397 3578 sua

423 3596 579 3662 deserunt
601 3618 639 3662 ao
660 3597 845 3681 negligunt,
876 3597 973 3662 simul
996 3599 1159 3664 fateantur
1187 3599 1315 3663 nullum
1337 3600 1409 3663 h0-·

423 3681 475 3745 die
493 3703 563 3746 esse
580 3681 616 3765 in
634 3682 768 3748 ecclesia
786 3705 880 3748 usum
898 3704 959 3750 nea
976 3685 1119 3750 hactum
1136 3705 1303 3750 sacrorum
1321 3705 1396 3750 suo·

423 3788 499 3830 rum
519 3767 685 3847 ordinum,
709 3790 789 3851 quos
807 3770 944 3835 mirifice
966 3769 1206 3853 depraedicant,
1230 3780 1396 3854 totamque

424 3852 595 3917 eeclesiam
616 3876 712 3918 suam
733 3857 942 3920 anathemate
964 3856 1110 3938 plenam;
1132 3857 1396 3940 quandoquidem

423 3958 533 4003 cereos
545 3946 578 4002 et
595 3940 742 4004 urceolos
759 3962 779 4005 a
796 3943 906 4024 pueris
925 3951 959 4007 θῖ
976 3943 1120 4024 profanis
1138 3944 1306 4008 attrectari
1322 3965 1395 4026 per-

422 4023 543 4101 mittat,
562 4022 679 4107 quibus
696 4026 870 4109 tangendis
886 4028 970 4093 nulli
987 4027 1079 4111 digni
1097 4037 1174 4093 sunt
1191 4030 1256 4094 nisi
1272 4031 1308 4093 in
1324 4051 1397 4095 aeo-

422 4108 534 4173 luthos
555 4113 750 4190 consecrati,
771 4113 900 4195 quando
923 4115 1090 4180 cantiones
1109 4114 1149 4179 ad
1167 4137 1286 4198 pueros
1308 4115 1396 4180 able-

423 4202 494 4344 ἷθῖ,
515 4216 598 4277 quae
626 4197 690 4261 nisi
713 4196 753 4262 ab
774 4220 829 4262 ore
856 4208 1043 4265 consecrato
1070 4200 1179 4265 audiri
1204 4222 1272 4266 non
1299 4200 1396 4266 debe·
1426 4242 1433 4254 ·

445 4286 509 4344 ant.
554 4281 743 4348 Exercistas
764 4304 843 4350 vero
865 4285 899 4348 in
917 4305 1014 4368 quem
1036 4286 1169 4351 tandem
1197 4289 1297 4352 finem
1319 4309 1395 4353 con·

423 4366 574 4431 sacrant?
618 4367 726 4433 Audio
748 4369 878 4435 Iudaeis
905 4373 1005 4437 fuisse
1027 4393 1101 4437 suos
1123 4376 1315 4452 exorcistas;
1338 4373 1395 4437 sed

423 4453 463 4516 ab
491 4454 678 4520 exorcismis
711 4454 813 4520 dictos
840 4456 950 4536 video,
977 4477 1057 4539 quos
1080 4461 1277 4524 exercebant
1299 4458 1392 4544 (Act.

392 4568 397 4581 ·
426 4541 474 4615 19,
497 4537 559 4621 13).
604 4538 657 4603 De
678 4542 842 4606 ementitis
870 4543 942 4608 istis
964 4543 1133 4609 exorcistis
1154 4546 1226 4628 quis
1248 4565 1394 4629 unquam

422 4622 520 4686 fando
543 4623 668 4689 audivit
686 4625 773 4709 quod
789 4629 955 4711 specimen
971 4650 1076 4693 unum
1093 4650 1170 4695 suae
1188 4632 1394 4714 professionis

422 4707 605 4772 ediderint?
650 4711 804 4796 Pingitur
831 4715 897 4780 illis
927 4721 1068 4796 potestas
1104 4714 1181 4779 data
1205 4717 1394 4799 imponendi

392 4805 395 4809 ’
421 4815 541 4859 manus
558 4816 657 4877 super
674 4819 919 4882 energumenos,
940 4807 972 4865 et
989 4801 1248 4880 catechumenos,
1268 4811 1300 4866 et
1318 4802 1393 4868 dae-

422 4880 596 4958 moniacos,
620 4881 677 4946 sed
694 4884 753 4948 tali
770 4907 805 4949 εθ
822 4894 983 4968 potestate
1001 4888 1163 4969 praeditos
1182 4887 1393 4953 daemonibus

413 4963 619 5048 'persuadere
641 4989 707 5032 non
727 4981 873 5052 possunt,
896 4994 963 5035 non
985 4973 1079 5037 modo
1100 4975 1177 5056 quia
1198 4994 1312 5038 eorum
1331 4976 1393 5037 im·

421 5049 522 5132 pariis
548 5071 614 5113 non
642 5054 760 5119 cedunt
792 5057 979 5135 daemones,
1008 5058 1187 5125 sedetiam
1215 5060 1292 5143 quia
1312 5060 1393 5142 ipsis

421 5135 594 5217 imperant.
644 5138 712 5204 Vix
744 5144 832 5206 enim
866 5143 1030 5208 decimum
1057 5166 1217 5230 quemque
1249 5147 1393 5230 reperias

422 5222 477 5303 qni
499 5243 566 5285 non
588 5224 673 5288 malo
695 5228 813 5309 spiritu
835 5236 960 5312 agatur.
996 5228 1217 5315 Quaecunque
1234 5234 1336 5317 igitur
1353 5233 1393 5298 de

421 5307 592 5373 minutulis
613 5312 680 5376 suis
701 5312 867 5378 ordinibus
885 5314 1080 5393 balbutiunt,
1099 5320 1238 5383 conflata
1255 5327 1334 5384 sunt
1351 5342 1393 5384 ex

421 5391 545 5458 inscitis
574 5395 771 5480 insulsisque
789 5398 975 5464 mendaciis
1020 5400 1073 5465 De
1095 5402 1260 5468 veteribus
1282 5405 1392 5469 acolu-

421 5476 488 5542 this
506 5485 540 5543 et
557 5482 696 5547 ostiariis
714 5491 747 5548 et
769 5483 943 5549 lectoribus
965 5485 1042 5549 alibi
1064 5486 1187 5553 dictum
1209 5499 1272 5568 est,
1292 5512 1393 5573 quum

423 5563 576 5629 eeclesiae
597 5565 745 5633 ordinem
767 5590 1011 5651 exponeremus.
1050 5573 1152 5638 Nobis
1174 5572 1227 5638 hic
1248 5579 1394 5660 proposi·

423 5651 497 5745 tum
516 5660 566 5715 est
587 5650 747 5719 duntaxat
765 5675 914 5739 pugnare
931 5662 1045 5725 contra
1066 5661 1228 5725 novitium
1244 5661 1326 5728 illud
1343 5665 1395 5728 in-

1450 1625 1529 1690 alios
1561 1635 1686 1707 regant.
1700 1625 1725 1708 ¹)
1773 1624 1826 1690 De
1853 1627 1894 1690 iis
1921 1629 2008 1691 enim
2035 1629 2082 1693 sic
2110 1628 2254 1711 loquitur
2285 1631 2426 1697 Petrus:

1449 1732 1507 1777 vos
1529 1711 1607 1775 estis
1629 1731 1733 1793 genus
1766 1711 1920 1790 electum,
1944 1713 2054 1796 regale
2081 1715 2316 1796 sacerdotium,
2341 1739 2427 1800 gens

1449 1806 1578 1874 sancta,
1597 1796 1737 1878 populus
1764 1798 1984 1879 acquisitionis
2006 1798 2038 1882 (l
2059 1801 2149 1864 Petr.
2169 1806 2197 1879 2,
2217 1802 2261 1885 9).
2306 1803 2355 1866 At
2373 1824 2427 1868 sa·

1449 1882 1618 1965 crilegium
1645 1882 1722 1959 fuit,
1752 1882 1839 1964 quod
1867 1884 2039 1949 universae
2067 1886 2220 1951 ecclesiae
2256 1887 2441 1969 tribuitur,

1449 1968 1524 2032 solis
1547 1967 1609 2031 sibi
1631 1989 1801 2050 arrogare,
1823 1977 1857 2033 et
1878 1969 1973 2033 titulo
1996 1972 2137 2053 superbe
2163 1972 2297 2056 gloriari
2325 1996 2427 2057 quem

1448 2052 1599 2117 fidelibus
1620 2055 1876 2135 praeripuerant.
1917 2057 2038 2121 Petrus
2059 2065 2160 2122 totam
2183 2058 2354 2124 ecclesiam
2377 2062 2426 2125 al-

1448 2138 1607 2220 loquitur:
1630 2138 1685 2202 isti
1707 2138 1748 2203 ad
1769 2140 1923 2222 pauculos
1945 2163 2036 2207 rasos
2058 2142 2306 2226 detorquent;²)
2330 2148 2426 2227 quasi

1449 2225 1525 2289 solis
1554 2224 1619 2289 illis
1647 2222 1771 2289 dictum
1799 2226 1854 2303 sit,
1882 2229 1986 2292 sancti
2020 2236 2137 2309 estote;
2168 2231 2261 2312 quasi
2284 2231 2344 2295 soli
2374 2232 2425 2296 illi

1449 2311 1610 2393 sanguine
1639 2309 1765 2375 Christi
1793 2313 1940 2393 acquisiti
1969 2313 2051 2392 sint3
2079 2316 2172 2397 quasi
2200 2316 2261 2380 soli
2288 2317 2337 2380 illi
2363 2339 2425 2400 per

1449 2396 1622 2460 Christum
1653 2396 1730 2460 facti
1759 2397 1825 2460 sint
1857 2419 1995 2481 regnum
2023 2409 2057 2464 et
2090 2401 2307 2466 sacerdotium
2338 2404 2422 2469 Deo.

1448 2482 1629 2565 Assignant
1661 2480 1778 2546 deinde
1800 2491 1833 2546 et
1855 2483 1936 2548 alias
1953 2486 2108 2550 rationes:
2132 2488 2306 2551 summitas
2333 2490 2423 2572 capi·

1448 2568 1491 2632 tis
1509 2565 1710 2646 denudatur,
1733 2575 1770 2631 ut
1792 2589 1905 2633 eorum
1932 2591 2026 2636 mens
2043 2571 2084 2635 ad
2106 2571 2287 2637 Dominum
2319 2574 2425 2640 libera

1450 2652 1700 2730 demonstretur,
1724 2674 1807 2734 quae
1829 2655 1973 2721 revelata
1994 2657 2075 2720 facie
2096 2659 2161 2722 Dei
2182 2658 2323 2742 gloriam
2344 2682 2424 2725 con·

1449 2739 1638 2820 templetur;
1666 2738 1719 2803 vel
1741 2746 1779 2802 nt
1800 2741 1883 2805 vitia
1903 2743 1969 2806 oris
1991 2750 2024 2806 et
2045 2743 2215 2809 oculorum
2242 2744 2425 2810 doceantur

1448 2821 1678 2906 praecidenda;
1700 2824 1752 2888 vel
1774 2846 1891 2891 rasura
1908 2827 2023 2909 capitis
2043 2837 2094 2894 est
2114 2831 2344 2912 temporalium
2366 2832 2425 2896 de-

1448 2910 1580 2991 positi0;
1612 2909 1872 2976 circumferentia
1898 2934 1976 2979 vero
2003 2935 2140 2980 coronae
2166 2915 2321 2998 reliquiae
2342 2925 2424 2981 sunt

1449 2996 1609 3061 bonorum
1636 3016 1719 3077 quae
1741 2996 1783 3059 ad
1804 3000 2075 3064 sustentationem
2102 3003 2290 3066 retinentur.
2336 3000 2423 3067 Om-

1449 3083 1506 3144 nia
1527 3082 1562 3144 in
1584 3081 1711 3163 figuris:
1742 3082 1819 3162 quia
1846 3083 1970 3149 scilicet
1996 3085 2106 3151 velum
2131 3087 2246 3170 templi
2273 3085 2424 3152 nondum

1449 3168 1587 3232 scissum
1609 3165 1705 3251 est.⁸)
1732 3166 1848 3249 Itaque
1869 3173 2025 3250 persuasi,
2049 3194 2084 3236 se
2104 3173 2271 3254 praeclare
2287 3173 2423 3239 defune-

1449 3261 1499 3318 tos
1521 3274 1592 3317 esse
1609 3253 1677 3316 suis
1698 3254 1845 3334 partibus
1867 3255 1954 3336 quod
1975 3257 2055 3322 talia
2072 3280 2132 3340 per
2149 3280 2301 3324 coronam
2328 3279 2424 3323 suam

1448 3339 1672 3421 figuraverint,
1691 3338 1776 3402 nihil
1797 3360 1911 3404 eorum
1932 3344 2057 3424 reipsa
2077 3353 2255 3426 praestant.
2292 3342 2424 3424 Quous-
2484 3356 2487 3363 '

1449 3446 1512 3507 que
1533 3445 1593 3489 nos
1614 3423 1734 3488 talibus
1754 3425 1837 3490 fucis
1859 3434 1893 3489 et
1913 3429 2098 3513 praestigiis
2120 3429 2255 3494 ludent?
2301 3430 2424 3497 Clerici

1450 3509 1593 3574 detonsis
1614 3510 1737 3592 aliquot
1758 3511 1884 3592 capillis
1905 3513 2094 3597 significant
2117 3516 2348 3598 temporalium
2364 3517 2423 3582 bo-

1448 3617 1567 3660 norum
1589 3594 1825 3660 abundantiam
1846 3619 1881 3662 sc
1900 3599 2068 3678 abiecisse,
2098 3602 2236 3684 gloriam
2257 3601 2323 3666 Dei
2344 3623 2423 3666 eon-

1449 3682 1607 3764 templari,
1624 3681 1753 3744 aurium
1771 3682 2001 3767 oculorumque
2024 3687 2317 3770 concupiscentiam
2334 3709 2429 3751 mor--

1448 3768 1602 3831 tificasse:
1630 3771 1663 3829 αῖ
1691 3767 1819 3831 nullum
1845 3777 1896 3834 est
1923 3770 2095 3836 hominum
2124 3794 2227 3856 genus
2260 3774 2422 3855 rapacius,

1449 3852 1625 3936 stupidius,
1645 3850 1859 3919 libidinosius.
1901 3855 1971 3921 Cur
1991 3878 2059 3921 non
2076 3860 2181 3942 magis
2213 3861 2424 3924 sanctitatem

1450 3960 1526 4004 vere
1544 3938 1701 4003 exhibent
1721 3960 1821 4020 quam
1842 3940 1932 4006 falsis
1954 3944 2227 4026 mendacibusque
2249 3946 2355 4028 signis
2373 3946 2424 4028 ip-

1450 4027 1518 4090 sius
1540 4025 1680 4107 speciem
1703 4025 1880 4090 simulant?

1536 4116 1585 4175 26.
1630 4110 1749 4189 Porro,
1784 4133 1887 4194 quum
1919 4113 2032 4179 dicunt
2058 4135 2211 4180 coronam
2238 4116 2422 4182 clericalem

1449 4197 1569 4263 hahere
1595 4197 1756 4280 originem
1783 4219 1803 4261 a
1824 4199 2054 4284 Naaaraeis,⁴)
2083 4200 2312 4280 strationem,
2340 4201 2421 4283 quid

1449 4284 1538 4348 aliud
1560 4283 1713 4348 adferunt
1728 4304 1826 4365 quam
1847 4307 1907 4349 sua
1928 4287 2087 4369 mysteria
2109 4308 2129 4350 a
2149 4286 2285 4352 iudaicis
2309 4307 2420 4351 caere·

1446 4371 1565 4434 moniis
1576 4377 1656 4433 nata
1673 4390 1753 4446 esse,
1771 4370 1825 4434 vel
1842 4371 1950 4452 potius
1967 4392 2096 4436 merum
2113 4393 2184 4437 esse
2201 4371 2419 4437 iudaismum?
2477 4392 2482 4404 ·

1447 4453 1545 4535 Quod
1562 4466 1672 4519 autem
1690 4453 1824 4534 addunt,
1842 4457 2037 4537 Priscillam,
2059 4458 2211 4540 Acylam,
2229 4465 2260 4524 et
2275 4457 2422 4532 Paulum

1446 4542 1555 4624 ipsum
1586 4547 1735 4622 suscepto
1760 4551 1835 4606 voto
1857 4542 1918 4607 sibi
1937 4545 2055 4608 rasisse
2075 4552 2187 4626 caput,
2209 4553 2247 4610 ut
2266 4544 2423 4627 purifica·

1447 4636 1563 4692 rentur
1580 4628 1668 4711 (Act
1684 4630 1731 4705 18,
1754 4627 1817 4711 18),
1836 4649 1980 4693 crassam
1996 4650 2091 4695 suam
2107 4631 2328 4714 ignorantiam
2345 4651 2421 4713 pro-

1447 4712 1538 4778 dunt.
1591 4712 1761 4793 Nusquam
1794 4715 1881 4776 enim
1908 4714 2028 4799 legitur
2055 4713 2095 4780 de
2123 4717 2292 4796 Priscilla3
2316 4737 2354 4782 ac
2380 4715 2422 4779 de

1447 4799 1553 4884 Asyla
1566 4799 1666 4864 etiarn
1683 4798 1844 4861 incertum
1869 4809 1932 4879 est;
1956 4800 2116 4883 siquidem
2137 4810 2205 4867 tarn
2225 4802 2422 4868 adPaulum

1446 4885 1561 4950 referri
1590 4891 1698 4966 potest
1724 4890 1858 4948 tonsura
1891 4886 1948 4949 illa
1975 4909 2073 4969 quam
2102 4888 2145 4952 ad
2175 4888 2324 4973 Acylam.
2368 4888 2422 4952 Ne

1446 4992 1524 5035 vcro
1541 4971 1605 5034 illis
1632 4968 1855 5050 relinquamus
1882 4971 1968 5053 quod
1999 4981 2130 5055 petunt,
2155 4974 2344 5057 exemplum
2365 4994 2422 5038 ecs

1447 5054 1568 5120 habere
1600 5076 1620 5118 a
1651 5054 1773 5133 Paulo,
1807 5054 2048 5123 observandum
2076 5067 2126 5123 est
2158 5057 2420 5141 simplicioribus,

1445 5141 1588 5207 Paulum
1613 5162 1779 5224 nunquam
1813 5151 1909 5225 caput
1932 5145 1993 5209 sibi
2011 5143 2188 5210 totondisse
2210 5143 2253 5209 ad
2273 5145 2421 5211 sanctifi-

1446 5230 1606 5294 cationem
1628 5227 1860 5319 aliquam5=sed
1884 5228 2045 5295 duntaxat
2063 5238 2101 5294 ut
2118 5231 2258 5295 fratrum
2279 5231 2421 5297 infirmi·

1516 5542 1544 5601 1)
1564 5541 1627 5608 Cap.
1647 5539 1720 5605 dupl.
1740 5536 1782 5589 12.
1802 5543 1906 5604 quaest.
1927 5538 1949 5588 l.
2027 5536 2057 5602 2)
2076 5538 2149 5589 Libr.
2169 5535 2193 5589 4
2213 5537 2336 5591 Sentent
2356 5539 2420 5592 dist.

1447 5608 1490 5662 24.
1513 5625 1570 5676 cap.
1595 5609 1654 5658 lluo
1678 5616 1748 5658 sunt.
1853 5604 1883 5669 3)
1906 5606 1980 5659 Libr.
1998 5605 2023 5657 4.
2049 5606 2171 5660 Sentent.
2198 5605 2260 5658 dist.
2284 5606 2328 5660 24.
2353 5625 2376 5660 c.
2396 5608 2421 5662 1.

1446 5674 1477 5743 4)
1496 5676 1542 5730 Sic
1559 5691 1663 5746 quoque
1681 5691 1752 5728 neca
1769 5676 1896 5730 recensio.
