5600 6809
375 763 437 824 713
513 756 604 824 LIB.
627 759 691 824 m
735 761 800 824 DE
821 757 958 826 MODO
980 759 1330 827 PEROIPIENDAE
1353 759 1544 827 OHRIS'H
1565 760 1785 836 GRAmAE.
1831 760 1930 828 OAP.
1953 759 2089 826 xxm.
2112 760 2244 826 XXIV.
2321 767 2382 825 714

377 950 461 1014 soret
488 946 624 1013 ‘conatus
653 954 686 1011 et
712 948 822 1030 aliqua
849 948 1010 1014 voluntas.
1055 949 1132 1014 Non
1160 950 1249 1013 enim
1276 947 1355 1031 quid
1406 949 1569 1014 obsmrnm
1589 956 1651 1028 est,·
1672 951 1837 1016 elucescere
1853 951 1948 1015 etiam
1958 969 2111 1014 mennam
2127 949 2191 1014 Dei
2208 951 2384 1031 caeciliam,

378 1042 464 1100 esset
484 1035 520 1099 in
542 1034 674 1098 homine
697 1035 864 1115 reputavit
870 1058 878 1113 ;
905 1034 963 1099 sed
985 1056 1089 1117 quum
1110 1035 1239 1101 videret
1260 1055 1355 1117 quos·
1407 1036 1487 1115 qnod
1506 1035 1626 1114 hiabat
1650 1040 1721 1100 anm
1741 1037 1896 1115 vidiacum
1916 1035 2004 1100 modo
2021 1034 2075 1100 boc
2092 1036 2180 1100 aerbo
2196 1035 2277 1100 nibil
2293 1037 2385 1102 alind

379 1121 456 1186 dam
485 1121 601 1186 salutis
627 1126 756 1201 partem
778 1119 952 1184 hominum
972 1120 1154 1204 industriae
1177 1122 1354 1205 assignare,
1407 1121 1565 1204 intelligas
1585 1143 1680 1202 wem
1700 1123 1901 1203 comprobari
1921 1121 2004 1202 qood
2031 1122 2220 1204 incognitum
2247 1129 2330 1201 erat,
2356 1127 2386 1186 et

378 1208 570 1289 simpliciter
588 1226 701 1270 eorum
720 1225 865 1270 errorem
883 1204 1053 1270 damnavit
1070 1207 1178 1289 priore
1199 1205 1355 1284 membro,
1408 1207 1491 1272 celat
1516 1207 1622 1290 sigillo
1648 1209 1835 1291 tornacensi.
1881 1206 1943 1272 Sed
1967 1207 2052 1288 falso
2072 1208 2188 1272 dicitnr
2214 1208 2386 1273 electionem
2433 1242 2438 1251 .

379 1292 497 1357 deinde
536 1300 641 1356 totam
674 1291 790 1356 salutis
823 1312 985 1357 summam
1018 1291 1083 1355 Dei
1115 1291 1356 1356 misericordiae
1408 1298 1480 1356 tnnc
1507 1313 1572 1357 esce
1599 1293 1721 1358 cinnam
1745 1293 1899 1374 efficacem
1914 1298 2083 1375 postquam
2104 1293 2298 1377 moncellum
2319 1314 2386 1357 aen-

378 1376 574 1445 vendicavit.
608 1378 655 1441 Et
672 1377 750 1459 quid
769 1375 859 1441 aliud
876 1387 982 1461 agunt
998 1377 1176 1460 prophetae
1220 1398 1298 1442 uam
1319 1386 1357 1441 ut
1404 1379 1494 1460 pleat
1516 1399 1633 1457 menas,
1655 1400 1807 1461 mammae
1823 1380 1897 1445 inde
1913 1380 2049 1462 ciperem
2066 1400 2194 1444 samec.
2230 1378 2386 1444 windo

379 1465 560 1548 gratuitam
581 1462 646 1527 Dei
668 1464 870 1527 vocationem
892 1474 1049 1545 perpetuo
1072 1463 1190 1545 deprae
1217 1462 1322 1527 'cent‘l
1409 1465 1535 1546 quiden
1556 1465 1624 1528 eine
1645 1465 1718 1529 iride
1739 1465 1826 1530 nobis
1840 1466 1992 1546 petendo,
2014 1466 2092 1544 qnia
2113 1466 2142 1528 si
2164 1465 2207 1528 ad
2227 1470 2386 1529 mentam

467 1554 495 1614 2.
541 1549 596 1614 Ad
619 1549 700 1613 haec
721 1550 794 1630 ipsa
814 1568 944 1631 quoque
974 1549 1154 1614 vocationis
1187 1554 1304 1613 natara
1331 1553 1358 1612 et
1410 1550 1474 1614 Dei
1500 1551 1724 1615 ordinatiorem
1751 1557 1915 1632 peretrme
1940 1555 2103 1628 tentemur,
2130 1549 2293 1631 nefanda
2325 1550 2386 1616 illa

380 1636 579 1719 dispensatio
599 1634 771 1717 perspicue
792 1631 827 1696 id
849 1633 1068 1712 demonstrat,
1096 1655 1178 1716 quae
1202 1654 1265 1699 non
1291 1634 1359 1699 solo
1410 1636 1541 1717 abessen
1562 1656 1618 1700 nos
1640 1637 1850 1719 increpitabit.
1890 1636 1952 1701 Sed
1972 1636 2026 1699 nbi
2047 1656 2116 1700 eam
2136 1634 2223 1700 nobis
2238 1637 2386 1718 patefecit

380 1722 473 1788 verbi
505 1720 767 1804 praedicatione,
800 1719 855 1783 sed
888 1727 921 1783 et
952 1721 1085 1806 spiritns
1118 1720 1358 1784 illuminatione
1410 1718 1517 1799 Dencj
1544 1723 1643 1786 abins
1670 1722 1866 1787 corucerdere
1893 1726 2021 1802 oporte,
2049 1743 2088 1785 ne
2114 1722 2236 1802 effectus
2256 1741 2386 1786 caueam

380 1814 517 1873 constat.
563 1805 692 1886 Quibus
714 1805 831 1870 offerat
851 1804 990 1870 verbum
1012 1827 1111 1871 suum
1132 1805 1235 1883 Deus,
1258 1805 1358 1871 habe-
1410 1806 1528 1870 obruat
1576 1808 1659 1888 Qrcid
1689 1809 1771 1871 enirn
1801 1809 1906 1890 magis
1937 1806 2109 1872 wanden
2146 1813 2174 1871 et
2211 1809 2385 1890 indignam,

378 1916 454 1959 mus
477 1890 564 1975 apud
585 1891 781 1973 prophetam
809 1891 886 1974 (les.
909 1893 959 1969 65,
986 1890 1033 1973 1):
1061 1902 1210 1974 repertus
1237 1912 1312 1955 sum
1339 1912 1359 1956 a
1411 1913 1508 1975 mam
1529 1895 1687 1973 coeptare
1708 1894 1813 1958 dmeat
1831 1913 1889 1957 nos
1910 1913 1976 1958 esse
1996 1893 2198 1970 illuminatos,
2220 1894 2312 1957 noeti
2329 1913 2386 1957 nos

379 2000 448 2044 non
481 1975 713 2061 quaerentibus
746 1998 814 2056 me;
845 1976 956 2058 palam
989 1977 1127 2059 apparui
1155 1977 1195 2042 iis
1222 1978 1277 2059 qui
1304 1998 1358 2041 me
1400 1979 1502 2050 Deus
1532 1980 1635 2063 elegit,
1665 1979 1745 2042 lacis
1771 1978 1867 2042 baina
1891 1977 2012 2060 scalpam
2039 1978 2141 2043 cados
2168 1984 2288 2043 nostros
2313 2000 2387 2061 per·

379 2086 446 2129 non
467 2063 730 2147 interrogabant3
752 2062 873 2145 populo
894 2063 950 2144 qui
970 2083 1038 2126 non
1055 2064 1358 2129 invocavitnomen
1410 2066 1537 2148 anaqi,
1565 2070 1601 2128 nt
1628 2065 1781 2129 merdae
1807 2065 1851 2128 acl
1877 2062 2048 2134 electionem
2075 2064 2235 2129 recuset?
2278 2064 2386 2144 Neque

378 2171 492 2215 meum
516 2148 610 2225 'dixi,·
635 2169 708 2214 eece
735 2148 858 2214 adsum.
905 2150 955 2213 Aa
981 2169 1023 2213 ne
1045 2147 1159 2214 Iudaei
1181 2148 1223 2213 ad
1244 2158 1358 2232 gentes
1410 2150 1690 2231 intercalaribus,
1718 2149 2035 2214 etcertidesalate
2055 2155 2161 2214 nostra
2181 2150 2297 2228 amus,
2325 2150 2386 2214 ini-

378 2235 477 2301 modo
495 2255 568 2299 eam
587 2233 793 2299 clementiam
811 2234 976 2316 pertinere
993 2233 1161 2312 ducerent,
1179 2234 1259 2316 ipsis
1277 2255 1358 2317 quo·
1410 2237 1489 2300 tiam
1516 2258 1537 2300 a
1563 2235 1652 2301 verbo
1676 2236 1749 2316 fieri
1774 2234 1893 2312 dcere,
1920 2255 2013 2315 eoque
2038 2233 2314 2314 deberefidaciam
2334 2255 2387 2300 no·

379 2342 442 2404 que
463 2323 498 2385 in
521 2320 714 2385 memoriam
735 2317 863 2384 reducit
883 2319 972 2384 unde
994 2321 1207 2403 assumpserit
1231 2328 1359 2402 patrem
1410 2326 1509 2386 stram
1542 2343 1606 2388 esse
1644 2325 1813 2387 cadmiam
1843 2326 1879 2383 nt
1909 2319 2174 2402 Dennpatrem
2211 2322 2387 2386 inoooemne

380 2428 495 2472 eorum
512 2405 691 2483 Abraham,
713 2426 816 2487 quum
832 2405 942 2489 ipsum
963 2405 1027 2470 sibi
1047 2405 1221 2471 conciliare
1243 2405 1358 2489 digna-
1411 2408 1525 2492 (Deut.
1547 2411 1596 2485 30,
1619 2409 1682 2490 14).
1728 2405 1931 2487 Praepoatere
1951 2406 2034 2470 enim
2056 2407 2187 2488 qnidam
2207 2412 2243 2469 nt
2261 2407 2299 2471 dc
2319 2427 2389 2472 cort-

380 2502 435 2557 tus
458 2500 524 2570 est;
547 2493 705 2555 nimirum
727 2512 769 2555 ex
790 2491 900 2556 media
921 2490 1115 2570 idololatria,
1138 2492 1173 2556 in
1195 2513 1261 2574 qua
1283 2511 1359 2556 curn
1410 2493 1484 2558 silio
1505 2493 1570 2559 Dei
1599 2494 1695 2575 (qnod
1720 2491 1807 2555 nobis
1829 2512 1931 2575 prope
1951 2493 2054 2556 estin
2074 2510 2126 2556 ore
2147 2496 2174 2561 et
2194 2490 2298 2577 erae)
2324 2513 2387 2558 cer·

380 2578 450 2644 suis
472 2575 623 2643 omnibus
645 2576 813 2641 demersus
836 2584 907 2641 erat
928 2575 1006 2659 (Ios.
1025 2579 1077 2655 24,
1098 2577 1141 2663 3).
1181 2577 1286 2641 Verbi
1307 2577 1359 2641 sui
1410 2580 1504 2642 tiores
1524 2580 1704 2654 reddentia,
1729 2598 1829 2658 snpra
1850 2578 1946 2642 nnbm
1965 2577 2094 2642 editore
2115 2577 2251 2656 metunt.
2297 2576 2387 2642 Cabi-

379 2664 452 2730 luce
481 2663 561 2727 dum
588 2662 835 2727 immerentibus
861 2663 1006 2745 primum
1033 2661 1185 2747 affulget,
1216 2683 1254 2726 eo
1284 2683 1358 2746 gra-
1410 2665 1510 2729 baeda
1530 2666 1630 2748 igetur
1651 2668 1696 2727 est
1715 2663 1776 2727 illa
1792 2665 1950 2728 maenae
1966 2662 2128 2727 sobmdate
2141 2662 2224 2743 fidei,
2246 2668 2282 2737 nt
2298 2663 2388 2729 Dae

380 2751 482 2814 tuitac
504 2749 659 2813 bonitatis
681 2769 760 2813 suae
781 2749 946 2830 specimen
968 2749 1048 2812 satis
1070 2748 1275 2814 luculentum
1301 2769 1358 2812 ex·
1410 2750 1542 2814 occultae
1568 2770 1645 2814 snae
1668 2750 1791 2831 gratiae
1817 2749 1905 2814 nobit
1930 2750 2017 2813 aaa
2036 2748 2175 2830 aaffinat
2203 2749 2239 2812 in
2265 2754 2388 2813 externo

380 2834 479 2900 hibet.
514 2834 578 2898 Hic
600 2854 671 2916 erqo
693 2835 760 2897 iant
781 2853 814 2898 se
834 2836 953 2898 exserit¹
970 2835 1122 2899 immersa
1143 2834 1208 2900 Dei
1230 2833 1357 2912 emitae
1410 2835 1516 2913 cerba,
1538 2837 1627 2900 modo
1648 2855 1687 2898 ne
1707 2835 1859 2915 impediat
1879 2834 2010 2912 canalis,
2031 2855 2070 2898 ee
2090 2854 2150 2915 qno
2173 2835 2260 2918 large
2281 2833 2325 2898 acl
2344 2832 2389 2897 bi·

378 2923 433 2986 sed
460 2940 523 2984 non
551 2920 695 2984 omnbus
728 2921 764 2983 in
793 2920 941 2984 salutem:
973 2922 1049 3001 qnia
1082 2919 1226 3002 reprobos
1255 2925 1360 2984 manet
1410 2920 1543 2986 imam
1563 2921 1652 2984 nobis
1672 2941 1756 3001 aqua
1772 2921 1910 3001 prolicit,
1931 2921 2097 3000 quantinus
2118 2921 2274 3002 scatanpo
2294 2939 2389 2984 mam

376 3008 510 3090 marnas
531 3006 695 3083 inclinum,
719 3007 801 3085 qnod
822 3006 1030 3071 testimonum
1047 3007 1166 3071 amoris
1182 3004 1247 3070 Dei
1267 3025 1359 3086 repa-
1410 3007 1553 3072 bonnam
1574 3006 1712 3072 oblimat.

377 3094 471 3158 dent.
516 3091 621 3172 Atque
647 3092 742 3156 etiarn
763 3090 867 3169 Dens,
897 3091 1107 3157 illustrandae
1133 3092 1256 3175 gloriae
1282 3111 1359 3155 snae
1496 3099 1525 3156 4.
1561 3091 1648 3175 Ergo
1665 3099 1704 3156 ut
1722 3110 1891 3174 perperam
1910 3092 2037 3157 faciunt
2058 3092 2113 3173 qui
2130 3090 2297 3156 electionis
2319 3093 2389 3156 vim

378 3199 486 3255 caasa,
509 3179 646 3258 spiritns
667 3177 720 3241 eni
741 3175 915 3257 efficaciam
937 3178 975 3241 ab
996 3178 1063 3242 illie
1084 3177 1235 3241 subducit.
1276 3176 1360 3241 Inte-
1411 3177 1616 3262 suspendunt
1633 3199 1653 3242 a
1669 3177 1735 3242 fide
1756 3177 1926 3261 evangelii,
1949 3177 2045 3260 qua¹)
2067 3176 2158 3241 illam
2179 3178 2222 3242 ad
2242 3197 2299 3241 nos
2319 3197 2387 3241 serr·

377 3266 447 3329 rior
465 3265 562 3346 igitar
578 3262 651 3326 baec
672 3263 789 3327 coemto
804 3264 926 3345 plcans
946 3266 992 3326 est
1013 3263 1128 3328 salutis
1149 3262 1230 3343 qnod
1247 3263 1359 3342 fallere
1410 3267 1507 3330 timeas
1527 3265 1696 3346 pertinere,
1725 3264 1773 3326 ita
1798 3264 1959 3346 optimum
1980 3261 2165 3326 tenebimus
2186 3262 2335 3327 ordinem
2356 3265 2385 3328 si

377 3370 439 3414 non
452 3353 560 3430 petest.
586 3349 652 3429 Quo
662 3348 797 3429 pertinet
814 3348 898 3414 illud
916 3348 1049 3413 Ioannis
1067 3348 1099 3431 (l
1114 3347 1228 3412 Ioann.
1243 3351 1271 3426 3,
1285 3346 1358 3432 24):
1409 3351 1446 3415 in
1472 3350 1659 3433 quaerenda
1685 3349 2010 3420 electionisnostrae
2039 3346 2251 3427 certitudine,
2280 3349 2316 3412 in
2342 3348 2384 3421 iis

377 3436 450 3500 inde
478 3435 674 3518 agnoscimus
700 3454 756 3498 nos
777 3455 843 3498 esse
863 3435 932 3498 eins
950 3435 1050 3516 filma,
1072 3455 1111 3499 ee
1132 3433 1248 3515 ophite
1268 3452 1358 3514 quern
1410 3439 1514 3521 signis
1535 3435 1784 3519 posterioribus,
1807 3455 1891 3518 quae
1912 3442 1990 3498 sunt
2010 3441 2118 3499 certae
2139 3434 2210 3498 eius
2230 3435 2385 3499 testifica-

376 3522 462 3587 deae
482 3519 577 3585 nobis.
621 3520 671 3584 Ac
697 3541 739 3584 ne
768 3521 925 3605 glorietur
952 3541 1028 3586 caro
1055 3518 1141 3603 quod
1168 3520 1297 3584 vocanti
1324 3525 1359 3584 et
1409 3525 1524 3602 hones,
1547 3523 1749 3587 haereamus.
1783 3521 1886 3585 Nulla
1907 3521 2087 3585 tentatione
2104 3519 2158 3585 vel
2176 3520 2309 3604 gravim
2330 3519 2385 3584 vel

378 3606 465 3671 ultro
488 3628 523 3672 se
545 3607 696 3671 offerenti
718 3606 836 3672 saltem
857 3606 1079 3690 responderit,
1106 3605 1214 3672 nullas
1237 3604 1278 3668 ad
1300 3625 1358 3670 au·
1409 3608 1625 3693 periculosius
1646 3607 1759 3673 fideles
1780 3606 1930 3690 percellit
1951 3614 2055 3691 satan,
2078 3626 2176 3687 quam
2198 3604 2277 3669 dum
2297 3606 2386 3688 ipsos

379 3691 534 3765 diendum
556 3714 627 3758 esee
650 3713 759 3770 eures,
782 3693 890 3758 nullos
914 3693 956 3758 ad
977 3691 1157 3757 Videndum
1178 3690 1287 3757 oeulos
1309 3691 1358 3756 af·
1410 3717 1489 3762 suae
1510 3694 1678 3761 electionis
1700 3693 1903 3758 dubitatione
1924 3693 2125 3774 inquietans,
2155 3691 2254 3756 simul
2282 3712 2386 3774 prava

378 3781 503 3864 firmat,
537 3779 603 3843 nisi
628 3798 709 3860 quos
737 3780 807 3861 ipse
833 3780 954 3844 fecerit.
999 3779 1124 3843 Facere
1152 3785 1261 3842 autem
1290 3797 1358 3843 non
1410 3782 1481 3847 eius
1515 3788 1610 3845 extra
1642 3780 1733 3844 viam
1764 3778 1979 3862 inquirendae
2010 3777 2188 3861 cupiditate
2222 3776 2384 3842 sollicitat.

379 3863 558 3928 secundum
579 3864 735 3945 cuiusque
757 3864 1008 3946 gratitudinem,
1033 3864 1089 3929 sed
1111 3885 1171 3946 pro
1193 3884 1252 3928 sua
1274 3863 1357 3929 eleo·
1409 3869 1517 3933 Extra
1537 3868 1627 3931 viam
1648 3866 1811 3947 inquirere
1832 3885 1928 3942 voco,
1955 3863 2011 3932 ubi
2037 3864 2074 3927 in
2101 3862 2228 3928 abditos
2256 3862 2386 3928 divinae
2440 3891 2442 3895 ·

380 3951 477 4013 tione.
533 3949 636 4013 Cuius
669 3949 717 4012 rei
750 3941 881 4033 insigne
914 3950 1015 4015 habes
1048 3950 1236 4031 exemplum
1269 3948 1357 4032 apud
1410 3953 1589 4036 sapientiae
1615 3971 1763 4015 recessus
1789 3970 2002 4032 perrumpere
2030 3949 2204 4015 homuncio
2237 3955 2385 4026 conatur,
2426 4012 2428 4017 .

379 4035 506 4099 Lucam
535 4035 623 4118 (Act.
651 4038 699 4111 13,
722 4032 796 4117 48),
825 4035 881 4100 ubi
902 4036 1002 4100 Pauli
1023 4044 1057 4100 et
1077 4035 1252 4100 Barnabae
1279 4056 1357 4101 con·
1410 4047 1452 4116 et,
1475 4060 1539 4123 quo
1566 4036 1730 4120 intelligat
1756 4033 1834 4118 quid
1862 4036 1902 4099 de
1930 4055 1965 4099 so
1992 4036 2036 4100 sit
2062 4035 2277 4100 constitutum
2299 4031 2387 4117 apud

378 4121 506 4186 cionem
535 4118 673 4184 audiunt
695 4121 911 4184 communiter
932 4118 1102 4189 Iudaei'et
1123 4127 1245 4203 gentes.
1291 4121 1357 4184 Eo·
1409 4126 1474 4189 Dei
1496 4123 1656 4199 tribunal,
1680 4121 1721 4185 ad
1744 4142 1931 4204 supremam
1954 4141 2058 4202 usqne
2071 4122 2308 4186 aeternitatem
2329 4141 2386 4201 pe-

378 4206 454 4271 dem
477 4213 547 4269 turn
569 4203 670 4269 verbo
692 4226 794 4287 quum
818 4203 922 4271 edocti
943 4215 1052 4270 essent
1073 4226 1195 4284 omnes,
1218 4226 1357 4270 narran-
1408 4219 1548 4275 netrare.
1594 4210 1688 4273 Tunc
1721 4208 1810 4273 enim
1843 4229 1877 4271 se
1910 4208 1948 4270 in
1977 4205 2180 4289 profundum
2206 4205 2386 4268 immensae

377 4301 432 4356 tur
450 4291 626 4358 credidisse
645 4292 700 4373 qui
719 4290 761 4355 ad
778 4291 881 4356 vitam
901 4301 1068 4356 aeternam
1090 4302 1185 4355 erent
1206 4289 1355 4355 ordinati·
1408 4296 1575 4379 voraginis
1597 4293 1837 4360 absorbendum
1858 4293 2052 4376 praecipitat
2058 4315 2067 4370 ;
2094 4300 2175 4355 tunc
2201 4289 2385 4353 innumeris

377 4376 455 4459 Qua
476 4379 584 4443 fronte
606 4376 785 4459 gratuitam
808 4397 879 4442 esse
900 4378 1105 4441 vocationem
1126 4397 1298 4458 negemus,
1321 4378 1357 4442 in
1409 4391 1507 4464 atque
1528 4379 1812 4463 inexplicabilibus
1834 4379 1958 4463 laqueis
1976 4401 2010 4444 se
2028 4377 2152 4456 induit3
2173 4382 2253 4439 tuno
2271 4392 2385 4438 meae

377 4484 443 4545 qua
471 4463 513 4528 ad
541 4463 692 4528 ultimam
714 4483 817 4545 usque
838 4469 966 4545 partam
989 4462 1058 4528 sola
1080 4471 1197 4545 regnat
1218 4462 1354 4527 electio?
1409 4468 1559 4551 caliginis
1581 4466 1698 4552 abysso
1720 4488 1755 4533 se
1778 4465 1937 4531 adobruit.
1984 4462 2040 4529 Sic
2063 4464 2151 4526 enim
2173 4479 2313 4542 aequum
2333 4468 2385 4523 est

465 4552 492 4612 3.
544 4551 569 4633 ¹)
581 4549 656 4615 Deo
678 4554 781 4614 canen
802 4569 923 4614 errores
943 4548 993 4612 bic
1013 4550 1140 4613 mandi
1165 4554 1254 4612 caret:
1281 4551 1357 4629 qaia
1408 4553 1558 4618 horribili
1586 4553 1684 4618 ruina
1710 4552 1834 4636 ingenii
1863 4551 2001 4617 humani
2025 4545 2240 4612 stoliditatem
2261 4544 2382 4626 puniri,

378 4635 522 4697 nonnulli
540 4637 754 4715 cooperarium
771 4635 839 4701 Deo
858 4636 982 4716 faciunt
1001 4634 1163 4712 bominem,
1186 4639 1221 4698 ut
1241 4637 1357 4715 antlia-
1408 4639 1465 4704 ubi
1493 4648 1609 4722 suopte
1636 4649 1743 4704 marte
1772 4658 1943 4720 assurgere
1972 4633 2014 4698 ad
2042 4631 2175 4696 divinae
2204 4629 2384 4712 sapientiae

376 4720 958 4888 millitia-illie
979 4721 1356 4886 incedentes
1407 4716 2174 4887 tli‘uffintletfllhlttttiiithtlt
2192 4715 2295 4866 stt
2309 4724 2385 4867 a

1108 4855 1115 4870 ·
1469 4835 1497 4891 0,
1542 4835 1564 4877 u

377 4891 538 4970 scriptura
560 4891 664 4954 doceat
684 4897 803 4956 tantam
830 4893 918 4958 nobis
948 4894 1023 4958 dari
1050 4898 1086 4958 nt
1112 4893 1232 4958 eccae
1253 4894 1356 4973 possi
1408 4835 1541 4963 οιῑιιιιθιιῗ1
1574 4899 1777 4963 Rarissimus
1805 4893 1894 4956 enim
1922 4899 1973 4954 est
2001 4888 2093 4952 cuius
2121 4909 2188 4952 non
2216 4887 2384 4952 interdum

377 4996 462 5052 neae,
497 4994 534 5038 ac
562 4994 623 5038 raon
644 4979 753 5055 potins
776 4979 871 5058 fidem
897 4982 1011 5062 ipsane.
1055 4979 1141 5058 Alii,
1175 4999 1355 5060 quanquam
1408 4986 1539 5049 animus
1573 4985 1635 5048 hac
1668 4980 1862 5065 cogitatione
1894 4976 2049 5041 feriatur:
2083 4973 2171 5039 unde
2203 4973 2265 5038 tibi
2296 4974 2384 5039 salus

377 5082 440 5125 own
461 5063 509 5125 ita
530 5066 676 5123 manant
695 5063 833 5143 qratiam
855 5066 989 5143 spirens
1005 5067 1115 5144 sancti,
1137 5067 1237 5130 neseio
1254 5070 1356 5130 amen
1407 5072 1472 5136 nisi
1499 5092 1541 5134 ex
1568 5068 1632 5133 Dei
1667 5062 1843 5131 electione?
1877 5061 2045 5128 electionis
2078 5081 2176 5143 porro
2208 5081 2292 5142 quae
2323 5059 2383 5124 tibi
2474 5090 2478 5097 ·

378 5168 441 5228 lua
462 5148 582 5211 wilm
604 5145 723 5209 indulti
744 5147 916 5211 electionem
933 5152 1356 5231 acemanecestriae:
1407 5155 1588 5223 revelatio?
1626 5153 1720 5233 Quae
1742 5151 1770 5213 si
1792 5148 1879 5232 apud
1901 5146 2089 5231 quempiam
2111 5145 2213 5212 semel
2233 5144 2382 5223 invaluit,

378 5235 473 5315 lum
500 5232 598 5297 (lulla
626 5236 704 5296 3⁸³0?
732 5236 822 5311 “ltue
850 5233 945 5297 ellam
975 5235 1138 5315 inefficax,
1171 5236 1264 5300 (lm
1293 5236 1356 5317 fide
1408 5252 1466 5309 aut
1487 5241 1567 5307 diris
1586 5237 1758 5303 tormentis
1774 5234 1931 5299 miserum
1950 5241 2107 5317 perpetuo
2125 5233 2302 5308 excruciat,
2324 5238 2384 5293 aut

378 5321 581 5401 wilmus·
625 5315 782 5398 thltltm
803 5315 991 5397 wlmari,
1014 5320 1116 5400 quoad
1136 5341 1206 5399 noc,
1228 5322 1356 5387 minime
1407 5329 1516 5394 reddit
1536 5325 1669 5409 penitus
1696 5320 1884 5385 attonitum.
1928 5320 2030 5385 Nullo
2057 5339 2137 5385 sane
2163 5318 2301 5383 certiore
2329 5336 2383 5380 ar·

378 5404 582 5502 fig.-.
1080 5436 1083 5440 ’
1409 5419 1563 5497 gumento
1582 5410 1776 5474 confirmare
1795 5406 1896 5472 velim
1918 5413 2042 5489 quanta
2061 5405 2226 5488 pravitate
2246 5400 2382 5484 praede-

376 5695 391 5732 c
419 5610 500 5732 ,ἂν
509 5609 596 5743 {ahl
612 5610 714 5744 'eptem
729 5610 903 5678 attingantur
929 5608 1010 5662 mam
1037 5609 1068 5661 in
1094 5607 1157 5661 edit
1182 5603 1357 5676 praecedente
1410 5588 1453 5594 μ’
1478 5682 1507 5745 1)
1528 5683 1576 5734 Ed
1601 5681 1669 5734 1654
1735 5682 1759 5734 k
1828 5683 1833 5693 .

393 5718 399 5730 .
497 5719 503 5731 .
537 5717 542 5729 .
715 5721 721 5734 .
1576 5723 1582 5734 .
1689 5698 1733 5734 ma
1763 5699 1859 5750 :qma
