5600 6809
393 743 454 810 sel
652 800 654 805 .
1030 739 1297 808 INSTITUTIO
1319 740 1425 806 REL.
1449 735 1632 806 eumer.
1658 744 1749 804 1559.
2334 740 2394 802 632

393 938 492 999 metus
510 933 587 1012 ipse.
631 930 699 994 Hoc
725 936 827 995 tamen
854 930 889 994 in
916 929 1135 1012 spiritualibus
1158 927 1280 1013 nulius:
1301 929 1370 993 dcet
1421 948 1483 1010 que
1505 933 1556 992 est
1577 928 1811 1006 sanctissimus,
1837 929 1884 993 ita
1906 948 2007 1010 quum
2029 928 2065 991 in
2086 927 2222 991 Domini
2244 945 2398 1008 conspec-

393 1036 576 1101 ceynoscere.
622 1016 751 1097 uuum
777 1017 873 1082 enirn
887 1021 930 1080 tot
950 1021 1091 1096 peccata,
1120 1034 1253 1096 acumem
1281 1013 1369 1078 nobis
1420 1021 1492 1076 tum
1513 1013 1631 1095 prodit,
1656 1013 1836 1096 plurimum
1857 1014 2084 1096 prosternitur.
2129 1010 2186 1077 Sic
2209 1011 2329 1077 Daniel
2351 1010 2397 1096 (9,

393 1123 504 1169 annus
524 1102 646 1180 conscii,
668 1122 724 1165 nos
740 1122 864 1166 secures
884 1122 1005 1166 cessare
1021 1102 1131 1179 sinent,
1152 1101 1229 1181 quin
1250 1099 1370 1180 suppli·
1425 1098 1488 1182 18),
1511 1120 1609 1181 quem
1629 1106 1722 1163 tante
1742 1098 1847 1183 elogio
1864 1098 2028 1164 Dominus
2049 1099 2119 1180 ipse
2140 1097 2397 1163 commendavit:

394 1189 470 1256 citer
487 1192 516 1252 et
532 1188 656 1270 scalpam
673 1192 850 1270 etpcenam
867 1186 1087 1267 deprecemur?
1134 1185 1263 1267 Quando
1284 1185 1370 1249 nobis
1423 1204 1490 1249 non
1511 1186 1548 1248 in
1571 1185 1706 1250 iustitiis
1727 1186 1858 1264 nostris,
1886 1184 2023 1264 dicebat,
2045 1205 2156 1249 coram
2177 1194 2209 1248 te
2230 1182 2399 1253 fundimus

395 1273 576 1339 tentationes
596 1274 743 1337 inducias
764 1273 936 1350 concedunt,
958 1273 1036 1352 quin
1057 1272 1100 1335 ad
1121 1270 1281 1336 ancilium
1295 1290 1371 1352 pra-
1423 1291 1544 1353 preces,
1568 1270 1625 1335 sed
1648 1272 1683 1333 in
1701 1270 1929 1336 misericordiis
1946 1270 2013 1335 tuis
2030 1270 2174 1353 magnis;
2197 1269 2315 1334 exaudi
2337 1289 2399 1333 nos

392 1358 563 1442 pereum?
602 1359 657 1423 Ad
676 1359 749 1423 baec
770 1359 857 1440 repni
878 1358 943 1423 Dei
962 1362 990 1421 et
1009 1358 1130 1440 pieriae
1150 1355 1290 1421 studium
1310 1376 1372 1419 nou
1423 1356 1581 1433 Domine,
1602 1356 1746 1421 Domine
1766 1357 1926 1439 propitius
1948 1356 1993 1421 sis
2014 1356 2121 1434 nobis,
2144 1354 2264 1419 exaudi
2286 1377 2345 1419 nos
2365 1363 2401 1418 et

393 1465 451 1528 per
472 1444 648 1522 interualla,
670 1445 725 1509 sed
744 1443 872 1509 assidue
888 1463 945 1507 nas
965 1464 1076 1523 rapere
1098 1444 1140 1507 ad
1159 1463 1192 1506 se
1213 1443 1259 1505 ita
1280 1440 1371 1519 debet,
1423 1442 1475 1506 fac
1504 1462 1587 1523 quae
1621 1442 1763 1524 petimus
1795 1449 1931 1525 propter
1968 1442 2196 1523 temetipsum,
2237 1440 2314 1523 quia
2347 1443 2400 1503 in-

396 1536 433 1595 ut
453 1531 559 1596 eadem
580 1548 697 1610 semper
718 1550 774 1593 nos
794 1534 918 1592 maneat
938 1529 1159 1610 opportunitas.
1204 1526 1290 1609 Erpa
1311 1546 1373 1591 non
1424 1535 1576 1592 vocatum
1603 1536 1653 1591 est
1678 1549 1798 1592 nomen
1826 1536 1922 1592 tuum
1949 1526 2047 1609 super
2068 1526 2229 1609 populum
2249 1535 2346 1590 tuum
2367 1534 2402 1590 et

395 1615 615 1699 frustratcties
626 1616 712 1678 nabis
723 1615 923 1694 praecipitur
938 1615 1052 1678 orandi
1068 1614 1251 1679 assiduitas.
1287 1611 1374 1676 Nen-
1425 1633 1525 1695 super
1556 1612 1664 1678 locum
1697 1620 1847 1678 sanetum
1877 1621 1980 1677 tuum.
2034 1612 2143 1693 Neque
2173 1631 2243 1675 vcro
2274 1612 2402 1692 obliqua

398 1703 475 1766 dum
495 1701 531 1764 de
547 1701 781 1779 perseuerantia
801 1700 915 1781 loquor,
938 1701 1028 1763 cuius
1044 1704 1155 1782 postea
1173 1699 1225 1780 feet
1244 1698 1372 1775 mentia·
1423 1698 1544 1781 lipara,
1571 1703 1607 1761 ut
1636 1699 1709 1780 fieri
1728 1700 1816 1777 solet,
1845 1700 1938 1781 quasi
1959 1718 2044 1762 unus
2065 1719 2081 1762 e
2102 1697 2273 1780 populosa
2294 1697 2403 1762 turbae

398 1789 453 1853 sed
474 1787 633 1867 scriptura
658 1786 785 1850 assidue
811 1786 966 1849 orarulum
993 1786 1174 1863 admoturus,
1201 1783 1374 1849 socordiam
1421 1784 1600 1866 permiscet,
1628 1785 1706 1866 quin
1726 1786 1835 1866 potius
1861 1793 2001 1849 'seorsum
2025 1789 2147 1849 reatum
2165 1783 2302 1864 fatam,
2329 1804 2404 1863 sup-

399 1877 538 1938 ncstram
559 1872 711 1953 coarpuit,
737 1871 814 1951 quia
835 1872 1066 1935 consentimus
1085 1891 1179 1951 quam
1199 1869 1374 1934 necessaria
1421 1872 1555 1952 piaeque
1574 1871 1618 1935 ad
1638 1871 1746 1935 ueniae
1766 1869 1890 1951 asylum
1910 1869 2062 1952 centupla
2083 1870 2178 1934 denti
2197 1868 2312 1933 duale
2327 1890 2404 1949 prc-

399 1960 440 2023 sit
465 1957 554 2021 ciebis
580 1955 653 2021 baec
679 1977 755 2021 acra
783 1961 811 2021 et
835 1956 995 2022 sedulitas.
1037 1956 1111 2021 Hac
1133 1955 1250 2040 regula
1270 1955 1374 2039 hypo-
1426 1957 1567 2019 nuntiat:
1587 1976 1682 2037 quum
1703 1976 1756 2039 epa
1776 1956 1932 2037 centanis
1953 1976 2049 2020 asem
2063 1959 2192 2036 pauca
2212 1975 2282 2018 mea
2303 1960 2404 2035 etpa

400 2043 492 2109 crisis
511 2049 543 2106 et
560 2042 632 2107 Deo
650 2040 829 2105 mentiendi
847 2040 1006 2106 calliditas
1024 2041 1063 2104 ab
1081 2043 1225 2106 oratione
1244 2046 1374 2117 arcetur,
1423 2042 1498 2123 puli
1516 2042 1585 2106 mei.
1620 2041 1714 2105 Hanc
1730 2061 1849 2122 quoque
1865 2040 2072 2106 bumilitatem
2088 2061 2144 2105 suco
2162 2040 2297 2120 eaernpio
2308 2061 2405 2121 prae-

400 2131 464 2194 imo
491 2130 578 2210 lonpe
599 2127 749 2211 abigitur.
794 2127 965 2191 Promittis
986 2128 1077 2192 Deus
1098 2148 1133 2191 se
1154 2126 1376 2209 propinquum
1429 2127 1537 2192 scribit
1564 2127 1672 2191 Dauid
1700 2126 1802 2210 (Psal.
1825 2130 1894 2204 143,
1921 2125 1973 2210 2).·
1999 2147 2037 2191 ne
2062 2128 2161 2190 intras
2186 2127 2223 2190 in
2248 2126 2431 2194 indutum.

400 2216 469 2280 fore
492 2212 643 2277 omnibus
664 2212 719 2295 qui
746 2213 972 2277 invocaverint
999 2234 1074 2276 eum
1100 2215 1137 2276 in
1163 2213 1317 2289 verimte,
1344 2217 1378 2274 et
1429 2233 1501 2277 eum
1527 2232 1613 2277 serm
1639 2217 1709 2293 tuo,-
1740 2213 1817 2293 quia
1844 2233 1906 2277 non
1932 2211 2155 2292 iustificabitur
2183 2213 2219 2275 in
2245 2216 2404 2293 maspedu

401 2301 594 2366 inventuros
616 2298 788 2363 denuntiat
809 2298 865 2380 qui
886 2299 1086 2380 quaesierint
1113 2299 1148 2361 in
1176 2306 1243 2362 toto
1271 2295 1375 2360 eorde.
1429 2304 1481 2362 tuo
1502 2300 1604 2363 munis
1624 2299 1738 2362 aivam
1782 2297 1855 2361 Tali
1880 2298 1986 2362 forma
2012 2306 2165 2380 precatur
2190 2297 2313 2363 Iesaias
2335 2297 2403 2380 (64,

402 2385 451 2450 Εο
472 2387 602 2449 minime
623 2385 768 2465 aspirant
788 2385 843 2465 qui
864 2384 925 2448 sibi
940 2385 1067 2465 placent
1084 2385 1119 2448 in
1138 2385 1207 2447 suis
1224 2382 1376 2447 sardibus.
1432 2385 1480 2468 5):
1511 2405 1585 2449 ecce
1606 2391 1644 2447 tu
1666 2384 1769 2447 iratus
1791 2405 1826 2448 es
1847 2385 1925 2465 quia
1946 2384 2167 2465 peccavimus3
2196 2384 2231 2447 in
2252 2384 2316 2448 riis
2338 2383 2404 2448 tuis

402 2470 513 2552 itaque
539 2471 761 2551 poeniteutiam
792 2469 930 2552 lepitima
961 2471 1059 2533 aratio
1086 2469 1231 2548 postulat.
1291 2467 1378 2532 Unde
1427 2470 1600 2551 tundalum
1619 2476 1670 2534 est
1691 2469 1867 2546 saeculum,
1890 2469 1962 2535 ideo
1984 2470 2201 2548 servabimur3
2224 2477 2258 2532 et
2282 2469 2404 2533 fuimus

401 2557 484 2622 iliud
506 2558 615 2619 tritum
637 2557 670 2618 in
692 2556 869 2635 scripturis,
898 2554 1003 2619 Deum
1023 2554 1182 2618 sceleratos
1203 2575 1264 2618 nan
1283 2574 1378 2616 crau
1431 2576 1545 2620 omnes
1566 2554 1684 2638 repleti
1706 2554 1916 2619 immunditia
1937 2563 1971 2619 et
1992 2555 2083 2636 quasi
2106 2574 2235 2637 pannus
2261 2553 2405 2634 foedatis

403 2643 480 2718 dire,
503 2646 654 2720 etpreces
674 2661 780 2704 aarum
801 2661 867 2704 esse
887 2640 1096 2717 exsecrabiles,
1118 2641 1212 2703 sueti
1233 2644 1261 2703 et
1281 2639 1378 2702 sacri-
1430 2663 1544 2706 omnes
1565 2641 1709 2706 iustitiae
1735 2649 1881 2719 nostrae,
1910 2648 1944 2705 et
1969 2641 2188 2705 emarcuimus
2210 2661 2271 2705 nos
2293 2661 2405 2704 omnes

402 2727 494 2808 ficia:
515 2727 592 2807 quia
612 2746 744 2806 emaum
766 2731 818 2805 est,
839 2731 875 2790 ut
884 2723 948 2790 Dei
966 2745 1060 2789 aures
1077 2725 1202 2789 clausas
1218 2725 1379 2789 invadant
1430 2728 1524 2810 quasi
1539 2726 1663 2805 folium,
1686 2734 1720 2790 et
1735 2726 1923 2809 iniquitates
1941 2734 2073 2792 nostrae
2090 2727 2184 2808 quasi
2201 2733 2319 2790 ventus
2341 2725 2407 2790 dis·

269 2887 275 2894 ,
404 2814 460 2894 qai
481 2813 621 2876 obserant
641 2812 735 2876 eorda
756 2833 829 2890 scra,
858 2831 913 2874 nec
932 2810 1037 2875 Deum
1055 2811 1223 2889 flexibilem
1244 2812 1378 2875 sentiant
1429 2819 1581 2895 pergunt
1592 2833 1668 2890 n0s;
1701 2820 1735 2875 et
1756 2833 1823 2876 non
1844 2820 1895 2887 est
1921 2813 1978 2894 qui
2005 2812 2134 2876 invocet
2160 2832 2281 2875 nomen
2303 2817 2406 2889 tuum,

405 2899 461 2981 qul
480 2918 541 2962 sna
562 2898 678 2962 duritie
699 2901 866 2979 marceant
892 2897 962 2961 aas
986 2898 1126 2980 riporem
1170 2896 1270 2977 Apud
1291 2894 1378 2959 lesa·
1430 2899 1486 2981 qui
1508 2919 1543 2962 se
1565 2898 1687 2963 excitet
1707 2904 1746 2961 ut
1767 2897 1994 2981 apprehendat
2017 2905 2059 2976 te,
2090 2898 2244 2980 quoniam
2272 2898 2407 2961 abscon-

406 2986 474 3049 iam
495 2981 539 3066 (1,
567 2982 621 3066 15)
648 2984 787 3047 oriamur
815 2984 851 3046 in
876 2982 957 3046 launa
983 2983 1123 3047 nudam:
1152 3003 1248 3063 quam
1274 2981 1379 3045 mulli·
1431 2983 1507 3049 disti
1533 2984 1651 3048 faciem
1679 2990 1772 3048 tuam
1798 3004 1818 3046 a
1845 2983 1937 3048 nobis
1963 2989 1997 3048 et
2024 2983 2187 3048 tabescere
2214 3004 2273 3047 nos
2301 2982 2407 3046 iecisti

400 3069 721 3150 plicaecritcspreees
737 3074 864 3145 vestras,
882 3089 943 3132 run
959 3069 1145 3147 aeaudiam;
1164 3088 1280 3132 uranus
1295 3067 1378 3132 enim
1430 3070 1467 3134 in
1493 3089 1594 3132 manu
1621 3069 1801 3152 iniquitatis
1828 3077 1973 3133 nostrae:
2007 3090 2095 3134 nune
2126 3068 2226 3152 igitur
2253 3066 2405 3145 Domine,

405 3159 523 3219 uestrae
549 3155 700 3236 sarpuine
725 3154 839 3235 plenae
865 3159 946 3219 sunt.
983 3152 1071 3219 Item
1098 3155 1185 3235 apud
1212 3152 1380 3218 Ieremiam
1431 3164 1469 3218 tu
1491 3177 1526 3220 es
1546 3162 1642 3237 pater
1662 3164 1785 3234 noster,
1808 3175 1870 3220 nos
1891 3176 2005 3219 sumus
2026 3154 2148 3233 lutum3
2170 3161 2207 3218 tu
2228 3174 2264 3218 es
2286 3155 2407 3218 forma-

401 3239 467 3324 (ll,
488 3243 505 3300 7
525 3239 644 3324 seqq.):
665 3239 799 3304 alamani
817 3246 845 3304 et
863 3245 1030 3304 rennuunt
1052 3241 1180 3318 audire;
1203 3238 1380 3303 clamabunt
1431 3249 1484 3305 tor
1505 3248 1616 3305 noster
1638 3247 1750 3305 etuas
1772 3262 1885 3305 sumus
1907 3261 1989 3324 opus
2008 3261 2126 3304 manus
2147 3247 2238 3319 tuae;
2261 3261 2303 3304 ne
2324 3239 2408 3302 iras·

398 3327 463 3409 ipsi
485 3325 625 3389 nuissim
642 3331 670 3390 et
686 3346 748 3391 reme
765 3327 905 3391 audiam.
953 3311 1036 3407 Quia
1052 3327 1169 3390 summi
1185 3324 1298 3406 probri
1317 3324 1379 3388 loco
1431 3328 1529 3405 caris,
1560 3325 1717 3404 Domine,
1746 3348 1853 3409 neque
1880 3327 1915 3390 in
1943 3333 2114 3391 aeternum
2143 3324 2323 3391 recorderis
2344 3325 2408 3387 ini-

400 3412 499 3490 duclt,
528 3411 644 3475 iactari
669 3411 778 3491 foedus
807 3432 901 3476 suum
922 3412 960 3476 ab
981 3412 1147 3493 improbis,
1176 3412 1231 3493 qui
1246 3429 1379 3483 ,sacrmn
1431 3413 1580 3495 quitatis:
1604 3434 1646 3476 cn
1668 3412 1801 3494 respice,
1825 3412 1974 3496 agedum,
1997 3433 2057 3476 nos
2079 3432 2193 3476 omnes
2214 3433 2328 3477 sumus
2349 3430 2408 3492 po-

400 3498 468 3561 cius
494 3517 603 3560 nmnen
630 3501 693 3561 tota
719 3498 785 3561 cita
805 3497 960 3578 polluunt.
1013 3496 1099 3562 Unde
1124 3495 1211 3579 apud
1238 3495 1380 3560 Iesaiam
1430 3499 1528 3582 pulus
1545 3505 1630 3562 tuus.
1669 3496 1756 3562 Vide
1777 3505 1815 3561 ut
1835 3497 1929 3562 nulla
1949 3519 2083 3580 prorsus
2105 3497 2227 3563 fiducia
2248 3497 2407 3573 nituntur,

401 3583 467 3666 (29,
490 3582 544 3667 13)
567 3584 781 3664 corcqneritur,
810 3604 906 3663 quum
928 3583 1023 3648 labiis
1044 3583 1085 3647 ad
1107 3603 1139 3647 se
1162 3582 1277 3647 Iudaei
1298 3599 1380 3645 acae-
1431 3585 1494 3649 nisi
1522 3584 1584 3648 hac
1611 3604 1679 3647 una
1705 3583 1792 3665 quod
1818 3604 1853 3648 se
1879 3582 1945 3648 Dei
1970 3604 2041 3649 esse
2066 3585 2262 3666 cogitantes,
2294 3581 2344 3646 illi
2373 3601 2408 3646 se

400 3669 491 3747 dant,
522 3687 573 3732 cor
595 3689 700 3732 earum
721 3688 786 3732 esse
813 3669 899 3750 lenpe
920 3673 1076 3734 remotum.
1122 3668 1196 3733 Non
1221 3667 1379 3748 restrinpit
1429 3671 1499 3734 tore
1521 3690 1619 3735 curae
1639 3688 1707 3732 non
1729 3666 1912 3750 desperant.
1948 3669 2025 3734 Non
2046 3669 2318 3734 secus-Ieremias
2340 3666 2407 3749 (14,

401 3752 527 3834 quidem
546 3752 601 3818 hoc
621 3754 664 3817 ad
684 3754 768 3818 solas
787 3774 912 3834 preces,
942 3755 996 3820 sm
1015 3753 1167 3835 fictionem
1188 3755 1223 3816 in
1243 3751 1389 3834 sinpulis
1432 3755 1480 3840 7):
1511 3756 1540 3818 si
1566 3754 1758 3837 iniquitates
1783 3763 1916 3820 nostrae
1943 3754 2170 3837 responderint
2197 3763 2312 3820 contra
2338 3774 2407 3831 nos,

402 3838 503 3903 cultus
524 3840 576 3904 sui
591 3839 739 3918 partibus
755 3860 788 3903 se
807 3840 983 3905 abominari
1004 3841 1125 3905 asserit.
1165 3840 1230 3920 Quo
1243 3839 1379 3919 pertinet
1430 3843 1481 3907 fac
1502 3846 1635 3923 propter
1656 3861 1775 3904 nomen
1797 3849 1900 3905 tuum.
1936 3839 2117 3905 Verissime
2139 3841 2227 3905 enim
2250 3839 2348 3905 simul
2371 3859 2408 3903 ac

402 3925 484 3990 illud
502 3923 609 3988 Iacabi
626 3925 670 4008 (4,
691 3924 742 4009 3).·
759 3927 876 4006 petitas,
899 3931 1006 3992 anan
1023 3926 1181 4006 alapiam
1202 3926 1279 4005 quia
1296 3924 1379 3988 male
1431 3927 1635 3992 sanctissime
1656 3927 1816 4009 scriptum
1838 3933 1902 4005 est,
1930 3947 1951 3989 a
1977 3946 2167 4008 quocunque
2195 3925 2329 3991 tandem
2356 3925 2408 4002 sit,

397 4011 522 4092 petitis,
555 4014 590 4073 ut
617 4010 651 4073 in
682 4011 852 4092 uoluptates
883 4018 1003 4077 cesum
1034 4012 1212 4076 minatis.
1263 4009 1379 4074 Verum
1431 4010 1519 4096 quod
1540 4012 1580 4076 ab
1609 4013 1734 4077 incerto
1756 4018 1870 4077 autore
1896 4013 2052 4094 scriptum
2074 4011 2252 4095 prophetae
2274 4009 2409 4076 Baruch

402 4096 529 4177 quidem
555 4100 600 4159 est
619 4094 668 4180 (ut
688 4097 789 4177 paulo
810 4103 882 4178 past
903 4099 1016 4162 ilerum
1037 4095 1224 4181 munus)
1246 4116 1309 4160 nen
1330 4096 1379 4159 in·
1431 4099 1588 4164 tribuitur
1614 4097 1659 4184 (2,
1689 4096 1756 4179 18);
1791 4099 1903 4163 anima
1933 4099 2037 4163 aistis
2068 4106 2102 4163 et
2134 4097 2279 4163 desolata
2311 4117 2410 4179 super

403 4183 464 4246 nili
483 4181 630 4264 dipnitati
645 4183 775 4262 piarum
796 4203 875 4262 quas
895 4183 1032 4264 fundunt
1047 4203 1168 4265 preces,
1196 4186 1379 4246 nontamen
1432 4184 1660 4269 magnitudine
1689 4184 1783 4263 meli,
1811 4205 1914 4250 curva
1941 4191 1975 4249 et
2000 4185 2147 4262 infirma,
2171 4184 2282 4248 anima
2307 4184 2411 4246 fame·

403 4287 597 4348 supervacua
618 4273 663 4331 est
681 4267 813 4332 loannis
833 4269 1003 4333 admonitio
1020 4267 1053 4352 (l
1073 4267 1187 4333 Ioann
1207 4272 1235 4347 3,
1256 4268 1328 4352 22).·
1349 4266 1380 4330 si
1431 4271 1495 4336 lica
1515 4277 1549 4335 et
1570 4271 1654 4335 oculi
1682 4270 1869 4336 deficientes
1897 4269 1978 4334 dant
2003 4268 2063 4333 tibi
2090 4269 2227 4353 gloriam
2249 4268 2409 4343 Domine;

403 4353 480 4435 quid
497 4353 689 4435 petierimus,
711 4354 899 4434 amipricmas
916 4353 954 4418 ab
971 4374 1013 4433 eo,
1035 4355 1112 4434 qnia
1126 4357 1295 4436 praecepta
1312 4353 1380 4416 eius
1432 4377 1498 4421 non
1520 4355 1699 4421 secundum
1727 4356 1869 4421 iustitias
1894 4365 2028 4439 patrum
2048 4355 2216 4420 tundimus
2238 4373 2350 4435 preces
2372 4352 2410 4414 in

403 4459 580 4518 servamus·
602 4439 849 4519 quandoquidem
865 4438 951 4503 mala
970 4441 1155 4504 consciendo
1175 4441 1308 4504 munem
1328 4459 1380 4503 no-
1433 4449 1609 4525 conspeetu
1630 4449 1703 4519 tuo,
1733 4448 1766 4505 et
1792 4462 1903 4507 coram
1930 4443 2012 4507 faeie
2038 4449 2097 4505 tua
2117 4440 2259 4523 petimus
2280 4438 2410 4502 miseri-

404 4524 451 4589 bis
474 4524 598 4589 claudit.
649 4523 736 4590 Urade
757 4526 898 4605 sequitur
925 4545 978 4589 nec
1004 4527 1063 4590 rite
1083 4526 1226 4607 precari,
1253 4544 1307 4588 nec
1328 4545 1380 4588 ec·
1433 4527 1586 4606 cordiam,
1615 4526 1758 4591 Domine
1779 4529 1871 4592 Deus
1893 4534 2014 4604 noster,
2041 4526 2099 4591 sed
2125 4526 2202 4608 quia
2228 4531 2267 4588 tu
2289 4544 2325 4586 es
2347 4524 2417 4587 mie

404 4610 524 4690 audiri,
553 4611 619 4675 nisi
639 4610 775 4675 anemos
796 4610 859 4675 Dei
888 4610 1025 4676 uellerea
1079 4611 1255 4694 Displicent
1283 4611 1382 4693 ipitm
1433 4615 1579 4692 sericors,
1602 4613 1757 4678 miserere
1777 4613 1889 4691 nostri,
1913 4614 1990 4696 quia
2014 4611 2221 4695 peccavimus
2237 4631 2349 4676 coram
2367 4617 2409 4673 te.

403 4696 466 4763 sibi
486 4697 521 4759 in
543 4697 611 4760 suis
633 4696 729 4761 malis
749 4697 895 4777 quisquis
915 4717 948 4762 se
967 4697 1011 4761 ad
1032 4697 1186 4762 arandara
1207 4700 1381 4777 comparat·
1520 4702 1548 4762 9.
1593 4697 1739 4780 Denique
1767 4700 1826 4762 rite
1855 4699 2005 4779 precandi
2036 4698 2164 4762 initium
2194 4702 2285 4776 atquc
2317 4696 2412 4760 amm

404 4780 545 4863 et(qucd
566 4783 634 4845 sine
650 4782 841 4864 poenitentia
860 4783 932 4863 deri
953 4804 1015 4848 nen
1031 4785 1146 4868 potest)
1164 4784 1277 4849 induat
1298 4802 1382 4846 maa
1427 4785 1635 4868 praeparatio
1667 4789 1711 4848 est
1742 4784 1849 4848 vennae
1875 4784 2044 4866 deprecatio
2073 4804 2142 4848 cnm
2171 4782 2285 4846 bamili
2311 4787 2339 4845 et
2364 4782 2411 4845 in·

405 4867 470 4931 dici
485 4887 656 4946 persarum
676 4871 703 4931 el
723 4868 874 4948 affectum.
1432 4892 1533 4955 penna
1554 4869 1664 4950 culpae
1683 4869 1876 4950 confessione.
1921 4870 2030 4952 Neque
2046 4870 2130 4934 enim
2146 4869 2339 4950 mandam
2356 4871 2407 4944 est

493 4954 521 5014 8.
567 4950 639 5016 Huc
660 4957 689 5016 et
708 4954 800 5017 tertia
819 4954 951 5034 madai,
973 4962 1011 5019 ut
1032 4955 1121 5019 omni
1138 4955 1289 5037 propriae
1311 4953 1381 5037 glo·
1434 4963 1470 5020 ut
1486 4957 1659 5037 quidquam
1676 4976 1697 5019 a
1714 4954 1783 5021 Dec
1799 4955 1941 5036 impetret
1960 4956 2008 5020 ael
2028 4956 2249 5021 miramsimus
2270 4954 2410 5035 quisque,

405 5035 475 5100 riae
502 5037 696 5120 cogitatione
724 5061 758 5103 se
785 5039 927 5120 abdicet,
957 5061 1087 5105 omnem
1115 5039 1284 5123 dignitatis
1312 5040 1382 5121 opi·
1435 5043 1527 5106 denec
1556 5041 1659 5122 pratis
1687 5040 1902 5106 reconciliatus
1926 5043 1956 5106 ei
1981 5043 2039 5122 sit‚·
2068 5061 2123 5106 nec
2151 5040 2224 5121 beri
2249 5043 2351 5121 potest
2377 5041 2412 5100 ut

406 5120 539 5186 nionem
570 5130 684 5202 exuat,
718 5126 807 5189 omni
840 5125 979 5210 denique
1011 5127 1063 5191 sui
1095 5124 1214 5190 fiducia
1248 5123 1384 5189 decedat
1436 5127 1512 5192 aliis
1532 5124 1623 5190 Deus
1650 5127 1693 5190 sit
1713 5126 1889 5207 propitius,
1917 5128 1983 5191 nisi
2003 5128 2116 5208 quibus
2136 5128 2273 5210 pausat.
2326 5123 2412 5189 Unde

340 5281 343 5287 ,
405 5208 551 5289 quisquis
571 5229 605 5273 se
626 5228 730 5274 mrarn
749 5211 818 5276 Deo
839 5213 923 5278 sistit
937 5212 1093 5294 menandi
1113 5230 1220 5289 causa,
1242 5209 1325 5274 dans
1347 5209 1383 5274 in
1435 5232 1496 5277 nen
1517 5212 1634 5275 mirum
1654 5213 1684 5276 si
1705 5211 1763 5277 bac
1784 5212 1868 5276 ciacc
1888 5213 2021 5277 manem
2048 5213 2109 5277 sibi
2131 5213 2239 5294 fideus
2265 5211 2412 5292 aperiam

406 5292 584 5359 abiectione
606 5294 658 5360 sui
680 5296 820 5378 gloriam
842 5298 915 5362 Deo
937 5299 973 5362 in
995 5297 1145 5376 solidum;
1170 5317 1213 5360 ne
1240 5296 1268 5360 si
1294 5295 1382 5377 quid,
1436 5298 1478 5363 ad
1504 5296 1673 5376 arandum,
1700 5298 1782 5379 quod
1809 5319 1848 5364 ea
1876 5297 2086 5381 mmpiuribus
2109 5297 2311 5364 Psalmorum
2336 5295 2413 5361 loeis

406 5379 460 5446 vel
480 5380 670 5460 minimum,
700 5402 890 5465 arrogemus
911 5382 1019 5462 nobis,
1048 5403 1123 5447 cum
1148 5381 1243 5447 inani
1270 5388 1384 5446 nostra
1435 5384 1596 5449 discimus.
1640 5383 1750 5448 Dauid
1776 5385 1860 5448 enim
1891 5384 1980 5449 aliud
2007 5383 2172 5465 pamniam
2200 5385 2279 5450 dicit
2306 5380 2410 5465 (Psal.

404 5463 575 5531 iufladone
592 5466 633 5532 ab
650 5467 721 5532 eius
738 5467 820 5532 facie
846 5467 1064 5533 concidamus.
1107 5467 1218 5532 Huius
1243 5465 1383 5532 submis-
1436 5474 1487 5550 25,
1507 5473 1526 5533 6
1545 5477 1580 5535 et
1599 5469 1670 5552 18).-
1685 5466 2070 5552 peecaterum'incentutis
2088 5488 2174 5534 meae
2189 5474 2222 5535 et
2241 5473 2413 5549 nampros-
2526 5521 2530 5529 ,

407 5551 517 5630 sionis,
539 5573 619 5633 quae
640 5571 758 5616 mmem
780 5552 978 5618 ebitudinem
992 5554 1178 5635 prosternit,
1201 5554 1384 5636 frequentia
1435 5557 1559 5623 danum
1585 5576 1728 5620 mearum
1755 5576 1792 5620 ne
1819 5556 2014 5635 manicata·
2044 5554 2212 5620 aeneadum
2238 5553 2412 5616 munuer-

407 5637 558 5720 exempla
577 5638 614 5701 in
634 5636 700 5702 Dei
729 5637 834 5703 serris
862 5637 1036 5720 habemus;
1065 5660 1203 5721 quorum
1229 5647 1268 5705 ut
1294 5640 1383 5723 quis·
1434 5643 1525 5708 diam
1551 5647 1640 5707 tuam
1666 5642 1862 5708 remansere
1888 5642 1951 5707 ma
1975 5644 2107 5722 propter
2131 5638 2295 5705 maiman
2323 5643 2412 5703 tuom
