5600 6809
349 770 411 832 493
606 765 699 874 Lm,
719 764 782 829 111.
827 762 891 828 DE
914 761 1050 829 MODO
1072 762 1422 828 PERCIPIENDAE
1445 761 1877 831 88818418884148.
1922 765 2021 831 CAP.
2042 767 2084 834 V.
2288 775 2351 837 494
2421 812 2424 824 -

347 952 533 1039 prodigiosa
559 960 610 1016 884
636 950 846 1032 blasphemia.
890 950 1083 1031 Agnoscunt
1110 970 1221 1014 annon
1243 949 1324 1014 haec
1375 947 1514 1012 lationes
1542 949 1734 1029 patiebatur.
1779 951 1826 1014 Et
1854 953 2008 1016 continuo
2034 954 2155 1020 ibidem
2182 960 2351 1041 seipsum

348 1041 415 1106 sint
437 1059 497 1104 sua
518 1038 649 1120 placita:
673 1045 837 1119 martyres
853 1035 928 1117 8188
945 1042 1050 1098 488448
1070 1034 1214 1099 suaDeo
1229 1055 1323 1117 prae-
1374 1034 1526 1116 explicat,
1549 1055 1652 1116 quum
1673 1034 1765 1099 addit
1787 1057 1822 1100 88
1842 1036 1964 1101 factum
1982 1039 2135 1105 ecclesiae
2151 1043 2350 1126 ministrum,

348 1127 471 1190 stitisse
494 1146 532 1189 ac
553 1123 687 1187 meritos
716 1141 787 1186 esse
816 1142 915 1202 quam
936 1120 998 1184 sibi
1020 1141 1100 1202 8888
1122 1128 1221 1198 88884,
1251 1129 1323 1185 tan-
1375 1140 1442 1183 non
1465 1119 1785 1202 adredemptionem,
1808 1121 1866 1186 sed
1885 1123 2065 1189 seeundum
2077 1126 2352 1209 dispensationem

348 1219 480 1294 tamque
506 1209 572 1273 illis
594 1207 785 1272 meritorum
812 1206 996 1289 largitatem
1019 1207 1217 1287 superfuisse
1241 1226 1323 1288 quae
1375 1225 1459 1287 quae
1488 1204 1537 1268 illi
1565 1207 1739 1270 commissa
1767 1216 1851 1285 erat,
1881 1208 1922 1272 ud
1949 1208 2203 1291 praedicandum
2226 1215 2352 1282 Christi
2465 1219 2469 1229 '

348 1298 384 1361 in
417 1297 496 1361 alios
529 1292 736 1359 redundaret
792 1291 843 1356 Ne
876 1292 979 1374 igitur
1011 1313 1248 1374 supervacuum
1281 1293 1325 1356 sit
1376 1291 1591 1373 evangelium.
1654 1289 1750 1370 Quod
1790 1293 1819 1357 si
1851 1294 1952 1359 alium
1984 1316 2110 1377 quoque
2140 1300 2353 1383 interpretem

346 1390 477 1447 tantum
498 1380 635 1457 bonum,
665 1379 867 1444 commisceri
895 1398 1007 1440 eorum
1032 1379 1225 1460 sanguinem
1248 1399 1323 1441 san·
1375 1378 1556 1458 requirunt,
1578 1374 1715 1441 audiant
1726 1379 1962 1461 Augustinum.
1979 1383 2003 1465 ¹)
2030 1383 2214 1461 Passiones,
2232 1388 2350 1470 inquit,

348 1469 440 1553 gnini
472 1465 614 1541 Christi,
648 1470 681 1528 et
714 1485 755 1528 ex
784 1471 920 1546 utroque
947 1463 1140 1527 thesaurum
1171 1463 1324 1527 ecelesiae
1375 1460 1502 1525 Christi
1523 1463 1558 1526 in
1580 1462 1647 1526 8818
1671 1463 1820 1543 01444848,
1843 1471 1882 1529 84
1903 1467 1938 1528 48
1961 1468 2080 1548 848448;
2107 1469 2144 1532 48
2165 1469 2299 1537 Christo
2319 1488 2353 1538 et

347 1554 476 1630 confici,
511 1552 554 1616 ad
580 1550 805 1615 remissionem
833 1557 867 1613 et
895 1548 1148 1614 satisfactionem
1175 1558 1322 1631 peccato-
1375 1547 1524 1625 ecclesia,
1554 1549 1650 1611 utin
1671 1555 1740 1612 4848
1768 1571 1913 1633 corpore:
1948 1552 2037 1617 unde
2062 1553 2141 1620 dicit
2166 1558 2351 1623 membrum

347 1661 431 1704 rum.
466 1638 578 1720 Atque
599 1637 646 1700 ita
668 1633 892 1716 accipiendum
913 1632 1000 1716 quod
1022 1636 1069 1698 ait
1090 1634 1214 1699 Paulus
1237 1634 1320 1718 (Col.
1374 1654 1478 1697 unum
1498 1633 1637 1711 Paulus,
1667 1634 1802 1718 suppleo
1829 1638 1866 1699 in
1893 1659 2027 1720 corpore
2054 1660 2127 1704 meo
2153 1644 2239 1725 quod
2261 1644 2353 1711 deest

350 1726 467 1806 1,24):
491 1723 626 1805 suppleo
648 1722 683 1785 in
704 1741 836 1802 corpore
858 1740 930 1783 meo
952 1741 991 1783 ea
1012 1741 1095 1802 quae
1112 1719 1232 1784 desunt
1248 1742 1322 1802 pas·
1374 1718 1579 1800 passionibus
1600 1717 1734 1784 Christi.
1770 1719 1809 1785 Si
1831 1743 1909 1806 ergo
1930 1725 1965 1787 in
1987 1725 2143 1790 membris
2160 1728 2285 1793 Christi
2307 1752 2351 1810 es,

340 1812 475 1876 ’8488884
499 1809 624 1874 Christi
644 1827 704 1891 pro
726 1826 861 1888 corpore
883 1806 969 1882 eius,
998 1804 1084 1888 qnod
1106 1813 1157 1869 est
1177 1806 1320 1871 88818848.
1375 1804 1521 1886 quisquis
1543 1804 1624 1869 haec
1646 1805 1749 1883 audis,
1772 1806 1930 1890 quidquid
1946 1811 2068 1891 pateris
2086 1812 2127 1875 ab
2139 1814 2188 1891 448,
2211 1815 2266 1896 qui
2284 1837 2352 1880 non

346 1895 436 1977 Quid
463 1896 525 1959 hoc
551 1903 615 1972 est,
638 1893 704 1957 nisi
726 1892 859 1956 Christo
882 1912 1001 1954 nomen
1022 1891 1222 1973 relinquere,
1250 1912 1322 1956 cae·
1376 1898 1454 1953 sunt
1481 1890 1608 1954 Christi
1639 1893 1802 1971 membra,
1836 1893 1949 1959 deerat
1980 1897 2186 1978 passionibus
2213 1898 2349 1966 Christi.

345 1989 456 2046 terum
477 1980 647 2063 vulgarem
669 1977 854 2043 sanctulum
875 1978 990 2054 facere,
1013 1978 1069 2058 qui
1091 1978 1125 2040 in
1147 1978 1244 2042 turba
1264 1979 1322 2042 vix
1374 1976 1549 2040 Passiones
1577 1998 1655 2042 4848
1685 1980 1904 2060 apostolorum
1932 2002 1991 2063 pro
2019 1982 2155 2047 88818848
2182 1994 2351 2069 888888488

346 2065 577 2150 dignoscatur?
605 2066 729 2142 Unum,
747 2085 851 2127 unum
868 2063 959 2125 illum
980 2061 1161 2143 praedicari
1179 2062 1321 2141 decebat,
1375 2082 1529 2143 quorsum
1563 2063 1716 2142 tendant,
1751 2063 1828 2128 alibi
1861 2067 2048 2152 exponitfl)
2081 2068 2235 2135 Christus
2265 2073 2349 2136 mihi

346 2174 449 2218 unum
491 2152 645 2234 8488884,
690 2170 794 2214 unum
832 2149 1007 2225 nominari,
1058 2170 1162 2212 unum
1206 2151 1322 2231 respici
1373 2147 1474 2211 ianua
1494 2156 1545 2211 est
1567 2148 1608 2212 ad
1630 2170 1702 2227 vos;
1729 2150 1807 2231 quia
1827 2172 1905 2216 oves
1926 2151 2053 2217 Christi
2074 2156 2167 2234 estis,
2191 2158 2350 2239 sanguine

345 2259 445 2321 quum
473 2236 513 2302 de
540 2235 717 2301 obtinenda
744 2244 950 2317 peccatorum
977 2235 1181 2312 remissione,
1210 2237 1321 2317 expia-
1374 2233 1444 2297 eius
1466 2242 1680 2315 comparatae,
1704 2238 1870 2319 agnoscite
1887 2239 2029 2320 pretium
2045 2248 2203 2319 48844848,
2223 2242 2308 2324 quod
2331 2264 2351 2308 a

346 2325 446 2402 tione,
475 2322 731 2388 sanctificatione
760 2321 878 2403 agitur.
924 2318 992 2383 Sed
1015 2319 1186 2385 audiamus
1208 2342 1322 2384 eorum
1372 2340 1425 2382 me
1442 2340 1510 2382 non
1528 2317 1634 2398 datur,
1658 2320 1715 2384 sed
1732 2343 1792 2404 per
1808 2343 1862 2387 me
1880 2323 2096 2404 praedicatur.
2125 2325 2255 2392 Deinde
2273 2328 2349 2393 sub-

346 2410 600 2494 cnthymemata.
646 2408 696 2472 Ne
730 2407 799 2472 sine
827 2407 936 2470 fructu
965 2406 1090 2470 effusus
1118 2406 1161 2469 sit
1188 2407 1321 2489 sanguis
1372 2405 1490 2483 nectit,
1520 2426 1583 2486 quo
1608 2406 1704 2472 modo
1725 2408 1794 2489 ipse
1816 2409 1961 2474 animam
1983 2432 2077 2474 suam
2097 2413 2220 2495 posuit,
2249 2415 2295 2479 sie
2317 2421 2351 2478 et

345 2503 539 2579 martyrum,
561 2495 596 2557 in
619 2512 791 2558 commune
809 2490 963 2556 ecclesiae
984 2491 1105 2555 bonum
1124 2492 1319 2557 conferatur.
1375 2510 1435 2554 nos
1458 2489 1614 2554 debemus
1636 2493 1762 2556 8848488
1783 2516 1843 2577 848
1864 2494 2020 2560 fratribus
2041 2518 2175 2580 ponere,
2199 2497 2240 2562 ad
2263 2499 2351 2564 aedi·

345 2580 462 2645 Itane?
487 2602 530 2644 an
551 2599 628 2644 vero
650 2577 761 2642 nullus
784 2587 854 2640 erat
873 2575 999 2641 fructus
1016 2577 1198 2660 glorificare
1211 2576 1322 2642 Deum
1372 2575 1537 2640 ficandam
1557 2596 1686 2658 pacem,
1715 2578 1756 2642 ad
1785 2579 1884 2644 tidem
1906 2583 2123 2646 asserendam.
2167 2584 2259 2649 Haec
2281 2586 2351 2649 Au·

345 2687 405 2750 per
424 2664 584 2730 mortem?
604 2664 737 2729 veritati
753 2663 823 2728 eius
840 2684 899 2726 suo
917 2664 1077 2745 sanguine
1095 2663 1320 2727 subscribere?
1373 2662 1534 2743 88844888.
1578 2661 1677 2726 Absit
1702 2673 1812 2728 autem
1841 2673 1879 2730 ut
1906 2666 2018 2731 deesse
2043 2669 2163 2752 aliquid
2185 2659 2358 2752 putaverit

345 2752 511 2817 testificari
538 2751 720 2834 praesentis
748 2749 836 2813 vitae
864 2755 1069 2829 contemptu,
1097 2748 1265 2813 meliorem
1287 2770 1322 2813 88
1372 2746 1500 2812 Paulus
1520 2748 1726 2829 passionibus
1744 2747 1878 2829 Christi,
1901 2759 2061 2833 quantum
2083 2753 2125 2818 ad
2145 2776 2277 2820 omnem
2297 2758 2349 2820 iu-

344 2839 447 2904 444884
469 2835 647 2919 quaerere?
670 2834 770 2900 fidem
791 2834 944 2899 ecclesiae
965 2854 1026 2898 sua
1044 2835 1229 2899 constantia
1246 2856 1322 2900 con-
1373 2833 1496 2910 stitiae,
1530 2832 1645 2896 salutis
1675 2854 1712 2899 ae
1745 2837 1832 2899 vitae
1860 2837 2099 2919 plenitudinem
2127 2842 2259 2919 attinet,
2293 2850 2351 2906 aut

345 2924 486 3001 firmare,
510 2922 653 2987 hostium
675 2928 785 2985 autem
806 2919 1019 3003 pertinaciam
1039 2919 1212 3003 frangere?
1254 2918 1322 2985 Sed
1374 2916 1494 2982 addere
1516 2917 1638 3000 aliquid
1657 2919 1806 2999 voluerit,
1830 2923 1886 3004 qui
1907 2922 1988 2987 adeo
2006 2924 2191 2990 luculenter
2207 2934 2240 2990 et
2256 2949 2349 3010 mag-

345 3008 406 3079 hoc
428 3016 478 3073 est
499 3008 631 3087 scilicet,
656 3006 784 3071 nullum
805 3007 950 3070 fructum
972 3013 1162 3088 agnoscunt,
1185 3007 1212 3070 si
1234 3006 1322 3070 solus
1373 3004 1470 3068 nifice
1486 3004 1713 3084 concionatur,
1739 3008 1995 3072 ,exuberantiam
2023 3011 2147 3092 gratiae
2170 3031 2229 3093 884
2251 3012 2349 3077 01444-

345 3093 498 3159 014448488
515 3100 566 3159 884
582 3093 781 3176 propitiator,
801 3093 829 3156 si
848 3091 936 3156 solus
955 3098 1105 3155 mortuus
1123 3099 1173 3156 884
1190 3103 1322 3174 8488484
1374 3096 1462 3154 84884
1489 3097 1583 3153 48848
1607 3089 1761 3173 largitate
1788 3093 1927 3158 effusam
1953 3100 1992 3157 84
2020 3115 2152 3159 omnem
2179 3097 2245 3161 vim
2273 3119 2348 3180 pec·

344 3190 476 3262 peccata
499 3188 628 3258 nostra,
662 3180 690 3243 si
717 3178 805 3242 88188
831 3182 881 3242 884
903 3176 1030 3241 oblatus
1053 3197 1112 3259 pro
1136 3187 1248 3242 nostra
1273 3199 1323 3242 re-
1374 3176 1439 3240 cati
1471 3175 1570 3258 longe
1603 3196 1814 3260 supergressa
1846 3179 1945 3243 fuerit
1973 3180 2083 3265 (Rom.
2104 3186 2137 3260 5,
2168 3180 2231 3263 15).
2274 3183 2349 3247 Hac

344 3265 538 3347 demptione.
582 3264 811 3340 Nihilominus
833 3263 994 3344 inquiunt,
1014 3283 1158 3327 88888884
1176 3265 1322 3328 melaino
1374 3260 1443 3326 sola
1470 3262 1576 3326 888844
1601 3281 1715 3327 884888
1742 3264 1825 3330 88144
1852 3265 1930 3330 facti
1958 3273 2050 3344 sunt,
2084 3287 2150 3330 non
2176 3267 2349 3331 vitasunt

345 3351 558 3431 adepliessenl
566 3348 1068 3415 PetrusclPaulussiinleclulis
1077 3349 1323 3430 defuncliasseul
1373 3347 1489 3412 mortis
1516 3367 1595 3411 suae
1623 3348 1755 3427 merite,
1786 3349 2060 3432 quemadmodum
2081 3352 2200 3416 Petrus
2229 3351 2349 3417 diserte
2377 3407 2379 3410 ⁴

343 3457 403 3501 sua
420 3443 524 3502 morie.
561 3438 765 3518 0884884884
783 3435 825 3499 ad
842 3434 1026 3516 sanquinem
1042 3454 1140 3515 usque
1156 3441 1320 3515 8884888884,
1372 3433 1744 3519 testatur(Actlb,ll);
1758 3435 2177 3502 utinDeumetChristum
2190 3437 2348 3503 eiuscon·

343 3523 379 3587 id
394 3523 542 3588 studeat
563 3523 791 3604 uafruuuosum
813 3520 998 3600 relinquere,
1023 3521 1162 3585 iustiliae
1179 3521 1243 3586 Dei
1260 3543 1321 3587 noan
1372 3519 1564 3584 tumeliosus
1585 3519 1699 3599 fucrit,
1727 3521 1785 3604 qui
1808 3522 1907 3587 ullius
1929 3523 2035 3588 sancti
2055 3523 2249 3606 dignitatem
2271 3524 2348 3589 alibi
2477 3598 2486 3614 „

343 3610 520 3692 8884488884,
557 3609 656 3688 Quasi
677 3626 747 3671 vero
762 3627 825 3687 pro
846 3606 999 3670 donorum
1019 3627 1150 3670 4884484
1172 3627 1321 3673 mensum
1373 3625 1471 3686 quam
1492 3606 1529 3668 in
1551 3603 1621 3668 8818
1641 3604 1707 3670 Dei
1728 3608 1951 3673 misericordia
1967 3609 2157 3690 reposuerit.
2186 3607 2254 3673 Sed
2271 3609 2349 3692 quid

340 3694 474 3777 clariana
491 3697 525 3758 in
542 3693 640 3758 888848
656 3694 726 3757 saie
741 3691 1158 3774 aupereDeusnoanooeril.
1194 3692 1322 3758 Utilitas
1373 3690 1427 3755 hic
1448 3690 1579 3769 diutins,
1602 3692 1738 3772 perinde
1759 3702 1855 3775 atque
1876 3694 1911 3756 in
1933 3715 1969 3757 48
1986 3694 2093 3760 adhuc
2111 3695 2257 3774 obscura,
2278 3717 2348 3760 mo-

343 3786 446 3845 outem
467 3782 547 3844 salis
567 3800 681 3862 maqna
703 3779 916 3843 incommune
938 3776 976 3841 ab
993 3777 1119 3843 88818848
1134 3781 1319 3861 paulinus,
1372 3795 1436 3856 ror,
1458 3798 1560 3858 quum
1581 3776 1661 3841 talia
1682 3777 1831 3861 prodigia
1852 3778 2032 3858 traducere,
2054 3781 2185 3846 vincere
2208 3781 2271 3846 sitl

342 3867 396 3930 ubi
424 3863 746 3946 44848848488481448
767 3863 945 3929 8888844484
966 3863 1008 3928 ad
1023 3867 1191 3946 8488844844
1211 3866 1320 3931 calum.
1461 3869 1488 3926 ὁ.
1524 3863 1637 3940 Ρ8448,
1658 3871 1696 3926 84
1717 3864 1799 3928 48188
1821 3864 2077 3930 abominationes
2093 3875 2346 3949 praetereamus,

429 3956 457 4014 4.
502 3950 612 4031 Quam
644 3971 722 4014 4848
754 3950 915 4014 4881444888
943 3949 1039 4012 Ρ8814
1072 3950 1180 4015 188884
1213 3951 1320 4017 detor·
1371 3951 1444 4032 quis
1472 3948 1581 4013 (188844
1605 3968 1725 4029 888848
1751 3949 1885 4032 plumbo
1911 3958 1945 4015 et
1972 3951 2183 4018 membranae
2206 3954 2347 4037 gratiam

363 4045 453 4114 8884,
476 4037 532 4101 ubi
554 4035 633 4102 dicit
652 4057 687 4100 se
709 4035 861 4118 supplere
882 4036 918 4097 in
941 4055 1074 4117 corpore
1096 4057 1155 4101 suo
1176 4058 1216 4102 ea
1237 4059 1320 4119 quae
1370 4036 1448 4102 Iesu
1470 4033 1595 4099 Christi
1617 4032 1799 4114 includere,
1844 4056 1922 4100 uam
1942 4037 2105 4102 Dominus
2126 4038 2227 4104 verbo
2249 4061 2349 4105 8488-

342 4058 479 4188 iseram
510 4123 698 4205 passionum
731 4121 872 4186 Christil
928 4120 1005 4185 Non
1037 4121 1125 4185 enim
1158 4121 1319 4187 defectum
1371 4121 1448 4208 gelii
1466 4119 1649 4203 dispensari
1669 4119 1794 4185 voluit?
1822 4056 1916 4186 Cane
1934 4131 1992 4186 884
2008 4124 2152 4188 mendax
2164 4124 2230 4189 Dei
2249 4146 2349 4191 evan-

342 4208 436 4273 illum
458 4210 765 4291 supplementumve
787 4206 871 4272 illud
892 4206 933 4270 ad
956 4204 1199 4289 redemptionis,
1224 4211 1318 4273 satis·
1370 4208 1495 4293 gelium
1533 4226 1604 4270 8888
1637 4213 1780 4288 oportet,
1821 4214 1880 4291 884
1910 4207 2087 4275 mendaces*
2116 4209 2346 4293 indulgentias.

342 4294 505 4374 4448448848,
536 4294 731 4378 expiationis
752 4314 834 4375 8888
856 4293 971 4371 refert,
1001 4291 1058 4356 sed
1080 4292 1122 4356 ad
1141 4313 1196 4357 eas
1216 4296 1318 4359 afflic-
1369 4296 1457 4360 Nam
1485 4291 1656 4373 evangelio
1678 4291 1866 4373 Christum,
1895 4298 2080 4359 cumomni
2102 4295 2270 4360 affluentia
2291 4295 2347 4359 bo-

342 4379 448 4445 tiones
469 4382 587 4464 quibus
606 4379 730 4446 Christi
753 4379 909 4456 membra,
932 4398 1049 4460 nempe
1070 4378 1183 4443 fideles
1203 4400 1317 4446 omnes
1369 4401 1487 4446 norum
1508 4376 1711 4456 coelestium,
1735 4399 1810 4444 oum
1831 4377 1982 4445 omnibus
2004 4383 2073 4445 suis
2094 4380 2234 4457 meritis,
2257 4379 2347 4442 omni

341 4469 484 4531 exerceri
504 4475 641 4551 oportet,
662 4465 818 4549 quamdiu
839 4467 875 4529 in
892 4464 954 4530 1488
971 4484 1070 4529 carne
1088 4475 1196 4548 agent.
1225 4466 1317 4530 Dicit
1369 4487 1429 4532 sua
1445 4465 1578 4543 iustitia,
1601 4463 1771 4546 sapientia,
1793 4465 1910 4548 gratia
1929 4464 2021 4529 nulla
2033 4465 2232 4546 exceptione,
2254 4463 2347 4542 nobis

340 4571 418 4633 ergo
441 4553 501 4618 hoe
523 4563 648 4619 restare
669 4552 859 4634 passionum
871 4549 1004 4628 Christi,
1028 4550 1115 4633 quod
1135 4551 1171 4614 in
1193 4573 1227 4616 88
1245 4552 1316 4634 4888
1368 4551 1481 4618 offerri
1501 4551 1594 4615 testis
1616 4556 1667 4614 est
1681 4550 1816 4629 Paulus,
1839 4570 1940 4634 quum
1963 4550 2049 4628 dicit,
2072 4548 2256 4630 dopositum
2276 4569 2347 4613 esse

339 4637 441 4701 semel
462 4659 585 4718 passus,
609 4636 752 4722 qnotidie
774 4639 809 4702 in
830 4636 987 4702 membris
1009 4637 1076 4699 suis
1099 4638 1230 4719 patitur.
1264 4639 1315 4703 Eo
1369 4638 1456 4722 apud
1477 4637 1647 4701 ministros
1673 4637 1811 4703 verbum
1831 4635 2109 4710 reconciliationis,
2132 4652 2196 4715 quo
2217 4632 2280 4697 hac
2300 4632 2347 4697 le-

338 4741 400 4785 nos
424 4722 546 4786 honore
569 4723 898 4808 dignaturChristus,
919 4728 1106 4787 4448884488
1125 4723 1315 4789 afflictiones
1368 4724 1509 4809 gationis
1541 4723 1646 4786 forma
1683 4723 1880 4807 fungantur,
1915 4742 1975 4786 ceu
2007 4718 2140 4784 Christe
2170 4738 2229 4799 per
2260 4720 2347 4784 isos

322 4828 414 4872 suas
437 4814 568 4889 reputet
588 4831 626 4872 ac
648 4810 753 4874 ducat.
767 4810 792 4896 ¹)
832 4807 930 4890 Quod
950 4818 1061 4874 8848444
1084 4808 1210 4873 addidit
1226 4810 1314 4874 Pau·
1368 4812 1536 4876 hortante:
1570 4810 1792 4888 obsocramus,
1824 4803 2077 4873 reconciliamini
2103 4801 2177 4867 Deo
2209 4802 2244 4887 (2
2270 4740 2345 4869 Cor.

338 4892 399 4972 lus,
423 4915 481 4976 pro
504 4892 647 4972 ecclesia,
670 4916 736 4959 non
751 4897 907 4980 intellig-it
922 4916 983 4978 pro
999 4894 1232 4978 redemptione,
1255 4916 1314 4978 pro
1369 4902 1404 4977 5,
1426 4894 1497 4980 18);
1526 4915 1603 4960 8844
1629 4895 1686 4976 884
1711 4899 1879 4977 peccatum
1900 4911 1967 4955 non
1988 4896 2140 4969 8848484,
2167 4908 2227 4971 848
2249 4889 2344 4954 nobis

338 4979 613 5058 reconciliatione,
647 4999 707 5062 pro
733 4983 952 5047 satisfactione
974 4981 1144 5059 ecelesiae,
1174 4980 1232 5046 sed
1254 5002 1314 5064 pro
1366 4989 1538 5066 peccatum
1562 4981 1653 5059 fecit,
1682 4989 1720 5044 nt
1744 4978 1870 5044 iustitia
1890 4974 1955 5040 Dei
1984 4974 2188 5040 efficeremur
2215 4976 2251 5040 in
2277 4975 2343 5041 4118.

340 5066 563 5131 aedificatione
585 5073 619 5129 et
641 5064 797 5148 profectu.
843 5066 1128 5147 Quemadmodum
1158 5067 1235 5133 alibi
1258 5069 1313 5148 844,
1367 5070 1412 5134 Et
1432 5070 1510 5151 quid
1530 5069 1632 5134 calcal
1655 5064 1774 5130 Christi
1795 5069 1948 5140 κοινωνία,
1974 5080 2063 5143 quae,
2086 5062 2189 5127 wana
2209 5063 2345 5142 apostolo

339 5170 374 5215 se
395 5154 557 5217 sustinere
578 5153 691 5217 omnia
711 5158 843 5234 propter
865 5152 993 5229 eleetos,
1017 5160 1055 5217 ut
1075 5153 1215 5217 salutem
1237 5175 1314 5219 con·
1366 5161 1438 5221 48848
1456 5154 1488 5241 (1
1510 5153 1585 5219 084.
1603 5158 1629 5232 l,
1644 5149 1688 5235 9),
1710 5149 1849 5232 fruendo
1869 5145 1959 5212 nobis
1977 5147 2013 5210 in
2033 5147 2189 5231 eoanqelio
2209 5148 2344 5228 84484484,

339 5248 525 5320 sequantur,
548 5258 631 5320 quae
653 5237 761 5304 88448
781 5235 916 5308 Christo
937 5236 1014 5301 Iesu
1037 5239 1071 5320 (2
1092 5239 1175 5302 Tim.
1197 5243 1226 5318 2,
1249 5238 1312 5324 10).
1366 5247 1480 5306 nerunt
1503 5240 1619 5320 44848488.
1664 5236 1788 5301 Contra
1816 5232 2038 5316 indulgentiae
2065 5231 2256 5298 demensum
2284 5232 2344 5296 ali·

338 5320 384 5386 Et
416 5323 597 5390 Corinthiis
631 5322 792 5390 scribebat
819 5321 854 5405 (2
874 5319 948 5385 Cor.
975 5325 1006 5399 1,
1026 5323 1076 5403 6),
1109 5343 1169 5404 848
1201 5345 1314 5389 884848
1367 5325 1455 5410 quod
1483 5325 1609 5409 gratiae
1637 5344 1679 5386 ex
1706 5320 1847 5384 armario
1870 5340 1974 5403 papae
1995 5317 2173 5398 reclusum,
2199 5317 2342 5401 plumbo,

339 5410 558 5476 consolatione
580 5419 614 5477 et
635 5411 742 5477 881848
764 5428 800 5473 88
820 5406 965 5491 perferre
982 5425 1188 5489 quascunque
1208 5409 1313 5474 tribu·
1367 5412 1594 5487 membranae,
1618 5408 1688 5472 1888
1710 5406 1810 5470 etium
1832 5405 1986 5490 affigunt,
2009 5426 2030 5469 a
2050 5405 2149 5471 verbo
2169 5403 2233 5466 Dei
2249 5400 2343 5468 avel-

1368 5582 1570 5594 ——-—-...--—

406 5683 435 5751 1)
454 5682 803 5739 salacitatem.
841 5656 912 5737 oza
930 5645 1111 5767 884888.-
1128 5679 1208 5732 aaa
1439 5683 1469 5748 1)
1491 5684 1524 5735 In
1542 5680 1616 5732 rsa.
1633 5678 1676 5733 84.
1696 5679 1761 5735 aa
1831 5679 1863 5750 a)
1880 5679 1969 5734 rna.
1987 5674 2016 5731 a
2033 5678 2125 5730 rom.
2143 5672 2185 5741 a,
2203 5673 2228 5728 a
