5600 6809
369 755 430 818 729
517 750 608 817 LIB.
629 750 693 815 m.
737 750 801 814 DE
823 746 959 815 MODO
980 744 1326 814 PEROIPIRNDAE
1349 745 1541 813 offltlstl
1562 744 1781 811 aarum.
1826 746 1926 813 CAP.
1948 747 2079 813 XXIV.
2102 749 2215 816 XXV.
2311 750 2373 812 730

369 941 488 1017 Paulo,
516 940 597 1004 unde
624 942 652 1002 et
677 937 825 1001 credendo
851 935 988 1000 dicinmr
1015 937 1182 1001 tramiisse
1203 958 1225 1001 a
1245 940 1343 999 morte
1392 939 1516 1000 terram
1531 935 1782 1018 pcreprinatione
1802 942 1876 1002 nota
1892 942 1949 1001 cst:
1971 938 2025 1002 sed
2045 952 2125 1017 qliae
2145 940 2199 1002 sui
2219 938 2373 1004 desiderio

367 1030 404 1092 in
431 1027 543 1104 citam,
575 1045 636 1088 non
664 1024 730 1087 iam
751 1021 913 1104 pereqrini
939 1026 966 1085 et
994 1021 1143 1100 maenae,
1176 1023 1230 1086 sed
1262 1021 1343 1084 cives
1393 1021 1487 1085 corda
1508 1025 1615 1085 nostra
1635 1023 1738 1104 maqis
1760 1042 1797 1086 ac
1817 1024 1919 1105 mapis
1940 1023 2075 1103 quotidie
2095 1025 2248 1103 accendit,
2277 1026 2371 1090 dorne
2451 1027 2453 1033 '

299 1123 300 1126 ’
367 1118 545 1185 sanctorium
565 1115 595 1174 et
616 1108 773 1173 domestici
794 1107 872 1185 Dei,
899 1107 954 1186 qni
980 1127 1037 1170 nos
1057 1126 1128 1170 eum
1148 1107 1218 1188 ipso
1239 1107 1341 1188 um'pe-
1389 1105 1485 1188 plena
1512 1106 1623 1187 fruitio
1644 1127 1701 1171 nos
1726 1110 1824 1173 satiet.
1869 1108 1945 1172 Ideo
1966 1109 2039 1173 dici
2060 1130 2098 1173 ea
2121 1109 2242 1175 Chrim
2263 1110 2373 1191 benefi-

368 1201 432 1263 nito
453 1199 557 1261 sedere
578 1195 652 1276 fecit
673 1194 708 1258 in
729 1192 920 1270 coelestibus,
949 1196 984 1254 ut
1005 1192 1048 1256 ud
1062 1193 1192 1272 plenam
1210 1191 1343 1273 felicita·
1394 1192 1454 1256 ciis
1469 1192 1608 1273 fructum
1624 1213 1686 1256 non
1702 1195 1871 1274 percipere,
1893 1195 1958 1259 nisi
1981 1196 2037 1274 qui
2057 1195 2100 1259 ad
2120 1197 2374 1261 resurrectionem

368 1291 427 1348 tem
449 1282 529 1346 nihil
550 1281 630 1345 desit
652 1280 684 1358 (2
705 1280 786 1342 Tim
811 1283 837 1356 l,
864 1281 902 1340 10
909 1300 917 1356 ;
939 1276 1052 1341 Ioann.
1077 1283 1105 1355 5,
1129 1283 1184 1357 243
1205 1277 1292 1359 Eph.
1312 1279 1341 1351 2,
1395 1278 1519 1342 animos
1535 1278 1684 1342 attollunt.
1719 1279 1819 1343 Siniti
1836 1279 1917 1344 hunc
1938 1301 2064 1360 scopum
2080 1282 2230 1364 praehqit
2249 1281 2375 1346 Paulus

369 1374 388 1433 b
411 1368 596 1451 et19):ne
614 1371 715 1430 tamen
736 1364 894 1430 rausum
915 1364 958 1426 sit
979 1362 1066 1427 nobis
1087 1365 1221 1427 exerceri
1242 1361 1343 1426 adhuc
1392 1361 1553 1442 fidelibus,
1582 1364 1624 1428 ad
1651 1385 1741 1444 quem
1767 1387 1800 1430 sc
1828 1367 1904 1429 eniti
1925 1365 2015 1444 dicit,
2045 1371 2073 1430 et
2095 1369 2203 1431 ornnia
2223 1367 2373 1446 oblivisci,

368 1456 425 1522 sub
454 1454 537 1518 dura
567 1452 702 1529 militia,
736 1470 773 1516 ac
800 1451 830 1514 si
858 1448 965 1513 unibus
996 1450 1142 1513 uictoriae
1169 1470 1191 1513 a
1220 1447 1353 1513 Christo
1393 1449 1487 1512 dorice
1505 1470 1537 1513 eo
1549 1450 1711 1529 persentiat
1723 1451 1823 1535 (Phil.
1832 1455 1860 1528 3,
1870 1454 1914 1535 8).
1946 1451 2012 1532 Quo
2030 1472 2086 1516 nos
2103 1473 2222 1534 qnoque
2234 1453 2375 1518 alacrius

363 1546 478 1623 partae
505 1539 626 1620 fmetus
652 1541 815 1614 undaret,
844 1535 1005 1599 tenendum
1026 1539 1071 1598 est
1092 1535 1173 1615 quod
1194 1533 1271 1598 alibi
1292 1533 1343 1598 do
1393 1535 1497 1598 codem
1513 1536 1688 1600 emmane
1709 1542 1829 1617 oportet,
1851 1558 1889 1600 ne
1905 1537 1936 1601 si
1952 1538 2148 1603 mundushic
2169 1559 2225 1603 nos
2247 1543 2374 1620 occupet,

368 1632 452 1690 celem
478 1625 515 1689 de
541 1624 608 1704 spei
629 1628 754 1686 nmina.
802 1621 955 1702 Quoniam
976 1620 1058 1684 entim
1079 1640 1243 1699 spasmus
1263 1639 1344 1701 quae
1393 1623 1499 1685 tristes
1520 1621 1660 1685 desidiae
1681 1629 1804 1686 instrae
1826 1643 1949 1703 poenas
1971 1624 2088 1688 demus.
2135 1624 2276 1688 Proinde
2297 1623 2375 1688 alibi

368 1708 892 1879 aaa>
914 1689 1342 1875 maachathi
1394 1705 1709 1856 testeum,
1722 1708 2375 1859 umatus

373 1882 421 1965 l),
448 1881 600 1962 quamdiu
620 1879 725 1944 carreis
747 1877 903 1961 erpastnlo
924 1897 1033 1941 sunnis
1054 1877 1182 1955 bulum,
1205 1878 1344 1960 pereqri·
1394 1883 1538 1959 spectant.
1571 1877 1621 1941 Ac
1638 1899 1676 1941 ne
1689 1845 1871 1957 flaccescunt
1891 1881 2010 1945 animis
2030 1882 2065 1944 in
2086 1880 2140 1944 hoe
2161 1901 2266 1956 cursu,
2291 1880 2374 1943 ulan

369 1988 486 2033 nomm
513 1989 534 2031 a
555 1965 692 2029 Darnino
720 1963 754 2048 (2
779 1962 853 2027 Cor.
880 1967 908 2040 5,
933 1960 975 2045 6).
1023 1961 1092 2043 Qua
1119 1964 1239 2026 ratione
1266 1963 1344 2027 alibi
1394 1964 1463 2028 illis
1484 1984 1587 2028 munes
1607 1970 1770 2029 creaturas
1789 1966 1936 2047 adiunqit
1956 1967 2065 2030 socias.
2101 1966 2187 2030 Nam
2208 1966 2285 2044 quia
2306 1964 2373 2028 ubi-

369 2055 445 2118 dicit
470 2052 553 2116 idem
583 2049 708 2115 Paulis
736 2047 819 2131 (001.
845 2051 873 2126 3,
898 2049 933 2132 3)
961 2068 1018 2113 nos
1045 2068 1109 2113 esse
1136 2054 1287 2126 mannos,
1317 2053 1345 2112 et
1396 2071 1455 2130 que
1481 2050 1634 2130 deformes
1660 2051 1890 2131 conspiciuntur
1916 2053 2043 2130 rainae,
2071 2051 2148 2116 dicit
2174 2069 2373 2130 quaecunque

369 2139 464 2202 uitam
484 2143 623 2202 nostram
643 2155 713 2199 ann
736 2133 857 2199 Christo
884 2133 1094 2199 absconditam
1120 2155 1184 2199 csse
1206 2135 1240 2198 in
1261 2134 1344 2213 Deo‚·
1396 2137 1432 2199 in
1459 2135 1538 2200 coelo
1568 2140 1595 2199 et
1622 2141 1706 2200 terra
1732 2141 1804 2201 sicut
1829 2136 1906 2199 eniti
1934 2137 1976 2200 ad
2006 2138 2239 2201 renovationem.
2286 2136 2374 2199 Nam

368 2231 396 2288 et
418 2244 514 2305 quum
534 2224 610 2304 ipse,
633 2223 688 2303 qui
708 2221 776 2284 uita
797 2225 904 2285 nostra
924 2225 984 2298 est,
1008 2221 1202 2302 apparuerit,
1224 2226 1296 2285 tunc
1317 2224 1345 2284 et
1395 2242 1493 2303 quum
1514 2221 1624 2286 Adam
1643 2241 1700 2285 suo
1721 2220 1814 2302 lapsu
1834 2222 2037 2302 dissipaverit
2060 2224 2214 2305 inteqrum
2240 2227 2374 2285 reatinae

367 2329 423 2373 nos
451 2329 521 2373 cnm
544 2310 612 2388 ipso
633 2306 835 2387 appariturus
857 2307 892 2369 in
910 2306 1022 2388 ploria.
1066 2305 1154 2371 Haec
1174 2307 1272 2389 ipitur
1293 2326 1345 2370 no
1396 2307 1549 2385 ordinem,
1576 2328 1637 2371 sua
1664 2307 1817 2371 creaturis
1843 2309 1992 2386 servitus,
2021 2309 2072 2371 cui
2088 2313 2217 2389 propter
2238 2306 2374 2371 leontinis

368 2400 437 2459 stra
465 2395 597 2460 conditio
626 2398 685 2472 est,
712 2397 746 2455 nt
772 2391 872 2456 sobrie
892 2396 920 2454 et
942 2392 1020 2455 iuste
1041 2393 1139 2472 etpie
1160 2393 1288 2457 oiouedo
1309 2392 1345 2456 in
1391 2397 1551 2473 peccatum
1578 2392 1731 2457 subiectae
1755 2398 1843 2471 sunt,
1877 2393 2004 2457 mdeste
2031 2399 2058 2458 ct
2085 2394 2195 2476 prams
2222 2397 2281 2473 cst,·
2312 2412 2374 2457 non

368 2479 423 2544 hoe
456 2479 592 2556 saeculo,
625 2482 829 2558 exspectemus
860 2476 979 2541 beatam
1009 2497 1096 2557 spem
1127 2483 1155 2543 et
1182 2478 1345 2542 adcedam
1396 2480 1478 2560 quod
1500 2478 1665 2558 praeditae
1691 2479 1756 2541 sint
1784 2478 1888 2558 aliquo
1910 2499 2017 2557 sensu,
2046 2480 2100 2544 sed
2123 2479 2199 2559 quia
2221 2478 2374 2560 inteqrnm

367 2565 488 2648 pieriae
609 2565 623 2626 i
644 2563 722 2641 Dei,
751 2568 779 2626 et
805 2564 972 2627 servatoris
999 2564 1097 2628 nostri
1126 2563 1202 2628 Iesu
1226 2562 1345 2628 Christi
1397 2569 1512 2635 datum
1532 2583 1554 2627 a
1573 2584 1632 2644 quo
1653 2565 1841 2642 ecddaunt,
1864 2565 2052 2630 naturaliter
2073 2568 2229 2646 appetunt.
2270 2563 2374 2628 Germi-

370 2652 448 2734 (tic.
475 2654 504 2726 2,
532 2653 594 2712 12.
638 2648 702 2712 Hic
717 2649 874 2729 patientia
894 2669 955 2711 non
975 2648 1100 2731 culpari
1121 2670 1200 2729 opus
1220 2655 1277 2728 cst,
1307 2670 1345 2713 ne
1398 2656 1464 2713 tum
1481 2670 1552 2731 erqo
1573 2653 1599 2711 et
1611 2639 1989 2728 parturitionisdolorem
2006 2650 2073 2714 illis
2090 2647 2230 2714 attribuit
2249 2647 2375 2713 Paulus

369 2736 536 2818 defotiqati
556 2735 602 2798 cel
623 2735 857 2813 retroflectamus
879 2753 1020 2812 cursum,
1043 2736 1091 2799 nel
1111 2736 1273 2799 stationem
1294 2755 1346 2800 na
1399 2735 1509 2818 (Ram.
1534 2738 1562 2811 8,
1590 2732 1659 2817 19),
1686 2739 1721 2797 nt
1747 2755 1817 2812 nos,
1845 2736 1901 2816 qui
1921 2737 2081 2817 primitiis
2107 2737 2240 2816 spiritis
2266 2734 2375 2800 donati

368 2827 470 2886 stram
491 2822 678 2886 deseramus.
715 2818 827 2899 Itaque
847 2819 1001 2900 quidqu—id
1022 2819 1169 2885 hmtenus
1190 2822 1227 2885 de
1248 2821 1346 2884 salute
1397 2840 1520 2898 sumus,
1538 2820 1657 2901 paens
1677 2821 1713 2882 in
1734 2825 1842 2884 nostra
1862 2823 2054 2901 corneptiene
2074 2822 2232 2898 tabescere,
2254 2840 2291 2884 ae
2312 2840 2374 2884 non

369 2911 477 2970 uestra
499 2907 673 2986 expositum
699 2904 777 2985 fnit,
806 2910 919 2969 mentes
948 2907 983 2968 in
1010 2907 1124 2971 coelmn
1150 2911 1264 2971 erectas
1288 2907 1347 2985 fla·
1398 2907 1520 2970 imitari
1552 2905 1660 2969 saltem
1685 2911 1805 2968 mortua
1833 2906 1994 2982 daerente,
2029 2928 2108 2987 quae
2134 2907 2233 2971 alierci
2253 2904 2374 2987 peccati
2470 2950 2475 2958 -

346 2994 461 3075 ¹pilot,
488 2997 524 3054 ut
547 2989 722 3069 Christum,
745 3010 836 3070 quem
856 3011 916 3054 mn
938 2991 1089 3069 uidimus,
1111 2992 1298 3079 dilipamus,
1320 2995 1348 3054 ct
1392 3012 1528 3072 poermm
1549 2991 1708 3054 seducent.
1755 2992 1820 3072 Quo
1841 2997 1946 3055 autem
1967 2993 2075 3055 acrius
2096 3011 2152 3054 nos
2167 2997 2306 3073 pnnqat,
2327 2989 2374 3054 ul·

369 3080 405 3141 iu
434 3098 503 3142 eum
532 3077 685 3142 credentes
712 3076 900 3140 immittemus
928 3076 1048 3141 laetitia
1082 3077 1289 3142 inenarrabili
1320 3082 1348 3142 et
1398 3079 1510 3141 timum
1534 3075 1652 3140 Christi
1673 3076 1837 3142 advectum
1858 3082 1943 3141 coeat
1956 3082 2101 3141 cosham
2128 3077 2373 3155 redanptianem.

366 3164 521 3246 qloriosa,
543 3163 635 3231 donec
655 3166 845 3242 reportemus
864 3162 957 3242 fissan
973 3160 1051 3241 fidei
1072 3168 1209 3240 nostrae,
1232 3169 1266 3225 ut
1290 3162 1347 3228 Po
1407 3163 1523 3227 Verum
1549 3162 1672 3244 quidem
1699 3168 1757 3240 est,
1786 3164 1853 3227 iam
1880 3162 2041 3244 completos
2062 3182 2127 3226 esse
2147 3181 2250 3225 mnncs
2270 3181 2374 3225 resur-

370 3255 440 3312 trns
473 3249 612 3312 admonet
644 3247 676 3331 (1
702 3248 791 3312 Petr.
819 3247 919 3330 138).
972 3248 1041 3328 Qua
1073 3249 1192 3312 ratione
1224 3246 1347 3314 Paulus
1398 3249 1542 3313 rectionis
1573 3253 1697 3312 nostrae
1728 3269 1887 3326 nunceros;
1918 3248 1973 3322 sed
2004 3249 2081 3328 qnia
2109 3246 2252 3311 Christus
2282 3244 2374 3310 semel

373 3333 458 3417 (Col.
486 3339 512 3410 l,
536 3334 570 3417 b)
598 3333 691 3414 fidem
718 3336 746 3397 et
772 3333 931 3396 caritatem
951 3334 1083 3412 piorum
1101 3334 1252 3414 respicere
1273 3334 1348 3398 dicit
1398 3334 1518 3398 oblatus
1538 3339 1584 3399 est
1598 3355 1660 3416 pro
1677 3336 1823 3416 peccatis,
1846 3336 1959 3398 iterum
1980 3332 2094 3416 absque
2110 3338 2233 3413 peccato
2255 3332 2373 3412 corespi

372 3421 414 3485 ad
436 3439 522 3500 spem
543 3439 622 3499 quae
643 3420 678 3482 in
700 3417 777 3483 coelo
799 3423 845 3483 est
869 3418 1013 3498 reposita
1061 3419 1163 3500 Qum
1182 3420 1228 3484 ita
1248 3421 1348 3485 oculis
1397 3421 1496 3483 cietur
1516 3421 1551 3483 in
1571 3420 1702 3484 salutem
1723 3419 1839 3503 (Hebr.
1863 3425 1910 3497 10,
1933 3418 1996 3503 12).
2039 3417 2229 3500 Quibnmlibet
2250 3437 2374 3482 amum

370 3506 406 3568 in
430 3503 589 3569 Christum
610 3504 721 3585 defuis
743 3525 759 3568 e
780 3503 857 3569 coelo
879 3503 1065 3583 padanus,
1092 3524 1146 3568 nm
1175 3505 1347 3586 quidquam
1396 3506 1450 3569 nis
1475 3526 1673 3585 prenmmm,
1706 3504 1780 3570 haec
1812 3526 1868 3571 nos
1893 3506 2060 3586 redemptio
2088 3504 2131 3568 ad
2155 3523 2249 3567 sunm
2276 3522 2373 3583 usqne

369 3610 420 3655 eos
448 3596 589 3654 moratur
616 3591 651 3655 in
677 3595 760 3654 terra
782 3611 841 3670 quo
867 3590 973 3655 minus
999 3591 1043 3656 ad
1064 3591 1258 3670 promissam
1278 3591 1347 3657 bea·
1397 3591 1535 3671 effectum
1555 3593 1716 3657 sustinuat.

368 3676 532 3741 titudinem
553 3696 609 3741 nos
628 3676 742 3757 ferant,
764 3675 912 3756 impletur
931 3696 1000 3741 vere
1019 3676 1117 3741 illud:
1137 3697 1188 3768 cor
1205 3682 1347 3743 nostrum
1485 3680 1513 3740 3.
1561 3676 1708 3742 Studium
1739 3681 1881 3740 nostrum
1913 3680 2000 3740 annet
2032 3676 2138 3756 nisum
2166 3675 2213 3738 rei
2237 3674 2372 3756 pardus.

370 3761 514 3825 essenti
542 3767 587 3826 est
612 3761 776 3826 thesaurus
806 3766 907 3827 noster
939 3760 1069 3847 (Matth.
1094 3768 1127 3841 6,
1152 3762 1216 3846 21).
1260 3762 1346 3828 Hinc
1400 3762 1465 3828 Nee
1486 3764 1570 3828 enim
1594 3761 1716 3827 Paulus
1744 3763 1777 3846 (1
1804 3761 1877 3826 Cor.
1905 3766 1952 3840 15,
1979 3765 2018 3825 14
2042 3760 2145 3844 seqq.)
2173 3759 2229 3823 abs
2249 3781 2284 3824 rc
2305 3779 2373 3824 con·

369 3852 435 3911 tam
456 3868 535 3911 rara
556 3848 591 3909 in
612 3848 727 3912 mundo
746 3845 834 3927 fides,
857 3848 937 3928 quod
958 3848 1100 3912 tarditati
1119 3853 1244 3913 nostrae
1263 3849 1347 3915 nihil
1397 3850 1507 3927 tendit,
1530 3849 1595 3933 nisi
1615 3849 1731 3913 mortui
1751 3853 1929 3930 resmrqant,
1951 3852 2045 3910 totum
2066 3846 2257 3928 ecanqelium
2278 3846 2373 3909 inane

368 3933 473 4014 mapis
493 3931 621 4013 difficile
643 3938 690 3996 est
709 3953 806 4013 quam
820 3953 881 4013 per
902 3933 1346 4000 inmnneraobstamlatrans-
1397 3938 1425 3998 et
1449 3935 1554 4016 fallac
1580 3954 1661 4019 csse,
1686 3933 1762 4015 quio
1788 3933 1935 3998 miserior
1955 3937 2032 3997 esset
2052 3936 2159 3996 nostra
2180 3951 2277 4012 quam
2296 3931 2373 3994 alio

365 4017 508 4082 scendere
524 4018 679 4100 perpendo
696 4018 739 4082 ad
749 4018 894 4099 palmam
910 4038 1064 4099 supernae
1080 4020 1256 4084 uocatioms.
1289 4021 1346 4087 Ad
1396 4039 1469 4084 rum
1489 4020 1667 4084 mortalimn
1688 4019 1835 4098 conditio,
1857 4023 1957 4098 utpote
1978 4018 2034 4099 qni
2054 4017 2222 4081 multonem
2242 4016 2373 4082 adiiset

366 4104 521 4184 inqentem
555 4103 758 4168 unseriarmm
786 4103 959 4181 cumulum,
992 4124 1052 4184 quo
1076 4105 1142 4185 fere
1173 4105 1343 4185 obruimur,
1390 4105 1518 4186 probris
1538 4105 1670 4186 expositi
1696 4106 1732 4169 in
1760 4105 1904 4187 siuputas
1932 4103 2026 4167 heras
2042 4103 2278 4185 periclitamur,
2308 4102 2372 4164 imo

367 4189 515 4253 accederat
530 4189 741 4270 profanorum
761 4188 921 4254 hominum
939 4189 1093 4268 ludibria,
1116 4190 1229 4272 quibres
1247 4192 1344 4272 impe
1395 4212 1506 4255 summ
1533 4193 1625 4272 quasi
1651 4210 1720 4254 aces
1747 4191 1928 4255 mactationi
1948 4190 2127 4254 dedinatoe.
2172 4185 2373 4267 Acproinde

366 4276 445 4340 titur
471 4280 579 4339 nostra
609 4276 813 4356 simplieitas;
846 4276 922 4339 dum
954 4273 1101 4339 bonorum
1127 4279 1344 4357 praesertimn
1395 4278 1560 4343 concideret
1586 4277 1655 4341 eius
1680 4277 1835 4342 attonitas
1860 4296 1922 4341 non
1948 4296 2015 4340 nna
2043 4275 2079 4338 in
2094 4279 2188 4354 parte
2209 4272 2371 4348 duntaxat,

364 4361 519 4426 illecebris
552 4365 659 4440 sponte
690 4362 920 4438 renuntiantes,
952 4359 1095 4426 uidem
1127 4360 1344 4427 bmtihrdinem
1394 4363 1450 4429 sul
1470 4364 1506 4427 in
1526 4367 1588 4428 tota
1606 4382 1739 4442 summa,
1761 4382 1856 4445 qnam
1878 4367 1906 4426 et
1925 4361 2050 4441 adoptio
2071 4357 2230 4421 etsalntis
2247 4361 2372 4420 nostm

364 4466 446 4525 quae
478 4467 535 4511 nos
565 4447 656 4523 latet,
696 4448 789 4529 qnasi
819 4446 1003 4529 fuqitantem
1034 4445 1177 4511 umbram
1208 4454 1342 4530 captare.
1394 4449 1515 4530 effectus
1535 4449 1749 4530 complectitur.
1793 4448 1896 4529 Atque
1923 4449 1971 4511 ita
1998 4446 2122 4508 iurem
2150 4441 2288 4505 manime
2309 4460 2371 4504 om-

364 4529 510 4611 Deniqne
531 4553 659 4597 sursum
681 4538 708 4596 et
729 4533 885 4611 deorsum,
913 4554 935 4597 a
960 4531 1061 4613 fronte
1088 4538 1157 4597 eta
1178 4537 1260 4617 tcrqo
1280 4536 1343 4599 uio
1393 4535 1484 4598 nimn
1503 4535 1619 4599 seriam
1639 4534 1740 4599 simus
1761 4535 1870 4598 attenti
1898 4538 1933 4596 ut
1954 4530 2042 4595 nulla
2063 4527 2259 4592 elireturm'tas
2277 4526 2371 4590 lassi-

364 4615 464 4678 lentae
481 4637 537 4681 nos
553 4619 730 4683 tentationes
739 4619 889 4696 obsident,
912 4617 1027 4700 quibus
1043 4619 1234 4683 aestimandis
1255 4619 1343 4704 lonpe
1393 4621 1529 4685 tudmem
1561 4621 1681 4702 afferat.
1729 4621 1795 4700 Qua
1827 4617 1954 4683 musitio
1980 4616 2074 4679 ctiam
2102 4614 2138 4676 in
2165 4610 2245 4675 hanc
2272 4610 2371 4708 lomim

363 4706 463 4763 essent
484 4703 585 4766 animi
606 4705 705 4768 nostri
725 4705 872 4785 impares,
894 4705 960 4770 nisi
981 4703 1120 4784 expliciti
1141 4703 1232 4770 rebus
1249 4711 1342 4771 terre-
1392 4706 1503 4771 didmli
1523 4707 1604 4788 quod
1624 4706 1662 4771 de
1682 4727 1720 4771 ea
1741 4704 1871 4769 breoitm
1888 4700 2083 4766 tractandum
2099 4702 2175 4776 erat,
2196 4701 2230 4759 ut
2248 4696 2371 4760 discant

362 4788 431 4863 nis,
454 4785 573 4850 coelesti
592 4789 687 4868 uitae,
714 4811 795 4871 quoe
816 4791 851 4854 in
872 4792 1003 4872 speciem
1017 4789 1131 4871 proud
1151 4797 1268 4856 remota
1287 4798 1340 4872 est,
1393 4792 1530 4872 mutares,
1557 4792 1612 4856 ubi
1634 4791 1793 4858 Christum
1820 4788 1986 4868 receperint
2000 4782 2157 4865 perfectae
2177 4782 2293 4847 salutis
2313 4801 2370 4845 ate-

361 4872 497 4936 deoineti
519 4877 625 4935 essert.
665 4873 771 4954 Quare
791 4876 844 4940 dle
864 4877 989 4941 demum
1010 4877 1107 4942 solide
1128 4877 1164 4940 in
1185 4879 1341 4961 ccanpelio
1391 4882 1494 4959 toran,
1515 4878 1612 4944 altius
1629 4896 1800 4959 assurqere,
1822 4873 1981 4952 sciantque
1998 4868 2116 4933 delesti
2136 4865 2370 4934 immortalitate

354 4957 501 5038 profecit,
524 4957 580 5036 qui
601 4959 644 5022 ad
664 4961 841 5024 continuum
863 4960 966 5028 beatae
987 4964 1223 5030 resurrectionis
1244 4965 1340 5030 medi-
1390 4969 1420 5029 et
1446 4964 1548 5047 plenia
1574 4966 1731 5037 ceddum,
1763 4965 1798 5024 ut
1830 4962 1927 5022 totum
1952 4974 2063 5036 corpus
2089 4954 2186 5035 capiti
2214 4953 2368 5033 conforme

359 5043 507 5106 tationem
528 5043 724 5123 assuefactus
744 5049 796 5108 est.
1389 5050 1547 5115 reddatur.
1584 5046 1844 5131 Quemadmodum
1866 5043 1960 5107 etiam
1976 5043 2010 5104 in
2027 5041 2096 5105 eius
2109 5059 2249 5123 persona
2270 5039 2366 5120 spiri-

450 5130 477 5191 2.
523 5126 575 5190 Dc
601 5147 722 5191 somnio
748 5127 811 5206 hnc
837 5129 984 5196 bonoriem
1010 5136 1107 5198 aricie
1135 5137 1338 5217 disputarunt
1388 5141 1441 5202 tus
1461 5141 1587 5202 sanctus
1607 5131 1840 5199 resurrectionis
1861 5126 2036 5210 caanplum
2057 5125 2188 5191 subinde
2208 5125 2366 5207 proponit.

359 5215 436 5278 olim
452 5212 647 5296 philosophi,
670 5219 762 5292 aqu
783 5215 878 5278 etiam
898 5217 979 5280 inter
1000 5238 1032 5280 se
1053 5224 1225 5298 certarunt,·
1250 5243 1337 5288 nemo
1389 5221 1456 5289 Res
1471 5222 1497 5306 ¹)
1524 5227 1568 5286 est
1595 5219 1712 5284 creditu
1738 5213 1895 5296 difficilis,
1924 5213 1977 5278 ubi
1996 5213 2163 5295 putredine
2185 5214 2365 5289 consumpta

359 5304 476 5379 tamen,
499 5303 619 5380 eccepto
643 5297 789 5377 Platone,
810 5303 936 5381 apuocit
956 5321 1112 5366 mmmmm
1132 5304 1268 5372 lamnis
1288 5308 1337 5374 ba
1385 5306 1505 5388 fuerim
1521 5325 1656 5386 capara,
1679 5301 1802 5366 minden
1823 5321 1881 5365 sno
1900 5304 2032 5380 tempore
2053 5301 2268 5381 resurrectura
2289 5313 2361 5358 esse.

358 5406 436 5449 num
458 5406 523 5451 esse
545 5386 613 5450 eius
633 5383 874 5451 coniunctionem
894 5370 964 5450 uehi
985 5384 1061 5450 Deo.
1101 5388 1212 5467 Qualis
1231 5399 1336 5458 autem

358 5469 434 5536 haec
466 5475 556 5548 esset,
588 5492 626 5536 ne
649 5471 785 5537 -absmro
817 5469 942 5552 quidem
965 5476 1059 5554 qum
1086 5475 1201 5538 sentim
1222 5478 1332 5558 pomit.
1386 5479 1588 5489 *μ

361 5556 427 5621 Nee
448 5558 574 5655 mirum,
596 5563 631 5621 ut
651 5558 707 5656 qui
727 5555 765 5621 de
785 5575 875 5622 sacro
896 5556 986 5654 illius
1006 5556 1128 5656 ainardo
1149 5557 1231 5625 nihil
1250 5561 1334 5626 didi·
1453 5595 1482 5658 1)
1502 5593 1630 5647 Rom,
1647 5591 1818 5663 mm,
1830 5590 1931 5645 mag„
1942 5589 2097 5659 hym,
2110 5586 2173 5641 olm
2185 5581 2251 5652 0⁰9·
2266 5581 2353 5638 7111,

357 5648 450 5706 cerat.
491 5642 591 5707 Nobis
612 5663 708 5710 unica
729 5643 908 5726 etperfecta
928 5642 1063 5726 felicitas
1084 5663 1120 5708 m
1137 5641 1195 5710 hac
1215 5665 1333 5726 quoque
1383 5663 1407 5728 ς.
1424 5662 1484 5718 220.
