5600 6809
399 744 457 804 107
1042 735 1308 803 INSTITU'PIO
1329 737 1434 802 BEL.
1458 737 1638 803 cflfflsr.
1665 742 1755 803 1559.
2346 745 2407 807 108

392 929 499 1013 666116
529 948 614 1006 ntea,
647 926 772 992 subiicit
797 927 898 1008 paula
919 932 1008 1009 pest:
1040 931 1074 989 ut
1099 925 1245 990 tulmen
1272 925 1306 987 iu
1327 944 1376 987 me
1426 926 1560 990 sostomi
1582 926 1724 1008 quinque
1747 927 1903 993 adversus
1926 930 2123 1005 Ammaous,
2147 930 2264 1010 quibus
2293 937 2407 994 tamen

395 1015 497 1078 616166
525 1013 650 1078 canat.
698 1012 821 1077 Certum
848 1014 930 1076 enim
959 1018 1004 1076 est
1029 1033 1137 1075 666166
1158 1010 1291 1074 Domini
1312 1031 1374 1091 pro
1426 1011 1571 1076 cohiberi
1594 1012 1817 1094 sophistarum
1835 1013 1970 1078 audacia
1991 1036 2057 1078 non
2074 1016 2180 1097 potuit
2195 1015 2276 1096 quin
2293 1016 2408 1080 tiaena

397 1100 512 1164 Iebaoa
532 1099 597 1164 illic
614 1119 679 1163 esse
695 1101 851 1179 positum·
874 1104 964 1178 atque
980 1099 1026 1161 ita
1047 1098 1229 1179 restrinpere
1246 1096 1288 1159 od
1305 1116 1375 1176 pcr-
1426 1097 1612 1180 garrulitati
1638 1098 1798 1163 laxarent.
1844 1099 1957 1163 Nihilo
1979 1101 2068 1164 enim
2093 1098 2272 1165 modestius
2294 1100 2348 1164 hic
2370 1122 2406 1165 se

324 1196 329 1209 ‘
396 1206 504 1250 sonam
537 1185 718 1249 mediatoris
748 1184 897 1266 smvolum
929 1188 1005 1247 osset
1026 1204 1062 1246 ac
1083 1184 1222 1263 puerile,
1250 1182 1374 1261 quando
1426 1190 1600 1264 gesserunt
1627 1203 1726 1265 quam
1760 1183 1881 1267 ubique
1910 1185 2023 1250 solent
2075 1183 2177 1250 06166
2209 1185 2406 1250 temeritatis

396 1272 536 1336 absoluta
569 1276 613 1335 est
645 1271 743 1335 oratic
769 1291 849 1350 6666
872 1269 975 1349 fitium
1002 1289 1071 1332 cum
1094 1274 1187 1348 patre
1213 1288 1274 1331 666
1295 1287 1374 1331 eom
1425 1268 1647 1334 infelicissimo
1667 1289 1817 1334 successu
1839 1270 2006 1334 admoneri
2027 1292 2088 1335 nas
2111 1270 2211 1349 dccet,
2234 1276 2273 1334 ut
2294 1271 2406 1336 docili·

391 1361 497 1440 parat.
541 1356 586 1420 Et
606 1358 723 1420 scimus
746 1377 783 1420 66
804 1359 923 1436 recepto
947 1353 1138 1418 Graecorum
1158 1353 1373 1419 mnsaetudinc
1426 1361 1496 1417 tate
1518 1354 1623 1437 magis
1646 1375 1743 1435 quam
1771 1357 1920 1420 acumine
1948 1356 1984 1418 in
2005 1358 2103 1420 istam
2131 1357 2337 1436 quaestionem
2358 1357 2407 1420 in-

397 1444 549 1524 aposteios
574 1445 700 1523 passim
732 1461 840 1504 nomen
872 1447 974 1521 κυρίου
1000 1441 1183 1504 substituere
1211 1441 1246 1503 in
1275 1439 1374 1502 166661
1427 1439 1564 1503 cumbere
1590 1459 1684 1503 curae
1704 1441 1763 1518 sit,·
1789 1462 1850 1506 666
1882 1442 1919 1505 16
1940 1441 2099 1505 animum
2126 1441 2320 1506 inducamus
2349 1449 2407 1506 aut

398 1528 537 1592 Ielcvae.
589 1528 632 1591 Et
663 1549 701 1591 66
726 1526 839 1608 procat
872 1527 1083 1606 quaerendum
1117 1528 1159 1589 sit
1191 1525 1372 1605 exemplum,
1426 1526 1536 1589 Deum
1557 1545 1696 1608 usquam
1728 1526 1914 1610 invectipare
1940 1526 2005 1590 nisi
2030 1527 2066 1591 in
2087 1547 2175 1592 sacro
2203 1528 2274 1591 eius
2294 1528 2406 1606 rerba,

396 1635 457 1678 nan
488 1615 551 1678 alic
579 1634 671 1677 66666
702 1614 803 1677 mavit
828 1611 1002 1675 Dominum
1027 1611 1166 1690 Paulus,
1194 1631 1290 1691 quam
1315 1630 1373 1691 qna
1427 1618 1485 1674 aut
1513 1609 1553 1674 de
1583 1611 1653 1694 1666
1676 1609 1855 1693 quidquam
1877 1613 2019 1696 cogitare
2050 1613 2114 1678 nisi
2135 1618 2306 1693 praeeunte
2332 1613 2404 1677 eius

397 1702 510 1765 edatur
533 1701 616 1764 16616
638 1699 735 1763 laetis
757 1720 777 1762 6
797 1697 887 1761 Petro
909 1697 998 1780 (Act.
1021 1701 1049 1775 2,
1073 1701 1126 1776 16;
1149 1697 1226 1761 1661.
1250 1701 1279 1774 2,
1299 1700 1339 1759 28
1365 1721 1374 1759 .·
1427 1696 1536 1774 verbo,
1555 1708 1612 1760 aut
1628 1696 1717 1779 loqui
1733 1697 1797 1762 nisi
1815 1719 1857 1762 ex
1874 1698 1988 1761 eodem
2004 1699 2103 1763 verbo
2120 1703 2287 1780 asumptum.
2319 1698 2407 1779 Quod

397 1786 542 1868 quisquis
562 1785 747 1849 invocaverit
767 1804 875 1847 nomen
896 1782 1037 1860 Domini,
1066 1783 1175 1847 661666
1196 1783 1261 1847 erit.
1368 1783 1374 1794 '
1427 1783 1466 1861 si,
1484 1802 1564 1862 quae
1580 1783 1681 1846 subest
1698 1784 1733 1846 in
1749 1804 1814 1847 una
1828 1785 1991 1848 divinitate
2005 1785 2120 1865 patris,
2141 1784 2204 1865 filii
2225 1788 2252 1848 et
2271 1785 2407 1865 spiritus

396 1892 506 1936 nomen
526 1871 580 1935 boc
601 1870 804 1952 peculiariter
827 1869 895 1950 tilio
916 1869 1096 1947 ascribitur,
1120 1869 1218 1933 aliam
1238 1889 1304 1932 esse
1324 1889 1375 1931 ra·
1426 1868 1582 1932 distinctio
1604 1869 1653 1951 (61
1674 1868 2038 1953 estccpnitudisficitis)
2065 1870 2200 1952 16666116
2212 1869 2407 1952 ‚mmmm

397 1959 508 2022 tionem
530 1956 676 2021 cormtabit
697 1955 854 2033 6661666;
881 1975 963 2018 nnnc
983 1960 1082 2019 tenere
1103 1957 1183 2018 satis
1205 1959 1256 2032 est,
1279 1974 1374 2033 66666
1421 1953 1499 2034 plus
1523 1953 1650 2033 facessit
1676 1956 1789 2036 6666111
1816 1960 1844 2019 61
1870 1956 2026 2019 molestiae
2047 1977 2142 2036 quom
2162 1956 2316 2036 expediat,
2344 1975 2407 2020 me

398 2043 531 2107 absolute
559 2042 684 2106 Paulus
711 2041 816 2105 Deum
843 2045 992 2123 ropasset,
1021 2042 1127 2105 statim
1153 2041 1303 2103 subiicere
1324 2059 1376 2103 no-
1427 2040 1574 2102 minerint
1611 2039 1819 2121 mperatum
1861 2042 1982 2123 inpredi
2019 2041 2154 2106 mininis
2185 2045 2298 2106 mentes
2329 2042 2408 2106 dum

397 2149 467 2193 mea
490 2127 616 2193 Obristi.
661 2126 714 2190 lto
741 2131 769 2190 61
796 2131 875 2190 16166
902 2125 991 2190 Deus
1019 2148 1039 2190 6
1070 2125 1192 2190 Christo
1218 2127 1286 2206 ipse
1313 2125 1376 2206 spi·
1427 2145 1503 2189 suae
1524 2125 1697 2189 curiositati
1718 2125 1889 2208 1661616661,
1915 2133 2006 2207 61666
2026 2129 2072 2191 ita
2092 2128 2158 2209 repi
2179 2147 2212 2190 se
2233 2127 2408 2191 sustineant

396 2215 479 2278 ritus
504 2218 712 2294 nuncupatur.
765 2211 858 2277 Nibil
890 2213 972 2275 enim
999 2212 1095 2276 obstat
1123 2213 1288 2292 quominus
1314 2216 1375 2275 tcta
1427 2210 1603 2274 coelestibus
1624 2212 1769 2290 66666116,
1791 2218 1945 2293 utcunque
1966 2213 2106 2294 mysterii
2127 2213 2323 2276 altitudinem
2344 2232 2408 2278 uon

398 2300 578 2382 spiritualis
597 2301 639 2363 sit
656 2297 720 2362 Dei
741 2299 882 2375 essentia,
904 2299 939 2361 in
956 2318 1019 2377 666
1036 2304 1136 2379 pater,
1158 2299 1246 2378 tilius
1264 2302 1291 2361 et
1311 2298 1376 2377 spi
1427 2298 1562 2377 capiant.

397 2387 478 2450 ritus
497 2384 800 2466 cmnprebendontur.
843 2382 931 2464 Qrcod
951 2385 1056 2465 ipsum
1076 2404 1113 2446 ee
1132 2385 1289 2465 scriptura
1304 2382 1376 2462 pla-
1514 2386 1564 2446 22.
1614 2383 1726 2446 Tenere
1748 2383 1920 2466 catalopum
1948 2405 2089 2448 errorum
2116 2383 2230 2463 quibus
2250 2383 2323 2447 olim
2344 2387 2408 2447 ten-

399 2493 476 2536 num
496 2472 549 2552 fit·
571 2491 646 2534 narn
667 2475 702 2533 61
722 2470 787 2533 11116
809 2469 915 2533 Deum
936 2470 1086 2534 audimus
1107 2469 1262 2533 nominari
1280 2469 1376 2549 spiri·
1427 2472 1492 2531 1616
1512 2468 1576 2549 snit
1594 2469 1668 2548 fidei
1689 2469 1852 2533 sinceritas
1872 2471 1907 2532 in
1926 2468 1980 2533 bac
2000 2470 2156 2534 doctrinae
2177 2469 2286 2550 capite,
2307 2469 2408 2534 66616

399 2563 472 2634 tum,
495 2558 542 2620 ita
564 2561 591 2620 ct
617 2557 764 2637 spiritum
784 2560 939 2633 sanctum,
967 2560 1118 2635 66616666
1139 2560 1182 2618 661
1203 2554 1377 2636 hypostasis
1427 2553 1551 2635 1666666
1568 2560 1652 2631 66661,
1669 2554 1857 2635 plenumque
1873 2556 1980 2620 inutili
1997 2556 2113 2634 taedio;
2131 2575 2167 2619 oc
2183 2555 2408 2619 1666116666

400 2644 493 2708 161166
513 2643 670 2719 essentiae,
693 2641 841 2706 audimus
862 2642 926 2706 dici
947 2645 974 2704 ct
995 2640 1059 2704 Dei
1081 2660 1153 2718 esse,
1177 2644 1204 2703 et
1225 2662 1246 2703 6
1267 2640 1343 2703 Deo.
1422 2638 1565 2720 plerique
1597 2641 1714 2703 crassis
1746 2640 1870 2705 deliciis
1901 2646 1995 2705 totam
2020 2640 2085 2705 Dei
2108 2640 2244 2724 pieriam
2276 2641 2323 2704 ita
2351 2647 2408 2724 66-

486 2731 536 2792 21.
582 2726 747 2807 Quoniam
769 2736 878 2790 autem
900 2733 1010 2804 satan,
1039 2735 1076 2790 ut
1102 2726 1201 2790 fidem
1230 2733 1377 2790 nostram
1426 2726 1526 2807 pressi
1548 2725 1773 2804 6661616666,
1794 2729 1928 2792 6166116
1949 2728 2177 2792 esseducerint
2197 2731 2408 2792 cammerano

400 2813 441 2878 ab
462 2814 541 2897 ipsis
563 2813 727 2878 radicibus
749 2812 958 2890 convelleret,
981 2814 1100 2895 partim
1123 2812 1163 2876 de
1184 2811 1297 2876 divina
1316 2811 1377 2875 filii
1428 2809 1552 2874 turbare
1585 2812 1751 2892 imperitas.
1803 2811 1918 2877 Statim
1949 2833 2018 2878 aero
2044 2834 2066 2876 a
2087 2815 2203 2894 paucis
2229 2811 2408 2878 haminibus

330 2931 345 2945 -
399 2906 434 2965 61
455 2900 589 2982 spiritus
611 2900 760 2976 essentia,
784 2899 905 2980 partim
927 2898 968 2962 de
989 2898 1152 2980 personali
1170 2897 1376 2962 distinctione
1428 2896 1610 2960 6161116661
1633 2897 1742 2978 plures
1768 2903 1878 2977 sectae,
1905 2920 1984 2979 qnae
2009 2901 2129 2980 partim
2149 2899 2320 2963 lacerarent
2339 2897 2408 2962 Dei

398 2985 551 3068 ingentes
578 3005 705 3067 pnqnas
736 3006 865 3067 semper
890 2986 1006 3062 movit,
1041 2991 1138 3066 atquc
1165 2989 1200 3047 ut
1226 2983 1376 3047 onmibus
1428 2984 1606 3060 essentiam,
1629 2984 1753 3064 partim
1786 2985 2011 3049 distinctionem
2037 3005 2118 3064 qnae
2143 2985 2223 3048 inter
2249 3004 2408 3066 personas

397 3092 499 3154 prope
521 3071 659 3136 saeculis
680 3072 798 3152 impios
819 3071 954 3152 spiritus
976 3071 1141 3146 excitavit,
1164 3070 1221 3151 qui
1243 3071 1377 3134 dadmes
1427 3074 1472 3133 est
1490 3068 1716 3149 contunderent.
1741 3069 1840 3134 Porro
1861 3071 1892 3134 si
1912 3076 2046 3135 16666666
2067 3071 2148 3150 qaod
2165 3075 2235 3135 ante
2251 3091 2289 3134 ec
2305 3071 2408 3151 scrip

398 3156 596 3221 orthodoxos
630 3156 692 3221 hac
725 3157 762 3220 in
787 3165 880 3238 parte
901 3163 1074 3234 vexarent,
1102 3157 1148 3219 116
1176 3159 1204 3219 61
1230 3155 1319 3220 bodie
1339 3175 1377 3219 ec
1427 3160 1502 3218 tura
1533 3155 1614 3219 satis
1644 3159 1799 3219 ostensum
1837 3161 1896 3234 est,
1933 3157 2106 3238 simplicem
2138 3160 2166 3220 et
2204 3156 2408 3220 individuam

397 3243 549 3307 66161166
576 3242 700 3324 favillis
720 3262 835 3306 uocum
861 3243 962 3324 mrtem
983 3242 1142 3306 66666166
1165 3247 1304 3319 6666166,
1327 3241 1377 3305 br'c
1428 3260 1492 3304 esse
1513 3241 1678 3304 essentiam
1698 3243 1795 3304 unius
1816 3240 1889 3321 Dei,
1911 3263 1990 3323 quae
2011 3243 2053 3306 ad
2068 3247 2193 3323 patrem
2213 3247 2241 3305 et
2257 3241 2363 3322 fitium
2380 3247 2410 3307 et

391 3331 552 3411 pemcrsis
573 3328 770 3409 quorundam
791 3328 915 3392 deliciis
937 3347 1092 3392 mcnrrere
1113 3348 1221 3409 operae
1238 3328 1377 3409 pretium
1427 3326 1576 3407 spiritum
1597 3326 1767 3408 pertineat,-
1792 3347 1908 3392 rursus
1928 3333 2053 3411 patrem
2078 3329 2269 3410 proprietate
2296 3329 2410 3409 611666

397 3419 449 3479 661.
501 3415 661 3478 Hactenus
688 3413 800 3478 dociles
826 3434 924 3477 mann
945 3414 1070 3493 ducac,
1098 3419 1284 3479 66666166
1305 3433 1376 3478 cum
1428 3413 1553 3493 differre
1574 3432 1595 3475 6
1614 3412 1694 3493 fitia,
1722 3417 1750 3475 et
1774 3413 1877 3493 filium
1899 3436 1920 3478 6
1940 3415 2072 3496 spiritu:
2098 3435 2159 3478 666
2180 3414 2262 3479 Ario
2282 3419 2408 3479 tantum

392 3501 584 3582 praefractis
616 3506 643 3565 et
677 3499 867 3564 cartemiosis
899 3521 1027 3563 manum
1060 3520 1214 3565 conserere
1240 3501 1377 3564 66661666
1428 3504 1457 3562 61
1475 3497 1615 3575 Sabellio,
1637 3498 1692 3562 sed
1712 3498 1788 3562 aliis
1808 3500 1936 3564 adustis
1956 3521 2096 3565 errorum
2118 3499 2280 3565 aceram
2296 3499 2410 3566 clausa

392 3588 587 3669 propositum
619 3587 699 3667 ficit·
737 3605 819 3650 nunc
858 3591 962 3650 autem
999 3586 1115 3650 verdae
1146 3605 1226 3665 6666
1252 3586 1377 3666 placide
1429 3585 1488 3648 erit
1508 3585 1617 3647 16666.
1663 3582 1726 3647 Sed
1746 3585 1824 3664 6616
1842 3590 1944 3651 666166
1963 3592 2094 3667 tempere
2114 3586 2213 3650 ererti
2229 3585 2411 3666 66616166-

398 3677 519 3735 ostensa
543 3672 620 3752 fuit,
649 3672 688 3735 ab
713 3672 855 3736 66661166
876 3672 1085 3753 improborum
1106 3672 1273 3735 calumniis
1294 3692 1377 3735 asse-
1427 3670 1520 3734 661161
1538 3669 1682 3749 quibam,
1705 3675 1741 3733 nt
1763 3669 1906 3735 Seruatus
1927 3673 2110 3750 asindae,
2133 3672 2296 3753 quinatis
2310 3693 2411 3754 prae·

397 3757 504 3820 rende.
549 3758 622 3820 Etsi
650 3759 862 3840 praecipuum
883 3757 1028 3822 studium
1057 3757 1091 3821 in
1119 3758 1179 3821 hoc
1201 3758 1375 3835 incumbet,
1428 3757 1534 3839 6116116
1561 3756 1667 3819 mania
1687 3756 1890 3835 incaluerunt,
1912 3760 2029 3839 paucis
2050 3779 2154 3823 eorum
2173 3757 2321 3838 fallacias
2341 3757 2411 3823 dis-

259 3882 269 3897 ·
399 3852 437 3904 ut
458 3840 609 3920 habeant,
633 3844 688 3924 qui
710 3844 822 3909 faciles
849 3850 1041 3926 apertasque
1063 3844 1126 3907 Dei
1154 3844 1254 3909 verbe
1281 3864 1377 3908 aures
1429 3847 1528 3906 catere
1559 3862 1668 3922 operae
1693 3843 1834 3922 pretium
1861 3847 1914 3908 est.
1968 3844 2088 3909 Sernota
2120 3865 2229 3909 nornen
2254 3843 2412 3910 1661116116

399 3925 564 4006 dederint,
598 3928 634 3990 in
660 3949 724 4010 quo
751 3937 838 3993 certo
864 3929 947 4011 pede
974 3930 1162 3994 6666161661.
1212 3928 1377 4011 Equidem
1428 3929 1474 3991 ita
1494 3928 1557 4007 fnit
1584 3947 1726 4005 caesum,
1747 3929 1810 3992 imo
1831 3929 2019 4010 demembilc,
2041 3937 2076 3994 nt
2097 3930 2272 3995 trinitarias
2292 3950 2408 4009 616666,

400 4012 463 4091 hic,
487 4013 514 4074 si
539 4013 669 4094 quande
691 4013 771 4078 61166
797 4016 831 4078 16
854 4015 1029 4080 reconditis
1052 4016 1231 4098 scripturae
1253 4022 1376 4099 myste-
1428 4033 1506 4095 quos
1525 4012 1663 4091 uacabat,
1685 4014 1798 4078 61166661
1817 4035 1883 4081 esse
1904 4016 2014 4081 611666.
2063 4016 2175 4082 Omitto
2196 4016 2337 4080 insulsas
2358 4037 2411 4081 66-

399 4099 466 4176 riis,
489 4099 595 4162 sobrie
617 4100 783 4180 multaque
804 4121 878 4165 cum
900 4100 1122 4166 moderatione
1143 4101 1377 4184 philosophan-
1429 4120 1478 4164 ces
1506 4119 1586 4179 quos
1613 4099 1656 4162 ad
1681 4101 1913 4165 ambulandum
1941 4103 2128 4185 eccopitauit.
2173 4101 2260 4166 Haec
2281 4102 2411 4182 quiden

398 4183 477 4248 dum
484 4207 491 4263 ;
524 4183 670 4248 adhibita
698 4185 797 4248 etiam
818 4185 924 4249 multa
952 4187 1117 4265 cautione,
1145 4209 1188 4252 ne
1211 4195 1269 4252 aut
1289 4188 1377 4270 cogi-
1429 4185 1673 4267 speculationum
1703 4187 1772 4250 eius
1802 4189 1866 4263 suit
1897 4209 2035 4266 aemma,
2073 4189 2267 4268 tripartitum
2300 4189 2410 4253 induci

397 4271 477 4334 tatio
511 4278 567 4334 aut
600 4270 713 4352 lingua
741 4271 828 4334 ultra
859 4270 1026 4352 procedat,
1065 4294 1165 4354 quam
1191 4274 1284 4338 verbi
1310 4273 1375 4336 Dei
1429 4272 1535 4336 Deum
1556 4270 1611 4334 ubi
1632 4271 1668 4335 in
1689 4272 1757 4336 eius
1778 4275 1910 4338 essentia
1931 4275 2066 4339 residere
2087 4274 2234 4338 dmuntur
2255 4279 2409 4355 1666666-

395 4358 479 4421 fines
502 4377 536 4420 se
557 4356 765 4437 protendunt.
795 4354 965 4435 Quomodo
987 4359 1076 4420 enim
1098 4360 1291 4425 immensam
1310 4359 1375 4424 Dei
1428 4378 1535 4437 sonae,
1565 4358 1754 4438 triademque
1780 4359 1860 4423 bane
1887 4381 1951 4424 6666
1977 4362 2216 4443 1666166166,
2238 4361 2314 4441 6616
2336 4380 2410 4425 cum

396 4442 573 4507 essentiam
600 4440 642 4504 ad
675 4463 771 4506 suum
804 4441 974 4504 modulum
999 4464 1092 4507 mens
1121 4444 1268 4509 humana
1295 4445 1375 4510 defi·
1429 4443 1493 4507 Dei
1520 4444 1637 4507 unitate
1659 4450 1782 4525 pnpnet.
1827 4445 1951 4511 Interea
1972 4466 2127 4527 personas
2148 4446 2244 4510 661611
2269 4465 2334 4510 esse
2354 4467 2410 4509 en-

397 4530 481 4604 niat‚
510 4548 593 4608 quae
620 4527 766 4591 nondum
793 4534 938 4592 statuere
964 4535 1052 4593 certa
1079 4532 1185 4610 potuit
1207 4532 1301 4612 quale
1332 4532 1375 4595 sit
1427 4535 1533 4594 terrms
1565 4530 1719 4610 quasdam
1745 4532 1847 4608 meas,
1881 4553 1960 4613 6666
1985 4553 2053 4596 cere
2082 4553 2144 4596 non
2175 4533 2343 4596 subsistant
2372 4533 2408 4595 in

397 4612 474 4676 solis
495 4634 620 4695 carpus,
638 4613 724 4696 quod
741 4620 854 4677 tamen
872 4613 974 4679 oculis
992 4614 1135 4696 quotidie
1153 4616 1372 4698 conspicitur?
1427 4615 1560 4680 essentia
1581 4615 1659 4692 Dei,
1681 4615 1735 4678 sed
1755 4615 1860 4679 Deum
1881 4618 1969 4681 nabis
1989 4617 2047 4681 bac
2068 4619 2114 4681 vel
2135 4618 2192 4682 illa
2212 4617 2309 4699 specie
2325 4617 2408 4700 fian·

398 4697 469 4760 Ima
503 4719 596 4776 vero,
632 4699 793 4782 quomoda
824 4699 956 4781 propria
986 4699 1086 4765 ductu
1115 4698 1155 4764 ad
1178 4702 1241 4765 Dei
1273 4723 1375 4783 usque
1426 4707 1510 4779 rent;
1533 4720 1569 4764 ae
1591 4701 1682 4762 initio
1703 4701 1828 4779 quidem
1849 4702 1930 4769 nibil
1951 4705 1985 4766 in
2007 4704 2075 4768 Deo
2094 4705 2196 4785 fnisse
2215 4704 2405 4782 distinctum,

397 4780 615 4847 substantiam
633 4784 861 4851 excutiendam
879 4792 1038 4866 penetret,
1062 4807 1144 4867 quae
1163 4809 1256 4851 suam
1272 4789 1375 4869 ipsius
1428 4789 1503 4867 quia
1525 4787 1600 4850 olim
1622 4785 1705 4848 ideae
1726 4792 1794 4849 erat
1809 4788 1934 4851 verbum
1953 4791 2033 4868 66661
2049 4792 2200 4871 spiritus;
2221 4790 2275 4854 sed
2292 4808 2330 4852 ee
2347 4810 2407 4870 666

397 4868 534 4931 minime
556 4871 761 4952 assequitur?
808 4869 920 4952 Quare
951 4872 1023 4936 Deo
1044 4873 1184 4936 libenter
1205 4874 1375 4954 permitta-
1427 4873 1550 4936 emersit
1574 4870 1719 4935 Ocnum
1745 4872 1835 4936 Deus
1856 4874 1893 4937 de
1914 4872 1995 4954 Deo,
2022 4877 2171 4956 spiritum
2191 4877 2285 4940 etiam
2306 4875 2407 4938 alium

398 4975 473 5017 mus
501 4954 551 5018 sui
573 4957 799 5037 cognitionem,
844 4957 921 5039 Ipse
943 4958 1031 5022 enim
1061 4957 1194 5022 demum
1216 4981 1315 5038 unus,
1339 4966 1376 5022 ut
1427 4959 1556 5037 661666
1584 4957 1689 5021 Deum
1713 4957 1853 5035 11661666.
1902 4960 1976 5024 Etsi
2003 4967 2105 5026 autem
2132 4962 2290 5045 alleporiis
2315 4961 2408 5025 inter-

398 5038 507 5120 inquit
521 5038 679 5119 Hilarius,
693 5045 717 5124 ¹)
740 5042 951 5108 idoneussibi
973 5044 1065 5108 testis
1080 5051 1138 5122 est,
1154 5046 1210 5125 qui
1231 5045 1296 5109 nisi
1316 5065 1375 5126 per
1427 5045 1504 5110 dum
1534 5042 1621 5118 fucat
1653 5063 1730 5106 6666
1761 5046 1906 5124 6666166,
1940 5052 1974 5110 61
2006 5069 2102 5128 quum
2135 5049 2211 5113 dicit
2237 5067 2407 5112 66666666

399 5146 434 5190 66
467 5125 617 5208 cognitus
655 5146 723 5189 non
751 5138 808 5192 est.
873 5130 1108 5195 Permittamus
1142 5137 1252 5193 autem
1280 5131 1307 5194 si
1341 5137 1375 5194 et
1427 5135 1585 5193 adernam
1605 5128 1670 5192 Dei
1694 5128 1795 5209 tuisse
1819 5132 1967 5211 spiritam
1991 5132 2108 5198 Christi
2129 5133 2216 5215 apud
2235 5135 2355 5211 Deum,
2378 5137 2407 5196 61

397 5210 497 5275 talem
519 5210 737 5293 concipiemus
758 5215 867 5295 ipsum
888 5216 1020 5298 qualem
1041 5236 1076 5280 66
1095 5215 1189 5279 nobis
1206 5215 1373 5297 patefacit3
1427 5214 1627 5279 relucentium
1655 5215 1758 5292 ideae·
1785 5217 1871 5295 dem,
1901 5220 2050 5301 spiritum
2069 5220 2170 5301 161666
2191 5220 2316 5285 deitatis
2338 5238 2407 5281 um

397 5317 459 5362 nec
492 5296 532 5361 de
564 5297 634 5378 ipso
668 5297 798 5362 aliunde
831 5301 1068 5367 sciscitabimur
1096 5322 1194 5383 quam
1228 5322 1270 5365 ex
1303 5302 1374 5366 eius
1428 5302 1533 5379 bram‚·
1550 5304 1658 5380 postea
1680 5305 1781 5364 tamen
1802 5305 1963 5386 utriusque
1984 5308 2126 5371 deitatem
2147 5307 2182 5369 in
2203 5305 2338 5379 nibilum
2359 5325 2408 5369 re-

396 5383 504 5447 66616.
538 5383 683 5448 Exstant
704 5383 740 5446 16
761 5383 823 5448 hoc
842 5396 1072 5469 argumentum
1095 5386 1247 5450 homiliae
1266 5385 1375 5471 Chry·
1427 5387 1516 5469 died,
1538 5405 1680 5450 66666666
1700 5389 1868 5454 6666661666
1885 5392 2126 5474 dispemationis
2141 5393 2268 5458 nudum
2287 5395 2351 5456 1666
2372 5391 2409 5454 16
2451 5403 2457 5409 ·

1426 5471 1493 5552 filio
1524 5491 1618 5551 qnam
1650 5472 1686 5535 in
1712 5474 1828 5553 spirtu
1854 5483 1979 5559 partem
2004 5499 2069 5544 esse
2095 5477 2174 5556 Dei,
2207 5478 2300 5542 siniti
2326 5477 2409 5541 111666

1427 5558 1561 5640 spiritus
1590 5557 1833 5624 substantialiter
1859 5565 1893 5625 in
1914 5564 2001 5628 nobis
2028 5569 2119 5643 61666
2139 5565 2234 5627 etiam
2255 5565 2291 5627 in
2311 5562 2410 5645 116616

467 5654 496 5716 ι)
515 5656 588 5709 666.
607 5657 631 5708 1.
651 5657 684 5710 cc
703 5659 799 5711 666.
818 5675 839 5711 0.
861 5656 901 5710 19.
1426 5649 1455 5709 a
1476 5642 1635 5725 1661611166
1656 5644 1720 5709 Da·
1740 5649 1846 5726 pareto
1872 5654 1924 5712 ea.
1971 5649 2054 5729 Quia
2079 5649 2117 5712 de
2136 5651 2319 5720 6661161616
2334 5669 2410 5731 pcr-

400 5553 603 5563 .».-..-.—...-..
