5600 6809
410 674 491 793 iou
722 726 812 792 nra.
835 727 895 791 1v.
940 727 1004 792 na
1026 725 1262 794 narraris
1284 726 1451 796 uanus
1472 729 1539 796 an
1563 726 1793 796 sanorum
1836 728 1936 796 car.
1957 732 2090 800 xvm.
2320 742 2403 806 1058

493 920 522 980 8.
567 916 617 983 Ac
639 916 747 998 ipsum
769 915 900 998 quidem
926 917 1044 981 missae
1071 936 1192 981 nomen
1213 917 1299 982 unde
1319 937 1378 982 na·
1429 924 1518 984 stum
1539 917 1648 1000 ipsum
1669 939 1740 983 sese
1760 917 1950 1001 ingessisse,
1973 920 2031 986 sed
2052 922 2199 989 obedisse
2219 926 2324 1008 patris
2344 947 2404 993 vo-

407 1010 477 1066 tum
506 1003 549 1066 sit
575 1023 745 1083 nunquam
777 1009 865 1066 certe
889 1002 981 1084 potui
1013 1001 1170 1081 iudicare;
1199 1003 1265 1067 nisi
1291 1002 1378 1085 quod
1430 1003 1565 1068 cationi:
1589 1010 1646 1068 aut
1667 1003 1839 1069 sacerdotii
1861 1004 1913 1069 sui
1933 1014 2083 1072 autorem
2106 1009 2216 1074 Deum
2237 1012 2403 1077 instituto-

406 1087 489 1152 mihi
515 1087 693 1152 verisimile
721 1095 785 1166 est,
814 1087 855 1152 ab
883 1087 1101 1153 oblationibus
1123 1109 1205 1170 quae
1233 1090 1377 1154 eonfere-
1430 1109 1564 1172 remque
1585 1091 1754 1171 proferant
1775 1096 1918 1172 oportet,
1942 1100 2001 1156 aut
2021 1093 2180 1159 honorem
2201 1117 2269 1160 non
2290 1118 2403 1162 ossea

406 1174 540 1251 bantur,
569 1174 668 1238 firisse
696 1180 873 1255 sumptum.
922 1171 1019 1239 Unde
1047 1181 1081 1237 et
1102 1180 1230 1238 veteres
1258 1174 1377 1256 plurali
1429 1174 1501 1238 Deo
1523 1175 1700 1253 fateantur,
1723 1175 1758 1238 in
1780 1195 1877 1257 quem
1898 1198 1964 1241 non
1987 1181 2094 1245 vocati
2126 1181 2274 1264 improba
2300 1190 2403 1247 teme·

405 1259 473 1323 fere
494 1277 630 1323 numero
652 1267 821 1341 usurpant
850 1255 934 1328 ,Sed
955 1266 995 1321 ut
1013 1256 1052 1322 de
1073 1259 1207 1323 nomine
1230 1261 1376 1324 remitta-
1429 1261 1527 1324 ritate
1548 1261 1745 1342 irruperunt
1789 1261 1893 1343 Atqui
1913 1284 1956 1327 ne
1978 1265 2103 1346 apicem
2131 1266 2263 1349 quidem
2289 1267 2402 1334 literae

404 1365 479 1408 mus
501 1345 765 1421 controversiam,
789 1343 860 1408 dico
882 1344 1027 1426 privatas
1049 1345 1166 1409 missas
1183 1364 1257 1409 cum
1279 1343 1377 1410 Chri·
1429 1344 1604 1410 obtendere
1631 1354 1768 1429 possunt
1788 1348 1845 1428 qui
1874 1368 1935 1412 suo
1963 1349 2142 1415 sacerdotio
2169 1354 2400 1436 patrocinetur.

406 1431 449 1493 sti
477 1430 682 1495 institutione
710 1450 752 1492 ex
776 1429 934 1494 diametro
963 1450 1121 1513 pugnare,
1149 1428 1287 1513 ideoque
1314 1432 1376 1494 im·
1429 1428 1499 1495 Cur
1520 1452 1588 1494 non
1608 1431 1711 1514 igitur
1732 1433 1891 1496 sacrificia
1912 1442 2129 1518 evanescent,
2151 1459 2234 1521 quae
2257 1439 2327 1504 sine
2350 1460 2402 1506 sa-

403 1515 495 1598 piam
515 1536 586 1580 csse
607 1536 718 1580 sacrae
740 1535 857 1580 coenae
878 1515 1144 1597 profanationem.
1179 1513 1267 1595 Quid
1289 1519 1376 1581 euim
1427 1515 1557 1581 cerdotc
1579 1517 1691 1581 offerri
1712 1539 1779 1581 non
1801 1518 1958 1601 possunt?

404 1600 576 1665 mandavit
602 1601 695 1667 nobis
717 1599 904 1666 Dominus?
932 1621 1040 1665 nonno
1068 1601 1136 1666 acci
1159 1621 1214 1665 ere
1236 1610 1270 1666 et
1292 1602 1375 1667 divi·
1516 1605 1564 1666 10.
1614 1600 1686 1686 ¹)Si
1707 1603 1781 1685 quis
1801 1603 1967 1669 hincinde
1994 1607 2133 1673 concaua
2159 1616 2307 1674 veterum
2335 1631 2404 1675 sea

405 1686 482 1751 dere
513 1687 603 1751 inter
631 1686 713 1751 nos?
764 1685 905 1768 Qualem
937 1684 1085 1750 mandati
1116 1708 1136 1750 o
1174 1689 1375 1753 ervationem
1426 1687 1540 1751 teretius
1559 1687 1711 1768 obtrudat,
1732 1693 1761 1752 et
1776 1709 1882 1753 emam
1903 1692 2078 1757 autoritate
2100 1694 2284 1774 contendat
2306 1696 2403 1761 ahter

405 1771 498 1836 docet
514 1771 639 1837 Paulus
661 1772 693 1856 (1
715 1771 789 1838 Cor.
812 1778 859 1850 10,
882 1771 959 1855 16)?
981 1792 1092 1836 nonne
1109 1772 1300 1837 fractionem
1317 1795 1375 1857 pa·
1426 1771 1677 1856 intelligendum
1699 1794 1769 1838 esse
1791 1774 1877 1856 quod
1898 1776 1933 1839 in
1954 1797 2055 1841 coena
2075 1780 2246 1862 peragitur
2278 1782 2402 1846 sacrifi-

403 1857 465 1935 nis,
483 1877 565 1940 quae
582 1860 767 1923 communio
782 1859 827 1922 sit
838 1857 982 1939 corporis
993 1864 1026 1921 et
1044 1857 1235 1941 sanguinis?
1262 1858 1376 1939 Quum
1428 1859 1536 1937 cium,
1556 1879 1652 1940 quam
1676 1880 1735 1924 nos
1757 1880 1972 1942 exponamus,
1995 1862 2073 1928 huic
2099 1864 2243 1929 breviter
2265 1886 2401 1948 respon-

403 1943 506 2026 igitur
533 1964 618 2007 unus
647 1944 718 2008 sine
743 1942 970 2008 distributione
1004 1943 1136 2025 accipit,
1164 1944 1241 2026 quid
1269 1944 1375 2008 simile
1428 1944 1576 2008 sumsit:
1595 1944 1623 2007 si
1641 1943 1681 2009 de
1699 1945 1908 2026 approbando
1926 1948 2076 2013 sacrificii
2094 1957 2288 2030 commento,
2306 1951 2402 2033 quale

404 2026 476 2093 est?
508 2029 555 2092 At
571 2027 627 2092 ille
644 2049 729 2093 unus
747 2031 846 2095 lodus
863 2028 1017 2094 ecclesiae
1034 2029 1165 2094 nomine
1181 2030 1267 2095 facit
1302 2030 1376 2110 Quo
1426 2028 1463 2092 in
1495 2029 1595 2094 missa
1627 2031 1859 2095 confinxerunt
1887 2032 2051 2114 papistae,
2084 2035 2209 2118 agitur,
2242 2036 2402 2101 eiusmodi

403 2112 582 2178 mandato?
605 2134 717 2179 annon
734 2114 795 2180 hoo
812 2120 924 2197 aperte
945 2113 1084 2178 illudere
1105 2113 1177 2179 Deo
1195 2122 1254 2196 est,
1274 2138 1375 2198 quum
1427 2114 1597 2198 sacrilegio
1617 2122 1744 2181 veteres
1766 2136 1971 2198 nequaquam
2002 2120 2209 2201 patmcinari.
2253 2121 2402 2187 Utuntur

403 2221 489 2264 unus
510 2199 665 2283 privatim
687 2200 729 2264 ad
750 2221 786 2264 se
807 2200 896 2284 rapit
917 2198 1002 2298 quod
1019 2221 1087 2263 non
1108 2201 1174 2265 nisi
1194 2201 1282 2266 inter
1302 2202 1375 2284 plu·
1427 2198 1559 2283 quidem
1580 2199 1629 2263 illi
1651 2201 1803 2266 sacrificii
1830 2202 2000 2283 voeabulo;
2029 2226 2145 2270 verum
2174 2206 2272 2271 simul
2300 2228 2401 2290 expo·

402 2305 456 2349 res
478 2286 549 2350 fieri
569 2283 745 2349 debuerat?
790 2284 858 2351 Sed
879 2306 956 2368 qma
977 2286 1057 2350 satis
1085 2281 1174 2350 clara
1195 2286 1320 2353 Christi
1341 2294 1376 2353 et
1427 2292 1514 2348 nunt
1539 2307 1574 2350 se
1604 2284 1693 2350 aliud
1725 2285 1810 2350 nihil
1844 2287 2044 2372 intelligere,
2076 2311 2176 2372 quam
2207 2293 2401 2357 memoriam

403 2369 502 2434 Pauli
523 2370 624 2435 verba
644 2378 731 2448 sunt,
754 2371 897 2436 breviter
914 2369 1106 2436 concludere
1123 2370 1213 2438 lieet:
1237 2372 1374 2438 ubicun-
1426 2371 1496 2435 veri
1524 2370 1612 2435 illius
1634 2380 1667 2436 et
1688 2371 1776 2436 unici
1805 2373 1954 2439 sacrificii
1984 2375 2070 2457 quod
2091 2377 2127 2439 in
2148 2396 2245 2441 cruce
2272 2378 2401 2461 peregit

404 2475 466 2537 que
484 2476 552 2521 nou
569 2463 619 2520 est
635 2457 748 2522 fractio
765 2456 861 2540 panis
878 2456 920 2521 ad
937 2457 1199 2522 communionem
1217 2456 1373 2537 fidelium,
1425 2453 1588 2534 Christus,
1610 2456 1727 2522 unicus
1754 2457 1807 2541 (ut
1828 2459 1892 2541 ipsi
1913 2461 2035 2541 passim
2052 2460 2257 2546 praedicant)
2285 2470 2398 2529 noster

402 2540 470 2604 illic
491 2562 558 2604 non
579 2561 713 2606 coenam
739 2541 888 2620 Domini,
911 2541 968 2606 sed
995 2542 1111 2607 falsam
1134 2551 1166 2608 et
1187 2550 1373 2627 praeposte—
1425 2540 1583 2606 sacerdos.
1617 2541 1770 2619 Hebraei,
1792 2543 1900 2627 inquit
1920 2546 2175 2632 Augustinus,²)
2196 2548 2233 2611 in
2253 2548 2397 2614 victimis

403 2646 476 2690 ram
495 2647 615 2692 coenae
642 2627 858 2692 imitationem
887 2648 967 2692 esse.
1010 2627 1111 2692 Falsa
1132 2637 1243 2694 autem
1264 2630 1372 2693 imita·
1484 2623 1587 2690 udum
1608 2648 1688 2709 quas
1710 2628 1890 2693 offerebant
1910 2630 1997 2708 Deo,
2020 2632 2227 2714 prophetiam
2255 2633 2397 2698 celebra·

402 2711 459 2791 tio,
481 2710 670 2794 depravatio
691 2719 751 2778 est.
794 2713 900 2777 Porro
922 2712 1111 2797 depravatio
1144 2716 1228 2780 tanti
1249 2725 1372 2800 myste-
1466 2718 1504 2775 nt
1520 2712 1650 2777 fatuae
1671 2713 1823 2778 victimae
1844 2736 1943 2796 quam
1965 2715 2119 2783 Christus
2140 2716 2273 2798 obtulit3
2292 2717 2395 2785 Chri-

403 2797 444 2860 rii
470 2798 637 2880 impietate
668 2819 733 2863 non
760 2804 857 2864 caret
911 2798 954 2862 In
981 2799 1091 2864 missis
1123 2821 1201 2884 ergo
1233 2801 1371 2883 privatis
1424 2797 1522 2861 stiani
1544 2797 1610 2872 iam
1626 2799 1750 2880 peracti
1772 2799 1923 2864 sacrificii
1944 2803 2136 2866 memoriam
2157 2802 2324 2868 celebrant
2344 2826 2396 2870 sa·

401 2882 523 2965 impius
544 2891 595 2948 est
614 2882 743 2950 abimus.
787 2885 911 2966 Atque,
933 2891 971 2948 ut
991 2885 1110 2950 vitium
1137 2908 1242 2951 unum
1263 2887 1299 2950 in
1319 2907 1371 2951 re-
1423 2890 1593 2948 crosancta
1609 2883 1770 2948 oblatione
1788 2891 1821 2947 et
1837 2885 2083 2968 participatione
2100 2889 2243 2971 corporis
2261 2887 2395 2955 Christi.

401 2967 524 3052 ligione
545 2967 635 3032 aliud
656 2967 795 3034 subinde
815 2970 917 3053 parit,
939 2976 1111 3053 postquam
1132 2972 1234 3036 semel
1255 2971 1371 3054 obrep-
1423 2967 1489 3033 Hic
1511 2976 1598 3033 certe
1618 2969 1750 3052 penitus
1778 2969 1866 3034 idem
1888 2969 1982 3036 docet
2003 2971 2090 3053 quod
2117 2972 2266 3056 pluribus
2287 2973 2396 3040 verbis

402 3054 446 3118 sit
475 3054 531 3118 ille
557 3075 628 3119 mos
656 3055 726 3120 aine
760 3056 987 3120 communione
1014 3056 1185 3134 offerendi,
1212 3057 1372 3140 paulatim
1422 3054 1459 3117 in
1480 3054 1564 3119 libro
1586 3054 1626 3119 de
1643 3053 1708 3119 fide
1724 3054 1767 3120 ad
1788 3056 1927 3120 Petrum
1948 3057 2134 3122 Diaconum
2155 3059 2303 3135 habetur,
2324 3060 2395 3140 qui·

401 3146 579 3221 coeperunt
594 3141 630 3204 in
649 3141 786 3224 siugulis
807 3141 1005 3223 templorum
1027 3142 1158 3226 angulis
1180 3143 1371 3208 innumera-
1424 3159 1550 3222 cunque
1576 3139 1709 3204 tandem
1737 3141 1780 3205 sit
1806 3147 1910 3205 autor.
1955 3142 2067 3207 Verba
2087 3151 2177 3209 sunt:
2210 3144 2397 3210 firmissime

335 3285 338 3297 ,
400 3223 482 3289 biles
501 3224 619 3290 missas
639 3226 755 3306 facere,
778 3233 811 3290 et
827 3227 984 3309 populum
1005 3226 1071 3292 huc
1088 3235 1185 3310 atque
1206 3229 1284 3294 illuc
1305 3227 1370 3293 dis-
1423 3230 1510 3304 tene,
1533 3232 1567 3289 et
1588 3225 1774 3291 nullatenus
1796 3225 1932 3306 dubites,
1954 3228 2064 3311 ipsum
2085 3230 2300 3312 unigenitum,
2323 3251 2395 3294 car-

401 3308 547 3388 trahere,
577 3330 674 3393 quem
705 3312 742 3375 in
768 3334 874 3376 unum
899 3320 1026 3377 coetum
1054 3314 1140 3380 coire
1173 3321 1369 3398 oportuerat,
1423 3330 1501 3374 nem
1517 3332 1577 3392 pro
1597 3312 1693 3376 nobis
1713 3312 1847 3391 factum,
1865 3334 1901 3377 sc
1921 3333 1982 3395 pro
2004 3314 2097 3379 nobis
2119 3313 2275 3379 obtulisse
2294 3315 2396 3381 sacri·

400 3402 438 3458 ut
471 3415 549 3460 suae
583 3396 720 3461 unitatis
752 3397 947 3482 mysterium
977 3406 1230 3483 recognosceret
1281 3401 1371 3465 Dant
1422 3395 1532 3460 ficium
1559 3402 1593 3461 et
1618 3396 1760 3462 hostiam
1792 3397 1864 3462 Deo
1890 3399 1927 3462 in
1954 3398 2087 3464 odorem
2119 3400 2292 3465 suavitatis
2299 3423 2308 3479 ;
2342 3401 2396 3471 eui

400 3501 488 3547 nunc
517 3486 551 3545 et
576 3480 794 3548 idololatriam
820 3504 890 3548 esse
919 3491 1055 3567 negent,
1084 3484 1172 3568 quod
1192 3506 1312 3568 panem
1333 3485 1371 3548 in
1423 3502 1498 3546 cum
1526 3488 1619 3565 patre
1645 3491 1679 3547 et
1705 3483 1822 3566 spiritu
1844 3491 1955 3549 sancto
1977 3491 2123 3569 tempore
2149 3486 2271 3550 veteris
2295 3491 2395 3551 tasta-

400 3564 468 3630 suis
485 3567 594 3632 missis
615 3567 792 3632 ostendunt
813 3589 872 3652 pro
895 3567 1029 3634 Christo
1058 3571 1274 3650 adorandum
1301 3571 1369 3635 fru-
1422 3567 1525 3631 menti
1558 3568 1712 3632 animalia
1745 3569 2025 3649 sacrificabantur,
2055 3577 2090 3635 et
2114 3571 2169 3636 cui
2197 3592 2285 3637 nune
2319 3593 2394 3638 oum

399 3657 468 3715 stra
496 3653 584 3716 enim
612 3655 844 3737 promissiones
870 3655 944 3720 illas
966 3656 1007 3720 de
1028 3655 1155 3722 Christi
1185 3657 1371 3740 praesentia
1421 3663 1515 3734 patre
1537 3660 1571 3717 et
1591 3654 1709 3736 spiritu
1730 3662 1859 3733 sancto,
1881 3676 1957 3721 cum
1978 3654 2096 3738 quibus
2117 3677 2185 3720 una
2205 3663 2255 3721 est
2275 3657 2324 3731 illi
2345 3656 2395 3721 di-

398 3735 537 3817 iaetant;
559 3758 651 3821 quae,
668 3746 836 3822 utcunque
852 3740 1088 3824 intelligantur,
1109 3764 1176 3807 non
1192 3742 1265 3808 ideo
1282 3749 1370 3808 certe
1422 3738 1551 3816 vinitas,
1573 3739 1767 3804 sacrificium
1785 3739 1881 3822 panis
1900 3741 2023 3813 etvini
2045 3747 2160 3808 sancta
2181 3741 2317 3807 ecclesia
2337 3764 2396 3824 per

399 3820 494 3888 datae
522 3831 599 3888 sunt
623 3832 662 3888 ut
693 3825 843 3891 homines
870 3827 991 3909 impuri
1017 3836 1052 3892 et
1076 3829 1217 3911 profani,
1245 3829 1370 3909 quoties
1421 3824 1612 3889 universum
1640 3823 1751 3889 orbem
1775 3826 1893 3890 offane
1914 3847 1982 3891 non
2003 3834 2117 3893 cessat
2155 3827 2200 3891 In
2219 3827 2285 3892 illis
2306 3828 2394 3892 enim

397 3907 502 3972 velint
532 3916 565 3974 et
598 3911 634 3974 in
665 3931 892 3994 quemcunque
925 3912 1027 3977 libeat
1065 3913 1219 3994 abusum,
1252 3935 1370 3996 eorpus
1422 3909 1610 3975 carnalibus
1648 3910 1791 3977 victimis
1830 3913 1983 3994 figuratio
2021 3912 2084 3977 fuit
2115 3913 2223 3978 carnis
2258 3911 2393 3992 Christi,

398 3991 524 4058 Christi
546 3996 733 4076 conficiant;
754 3997 812 4062 sed
832 4005 871 4061 ut
890 3997 1014 4078 fideles,
1036 3999 1115 4064 dum
1139 4000 1292 4084 religiosa
1313 3999 1369 4064 ob-
1421 4015 1520 4076 quam
1547 4016 1606 4077 pro
1631 3997 1772 4079 peccatis
1804 3998 1927 4062 nostris
1950 3999 2020 4080 ipse
2049 4005 2121 4063 erat
2147 3997 2330 4077 oblaturus,
2361 4006 2395 4064 et

398 4080 582 4145 servatione
612 4089 793 4163 sequuntur
824 4082 950 4148 Christi
982 4085 1174 4149 mandatum
1206 4087 1242 4150 in
1270 4104 1370 4149 coena
1421 4081 1601 4164 sanguinis,
1618 4102 1715 4164 quem
1739 4087 1811 4146 erat
1831 4078 1996 4148 effirshrns
2016 4084 2052 4147 in
2072 4085 2298 4149 remissionem
2318 4104 2395 4166 pec·

397 4164 605 4243 celebranda,
627 4165 707 4231 vera
728 4167 799 4233 eius
820 4169 1068 4251 participatione
1090 4170 1250 4235 fruantur.
1421 4171 1577 4230 catorum.
1621 4166 1663 4230 In
1684 4166 1747 4232 isto
1775 4176 1886 4232 autem
1913 4169 2071 4237 sacrificio
2102 4170 2282 4252 gratiarum
2310 4169 2394 4233 actio

486 4256 513 4314 9.
557 4251 652 4316 Adde
674 4253 759 4336 quod
786 4253 868 4318 haec
893 4255 1092 4336 perversitas
1120 4257 1246 4337 puriori
1267 4255 1369 4321 eccle·
1422 4257 1518 4333 atque
1547 4254 1811 4318 commemoratio
1838 4259 1889 4318 est
1914 4254 2024 4319 carnis
2046 4253 2185 4332 Christi,
2214 4273 2312 4334 quam
2333 4274 2393 4334 pro

397 4336 465 4400 siae
487 4337 654 4421 incognita
674 4339 745 4402 fuit.
790 4338 964 4422 Utcunque
997 4342 1086 4404 enim
1112 4340 1222 4406 lucum
1244 4342 1299 4407 hio
1321 4341 1369 4404 la·
1421 4336 1515 4400 nobis
1543 4336 1674 4416 obtulit,
1702 4344 1735 4402 et
1763 4340 1948 4422 sanguinis,
1970 4361 2079 4423 quem
2104 4360 2164 4423 pro
2191 4338 2286 4402 nobis
2310 4338 2393 4402 idern

398 4431 653 4488 cereconentur
678 4425 833 4506 quisunt
859 4425 1171 4492 interadversarios
1198 4428 1369 4511 impuden·
1422 4421 1545 4486 effudit
1589 4421 1687 4489 Unde
1708 4424 1915 4507 Augustinus
1935 4425 2007 4509 ipse
2032 4424 2181 4506 pluribus
2201 4422 2318 4506 locis⁸)
2340 4424 2393 4487 ni·

397 4505 510 4584 tiores,
532 4518 619 4573 certo
641 4517 752 4573 tamen
782 4512 901 4575 certius
924 4518 989 4591 est,
1009 4518 1113 4576 totam
1140 4513 1367 4595 antiquitatem
1421 4506 1471 4571 hil
1494 4507 1584 4572 aliud
1610 4530 1709 4592 quam
1736 4511 1934 4575 sacrificium
1961 4509 2068 4574 laudis
2095 4529 2166 4573 esse
2193 4509 2392 4591 interpreta-

397 4589 477 4672 ipsis
505 4592 686 4674 adversari,
714 4604 753 4659 ut
780 4597 931 4678 superius
958 4598 994 4661 in
1020 4599 1098 4663 aliia
1130 4598 1368 4665 demonstravi·
1420 4599 1485 4657 tur·
1529 4592 1682 4678 Denique
1707 4597 1830 4678 passim
1856 4593 1943 4677 apud
1963 4615 2038 4658 eum
2060 4594 2216 4677 reperies,
2239 4616 2308 4659 non
2328 4594 2393 4660 alia

397 4694 480 4752 mus,
503 4684 536 4739 et
556 4679 677 4745 certius
698 4703 740 4746 ex
758 4681 888 4747 assidua
904 4692 1054 4748 veterum
1075 4684 1212 4749 lectione
1231 4685 1368 4752 iudicari
1420 4679 1545 4744 rati⁰¹10
1566 4681 1676 4746 101111ῐὶ
1694 4702 1830 4746 (1011111111
1851 4679 1986 4744 Domini
2003 4680 2206 4756 8801111011111,
2223 4679 2290 4745 nisi
2307 4680 2393 4761 q¹1⁰d

396 4761 524 4843 poterit
579 4763 706 4828 Verum
740 4775 917 4850 antequam
948 4770 1049 4833 finem
1080 4769 1208 4837 dicendi
1239 4772 1366 4852 faciam,
1421 4771 1471 4829 est
1490 4769 1657 4845 memoria,
1685 4767 1808 4849 imago,
1838 4764 2063 4829 lfflfifflfflfillm
2088 4764 2176 4828 illilffi
2205 4764 2391 4849 Singularis,

397 4845 563 4910 missarios
588 4856 717 4913 nostros
744 4852 890 4920 doctores
925 4856 1106 4939 interrogo,
1134 4879 1236 4940 quum
1262 4859 1368 4923 sciant
1419 4852 1491 4914 veri
1520 4861 1554 4916 et
1578 4853 1667 4917 unici
1693 4849 1843 4916 sacrificii
1870 4869 1934 4930 quo
1960 4869 2020 4912 nos
2052 4848 2205 4915 Christus
2237 4851 2391 4933 expiavit

396 4932 556 5014 potiorem
570 4953 640 4997 esse
650 4933 723 4997 Deo
734 4935 961 5019 obedientiam,
968 4963 1066 5024 quam
1078 4941 1365 5027 victimas(lSam.
1419 4935 1636 5004 Mernorabt'lia
1656 4937 1750 5000 dum
1771 4935 1856 4997 1⁰⁶¹&
1876 4939 1921 4998 ⁶⁸?
1946 4933 2022 4998 ΗΜ
2040 4940 2069 4998 4·
2091 4937 2129 5001 de
2149 4936 2180 4999 Τ
2176 4937 2304 5002 findas?
2324 4957 2391 5019 ⁶1²1)-

401 5022 449 5095 15,
469 5018 534 5103 22),
567 5025 601 5082 et
639 5019 745 5101 magis
775 5042 907 5101 poscere
940 5033 978 5089 ut
1011 5029 1082 5092 voci
1121 5051 1199 5095 suae
1238 5030 1368 5096 auscul-
1417 5027 1483 5102 24„
1500 5024 1555 5088 αὖτ’
1568 5029 1735 5104 1³⁰ssde
1750 5019 1900 5084 ‘llSSWll
1916 5019 1954 5084 ἅθ
1975 5020 2065 5084 “W
2080 5022 2243 5102 311θῆβᾶοι
2261 5024 2308 5087 lla
2324 5043 2393 5088 ⁶0?-

397 5110 494 5181 tetur,
516 5124 614 5191 quam
635 5111 673 5168 ut
694 5105 854 5170 sacrificia
875 5109 1070 5189 offerantur,
1099 5115 1258 5193 quomodo
1280 5116 1367 5182 hane
1417 5107 1529 5174 cludit:
1549 5106 1744 5189 quantumin
1761 5104 2062 5187 sacrificioquutuor
2081 5108 2322 5189 musiderantur,
2339 5110 2392 5172 etei

396 5189 599 5254 sacrificandi
626 5191 787 5254 rationem
808 5192 880 5256 Deo
907 5203 1074 5276 acceptam
1100 5198 1249 5277 credant,
1272 5205 1366 5266 ouius
1417 5195 1571 5275 offeratur,
1593 5196 1622 5255 ⁶²
1642 5211 1664 5254 a
1683 5190 1847 5271 9140,Ψῆ
1866 5192 2022 5274 Offmwfi
2039 5197 2141 5276 dim
2161 5195 2285 5276 dudm,
2308 5193 2391 5258 idem

396 5274 526 5338 nullum
560 5274 625 5339 illis
652 5282 780 5340 constat
812 5277 1017 5356 mandatum,
1046 5286 1080 5342 et
1107 5301 1203 5362 quam
1227 5305 1270 5346 ne
1297 5307 1365 5350 una

396 5360 528 5443 quidem
549 5361 730 5444 scripturae
751 5362 878 5446 syllaba
900 5364 1031 5446 probari
1052 5363 1185 5428 vident?
1228 5368 1364 5434 Praete·
1418 5383 1615 5393 ““·”““

395 5467 453 5510 rea
473 5467 574 5544 quum
594 5446 773 5546 apostolum
795 5447 932 5512 audiant
955 5447 1115 5524 dicentem
1132 5449 1249 5536 (Hebr.
1270 5460 1299 5534 5,
1317 5457 1363 5542 4),
1486 5500 1514 5566 1)
1542 5496 1658 5552 ΟΜ,
1673 5499 1699 5552 k
1716 5499 1733 5553 ι
1750 5499 1890 5553 Μὰ
1992 5501 2070 5567 infra
2091 5507 2232 5556 mm
2250 5503 2353 5558 ,rm
2368 5519 2388 5557 a

396 5552 562 5630 nemmem
577 5531 639 5597 srbr
654 5554 773 5598 nomen
790 5541 889 5616 atque
906 5534 1062 5599 honorem
1079 5536 1251 5602 sacerdotii
1268 5563 1363 5608 usur-
1416 5570 1439 5634 ς,
1457 5567 1500 5621 58.
1519 5569 1557 5622 aa
1575 5568 1597 5634 ς,
1616 5565 1658 5620 55,
1736 5567 1768 5636 2)
1785 5569 1859 5622 libr.
1878 5516 2033 5624 comm
2049 5571 2179 5622 acutum
2196 5588 2219 5625 e
2239 5570 2278 5626 18.
2332 5571 2386 5643 ,3)

395 5637 475 5698 pare
496 5619 559 5682 nisi
578 5619 633 5702 qui
650 5626 784 5684 vocatus
805 5627 865 5698 est,
887 5627 924 5684 ut
941 5621 1054 5686 Aaron
1059 5644 1068 5702 ;
1089 5622 1171 5705 quin
1186 5645 1248 5690 nec
1266 5625 1364 5694 Chri·
1414 5637 1517 5690 Oontra
1534 5637 1719 5691 advenerim
1736 5639 1811 5708 legis,
1829 5640 1944 5708 caepim.
1973 5640 2024 5708 Rp.
2043 5637 2095 5691 120
2111 5638 2198 5707 (140).

501 5719 612 5775 Calvia
624 5737 716 5791 opera
755 5721 812 5776 Vol.
830 5719 874 5775 IL
2147 5723 2181 5778 67
