5600 6809
376 773 437 835 689
541 768 631 833 ΙιΙΒ.
655 767 718 832 ΙΠ.
762 768 827 834 DE
847 766 983 834 MODO
1005 767 1355 834 PEROIPIENDAE
1376 766 1568 834 anulum
1589 768 1810 837 sunm.
1853 770 1953 838 OAP.
1974 772 2072 838 XXI.
2094 772 2212 840 XXII.
2311 780 2375 842 690

374 958 545 1024 clodionem
576 977 614 1021 eu
640 958 851 1036 praescientia
883 956 1019 1034 dedncd,·
1050 956 1175 1035 pianda
1201 955 1349 1020 reclamat
1486 960 1516 1018 4.
1560 955 1634 1019 Iam
1655 955 1697 1020 ad
1717 956 1885 1022 Romanos
1907 957 2018 1042 (Rom
2042 965 2070 1039 9,
2095 965 2123 1025 6.
2150 965 2214 1045 11),
2242 961 2299 1026 ubi
2320 985 2375 1028 ar·

376 1042 515 1122 Paulus,
537 1042 690 1124 quidquid
710 1043 837 1106 uirtutis
857 1043 893 1106 iu
913 1040 1089 1106 luminibus
1110 1044 1255 1122 append,
1277 1040 1349 1105 dea-
1400 1047 1593 1123 gumentum
1621 1041 1683 1107 hoe
1710 1049 1744 1107 et
1771 1044 1891 1126 repetit
1912 1045 2008 1109 altius
2031 1053 2064 1110 et
2083 1047 2187 1111 fusius
2208 1049 2375 1131 prosequi-

374 1129 468 1193 tionis
488 1149 553 1194 esse
573 1127 717 1208 effectum.
752 1127 826 1191 Iam
846 1127 877 1191 si
898 1146 994 1191 cauea
1016 1127 1159 1208 superior
1175 1126 1347 1206 queremur,
1399 1133 1463 1202 tur,
1485 1132 1576 1209 repat
1595 1146 1699 1191 ornnes
1718 1148 1783 1192 esse
1802 1128 1968 1194 [uastitas
1989 1134 2046 1211 qui
2059 1134 2219 1214 proponite?
2238 1140 2313 1198 suut
2334 1135 2374 1200 ab

375 1215 534 1296 respondet
554 1213 686 1291 Paubcs,
706 1211 811 1277 Deum
832 1213 878 1276 ita
893 1213 1154 1292 praedestinasse,
1176 1211 1349 1293 etquidem
1401 1211 1537 1276 israele:
1557 1214 1634 1291 quia
1651 1214 1709 1277 etsi
1730 1215 1799 1277 iure
1819 1214 2028 1280 haereditario
2049 1237 2153 1282 ornues
2171 1225 2270 1283 essent
2289 1220 2375 1285 bene·

370 1320 432 1380 pro
452 1299 619 1363 ademtis
637 1319 715 1363 suae
735 1298 927 1380 beneplaeito
975 1296 1094 1378 Quibus
1114 1295 1217 1360 uerbis
1243 1297 1349 1361 euertit
1401 1296 1490 1375 dieti,
1519 1299 1671 1362 successio
1691 1303 1795 1363 tamen
1816 1320 1876 1364 non
1898 1301 1941 1365 ad
1963 1321 2065 1367 omnm
2080 1323 2236 1385 peraeque
2256 1306 2374 1370 banni

375 1405 574 1466 praecunque
594 1384 630 1448 in
650 1404 683 1448 se
703 1383 785 1463 ipsis
805 1383 1021 1466 imapiuantur
1041 1382 1178 1446 immines
1194 1381 1349 1447 uanus
1401 1381 1460 1447 bat.
1508 1381 1603 1465 Oripo
1625 1384 1722 1448 buius
1742 1385 1969 1466 disputationis
1988 1394 2057 1451 erat
2077 1409 2116 1452 ec
2136 1390 2284 1470 superbia
2310 1391 2374 1473 fat-

375 1489 454 1536 suoe
470 1470 582 1535 media
616 1469 704 1533 Nam
720 1474 748 1533 et
765 1488 961 1550 quaeeunque
977 1467 1021 1533 ad
1037 1467 1232 1549 spirituatem
1251 1468 1348 1531 eitam
1400 1467 1519 1549 locique
1545 1469 1728 1551 qloriatione
1756 1471 1878 1536 iudaici
1897 1472 2018 1552 populi.
2063 1473 2150 1536 Nam
2182 1495 2279 1555 quum
2311 1475 2374 1541 sibi

375 1555 521 1636 benefiaa
542 1555 660 1636 cantet
671 1555 769 1632 Dens,
791 1575 828 1619 ea
848 1553 902 1617 boo
922 1574 985 1618 uno
1004 1553 1087 1634 sorite
1107 1572 1237 1617 manare
1257 1553 1347 1631 docet,
1399 1553 1542 1618 cedenac
1574 1574 1683 1618 mosen
1715 1561 1898 1633 assererent,
1931 1557 2069 1621 noenu
2101 1581 2122 1623 a
2153 1580 2211 1624 suo
2241 1561 2374 1626 arbitrio

376 1642 453 1721 quia
474 1641 563 1724 clepit
584 1661 659 1721 quos
680 1640 777 1704 votuit
797 1639 896 1717 Deus,
918 1643 946 1703 et
966 1644 1130 1719 animuum
1150 1640 1219 1702 nati
1239 1643 1347 1716 essent,
1395 1639 1531 1720 pendere
1545 1639 1639 1719 fidem
1656 1641 1814 1723 evanqebii.
1854 1640 1957 1706 Sicuti
1972 1641 2062 1708 bodie
2083 1644 2209 1710 libenter
2224 1648 2374 1728 papistae

375 1727 515 1808 qratiam
535 1746 599 1808 qua
619 1726 749 1809 dipnari
768 1745 818 1790 eos
838 1723 962 1804 volebat,
984 1744 1124 1789 seorsum
1145 1724 1212 1788 illis
1233 1723 1349 1806 reposi-
1397 1724 1506 1805 fictitio
1527 1725 1581 1788 boc
1602 1725 1700 1790 colore
1720 1747 1753 1790 se
1774 1727 1809 1789 iu
1826 1727 1892 1792 Dei
1912 1727 2011 1791 bouus
2031 1729 2255 1794 substituerent.
2286 1730 2373 1796 Pau

377 1816 442 1876 tam
462 1811 578 1876 babuit.
1400 1809 1466 1887 lus,
1493 1810 1637 1890 quamuis
1664 1812 1807 1876 maedan
1833 1819 1974 1877 sanctam
2000 1834 2065 1879 esse
2093 1814 2244 1880 Abrahae
2263 1837 2375 1900 prope-

464 1901 492 1960 3.
536 1896 729 1978 Ubicunque
757 1916 827 1961 uero
844 1907 970 1978 »regnat
996 1895 1057 1959 hoe
1084 1893 1153 1959 Dei
1180 1894 1346 1976 plaeitrrm
1399 1896 1483 1958 niem
1504 1897 1623 1959 ratione
1642 1896 1787 1976 foederis,
1816 1899 1965 1962 muterdit
1991 1904 2093 1964 tamen
2120 1905 2280 1965 adranam
2308 1922 2374 1967 esse

376 1982 468 2047 nulla
488 1983 524 2046 in
544 1981 836 2047 oonsiderationem
860 1981 995 2045 veniunt
1015 1999 1122 2062 opera.
1156 1979 1348 2045 Antithesin
1400 1980 1437 2043 in
1463 2000 1501 2044 ea
1522 1980 1701 2062 plerosque·
1726 2003 1823 2063 neque
1849 1984 1884 2047 id
1910 1984 1997 2049 modo
2018 1986 2096 2065 quea
2116 1985 2309 2067 depenerent,
2337 1992 2375 2052 ut

376 2067 506 2150 quidem
533 2067 587 2131 hie
614 2086 681 2130 non
707 2066 931 2149 prosequitur,
959 2065 1017 2130 sed
1043 2064 1269 2130 subaudienda
1290 2072 1348 2145 est,
1398 2067 1478 2146 fiant
1495 2087 1533 2130 ea
1548 2066 1696 2148 beqitirnis
1711 2067 1897 2148 adulterum
1917 2070 1971 2133 sed
1992 2071 2069 2150 quia
2088 2072 2125 2135 in
2144 2090 2264 2136 summo
2282 2073 2374 2152 sasti-

376 2153 482 2235 qualis
503 2152 582 2217 alibi
603 2151 785 2234 explicatur
806 2153 847 2216 ab
868 2152 1015 2235 ipsomet
1050 2149 1190 2216 Vooavit
1207 2171 1275 2227 nos,
1298 2152 1348 2214 in·
1398 2151 1451 2234 pio
1472 2153 1604 2216 ernincot
1624 2172 1660 2215 aa
1680 2158 1785 2234 repnet
1804 2153 1951 2233 specialis
1972 2154 2035 2220 Dei
2056 2156 2170 2235 dectio,
2198 2177 2278 2237 quoe
2305 2158 2374 2223 sola

376 2239 446 2321 quit
468 2236 502 2322 (2
522 2238 605 2302 Tim.
627 2242 654 2314 1,
679 2237 723 2322 9),
745 2239 915 2304 voeatiane
937 2244 1058 2314 saneta
1080 2257 1147 2301 non
1169 2235 1349 2301 seeundum
1399 2242 1503 2300 ratam
1530 2237 1621 2301 iltius
1648 2238 1842 2319 adoptiom
1868 2240 1953 2320 facit.
2000 2239 2037 2304 Si
2068 2241 2150 2306 otios
2180 2263 2242 2307 aaa
2268 2245 2374 2324 pietas

377 2344 476 2405 opera
503 2333 630 2400 nostra,
660 2321 718 2388 sed
744 2322 925 2389 seeundum
949 2321 1151 2405 propositum
1176 2343 1287 2400 suum,
1316 2329 1350 2387 et
1399 2322 1552 2387 stabiliret
1576 2324 1613 2386 in
1639 2344 1692 2403 spe
1720 2324 1848 2402 salubs,
1877 2325 1959 2389 alios
1979 2326 2136 2391 abdicaret
2155 2328 2223 2392 soba
2244 2348 2305 2392 sua
2323 2328 2374 2392 do-

377 2410 518 2492 gratiam
547 2428 630 2491 quae
659 2407 736 2474 data
763 2416 814 2474 est
839 2409 932 2473 nobis
959 2428 979 2471 a
1001 2406 1134 2473 Christo
1162 2414 1239 2472 ante
1265 2416 1348 2471 tem-
1397 2407 1501 2488 seatio:
1526 2407 1617 2472 stulte
1636 2409 1774 2489 profecto
1800 2414 1829 2473 et
1856 2410 1989 2476 absrude
2012 2411 2136 2476 Paulus
2158 2414 2201 2477 ad
2223 2432 2374 2478 arcanam

376 2515 457 2576 para
477 2493 664 2559 mutaris.
710 2494 756 2558 Et
775 2495 842 2558 iant
862 2494 1051 2560 osurtdunus
1071 2494 1106 2557 iu
1126 2513 1161 2558 eo
1188 2491 1276 2574 quod
1297 2513 1348 2558 ss-
1399 2512 1499 2573 usque
1523 2493 1695 2557 deenen
1715 2493 1836 2560 ueteres
1856 2496 1995 2561 eoebuet
2040 2497 2113 2560 Iarn
2133 2498 2164 2560 si
2184 2498 2250 2563 Dei
2269 2498 2374 2562 ooturs·

377 2579 496 2661 quitur,
518 2587 557 2643 ut
576 2599 722 2644 essemus
744 2581 847 2644 sanati
869 2586 903 2644 et
922 2578 1132 2657 immaoulati,
1157 2578 1349 2660 serupulum
1399 2583 1464 2656 tas,
1496 2579 1588 2641 acius
1615 2598 1712 2642 causa
1738 2585 1828 2645 entra
1855 2583 1962 2662 ipraem
1988 2602 2084 2663 neque
2114 2588 2246 2664 apparet
2276 2603 2374 2664 neque

378 2685 509 2729 omnem
527 2662 635 2728 adimi.
669 2666 733 2729 Dio
751 2666 847 2743 enim,
869 2665 1023 2747 quoniam
1039 2664 1167 2729 futuros
1184 2663 1350 2747 praevidit
1400 2664 1579 2745 quaerenda
1600 2669 1657 2741 est,
1679 2664 1761 2729 alios
1781 2664 1821 2728 ab
1842 2667 1918 2731 aliie
1940 2667 2101 2747 discernit,
2130 2672 2166 2731 ut
2186 2688 2249 2732 non
2269 2688 2375 2733 ornnes

377 2757 514 2826 muetos,
537 2749 610 2813 ideo
633 2749 746 2833 elegit3
768 2759 802 2814 et
822 2749 969 2815 ordinem
986 2749 1085 2814 Pauli
1105 2751 1257 2816 invertes.
1292 2747 1349 2814 Sio
1398 2748 1463 2829 filii
1485 2748 1589 2813 Israel
1614 2750 1680 2812 sint
1699 2751 1765 2813 ocri
1787 2749 1966 2830 Israelitae,
1993 2752 2115 2833 frustra
2135 2755 2285 2834 cuiusque
2306 2773 2375 2818 aare·

377 2857 455 2919 ergo
482 2834 634 2918 colligere
662 2842 733 2899 tuto
761 2842 868 2917 potes:
901 2835 930 2900 si
962 2835 1060 2920 elegit
1089 2855 1150 2900 nos
1181 2841 1219 2899 ut
1244 2835 1349 2901 sanati
1398 2834 1477 2900 ditio
1513 2835 1549 2898 in
1583 2835 1653 2915 ipso
1673 2835 1697 2918 ¹)
1737 2835 1864 2899 initium
1894 2836 2004 2901 babere
2033 2837 2172 2920 finpitur.
2231 2839 2372 2922 Lunqiue

378 2942 537 2997 essemus,
565 2941 632 2984 non
659 2921 760 3004 elegit
780 2921 858 3003 quia
877 2921 1005 2986 fatuos
1026 2920 1109 2986 tales
1129 2920 1348 3003 praevidebat.
1398 2920 1509 2985 deinde
1528 2939 1595 2984 reru
1609 2921 1813 3001 prosequitur
1840 2922 1901 2986 sub
1923 2922 2073 3004 exemplo
2095 2922 2193 2989 Iaeob
2215 2930 2249 2987 et
2269 2924 2370 2990 Esau

375 3007 534 3090 Pugnant
559 3007 648 3071 euim
675 3007 762 3070 inter
789 3027 825 3074 se
854 3006 935 3072 haee
962 3005 1039 3070 duo:
1063 3005 1189 3071 habere
1214 3007 1285 3088 pios
1307 3007 1348 3071 ab
1400 3005 1489 3070 Nam
1508 3026 1605 3086 quurn
1626 3005 1714 3071 ambo
1734 3011 1834 3070 aaut
1851 3005 1916 3086 dlii
1936 3005 2094 3086 Abrabae,
2111 3009 2236 3089 pariter
2256 3011 2372 3075 induri

378 3092 534 3157 electione
556 3098 594 3156 ut
614 3092 719 3156 saneti
746 3092 827 3170 sint,
854 3099 890 3156 et
910 3090 952 3156 ad
972 3112 1046 3156 eam
1066 3092 1191 3157 ratione
1212 3112 1348 3175 operum
1398 3093 1435 3155 iu
1451 3097 1538 3156 adero
1553 3092 1675 3170 mauu,
1690 3093 1962 3174 primopeuiturae-
1976 3092 2118 3158 bonorem
2138 3093 2308 3175 transferri
2328 3095 2372 3160 ad

376 3177 556 3259 pervenire.
570 3213 575 3223 ν
600 3176 714 3259 Neque
740 3177 828 3243 valet
856 3177 910 3242 hio
938 3176 1092 3242 savillum
1120 3198 1183 3260 quo
1210 3176 1348 3242 subinde
1401 3175 1502 3256 Iacob,
1518 3182 1659 3257 putente
1674 3176 1792 3241 amitis
1806 3176 1872 3258 fuit
1887 3179 2027 3258 mantio,
2047 3198 2111 3258 qua
2126 3183 2229 3243 tannen
2248 3178 2373 3244 Paulus

377 3263 583 3344 confugiunt,
611 3263 711 3328 nullis
731 3261 1002 3347 praecedentibus
1020 3264 1146 3328 meritis
1166 3261 1349 3327 Dominum
1398 3263 1550 3328 wnursdit
1569 3267 1711 3328 testatam
1729 3262 1831 3343 fuisse
1850 3263 2023 3328 electionem
2048 3264 2159 3343 unius,
2186 3269 2214 3329 et
2240 3265 2373 3330 caenas

376 3346 1350 3513 lttndlilulfflfflstbltmtnlammffilltffi
1398 3347 2146 3499 §Qldmffimbtibtbbbfb
2166 3369 2373 3501 tmtt't

378 3517 483 3583 sanati
504 3525 627 3596 essent,
656 3519 756 3584 simul
781 3520 948 3598 innuitur,
977 3539 1060 3601 quae
1080 3520 1115 3584 in
1136 3519 1216 3603 ipsis
1236 3520 1350 3584 futura
1394 3519 1533 3600 positam
1549 3538 1615 3583 esse
1629 3519 1744 3585 odunt.
1777 3516 1845 3583 Hoc
1861 3521 1945 3584 minu
1961 3519 2028 3584 dbis
2046 3520 2141 3601 faede
2160 3522 2373 3602 compendium

378 3611 449 3668 erat
470 3603 642 3682 sanetitus,
664 3605 705 3668 ab
727 3604 883 3671 eleotioue
905 3604 1058 3670 habuisse
1079 3605 1259 3670 exordium
1302 3604 1349 3669 ut
1399 3609 1453 3683 est,
1475 3603 1581 3669 Deum
1597 3609 1785 3669 mmuuame
1803 3605 1839 3668 in
1853 3625 1992 3686 persona
2010 3604 2110 3685 Iacob,
2132 3626 2165 3671 se
2184 3608 2292 3690 pratia
2311 3627 2373 3673 sina
2425 3607 2429 3615 '

378 3689 537 3771 quomodo
558 3688 731 3772 quadrabit
750 3691 839 3755 istud
855 3690 1003 3770 verbum,
1026 3711 1108 3773 quae
1128 3691 1170 3756 ab
1191 3690 1349 3756 electione
1400 3690 1511 3773 dunos
1537 3690 1664 3772 eliqere3
1690 3691 1725 3754 in
1746 3709 1885 3769 persona
1906 3690 2013 3770 Esau,
2040 3710 2073 3754 se
2099 3692 2269 3772 repudiare
2295 3713 2374 3775 quos

378 3775 587 3853 derivantur,
623 3774 773 3840 eleetiani
797 3797 937 3842 oausam
970 3775 1123 3842 dedisse?
1167 3776 1208 3841 Id
1240 3776 1349 3859 ipsum
1394 3775 1558 3856 praevidet
1577 3776 1737 3858 indiqnos:
1762 3775 1954 3860 siquidem2)
1976 3776 2124 3841 audacter
2144 3777 2203 3842 ilii.
2249 3777 2374 3844 Paulus

377 3859 462 3942 quod
484 3860 611 3924 marat
632 3860 762 3926 videtur
787 3862 894 3946 magis
919 3868 1031 3944 postea
1052 3863 1265 3938 eanfirmrue,
1293 3861 1349 3927 ubi
1400 3865 1502 3926 andern
1522 3860 1625 3941 quid?
1650 3880 1751 3944 quum
1771 3860 1919 3926 nondum
1939 3862 2011 3927 nati
2038 3869 2161 3941 essent,
2189 3884 2251 3929 neo
2278 3864 2375 3948 quid·

377 3947 432 4023 nit,
455 3945 634 4011 seeundum
650 3947 852 4028 propositum
869 3946 1047 4013 voluntatis
1065 3969 1152 4025 suae,
1170 3946 1258 4032 quod
1274 3967 1349 4029 pro·
1399 3947 1489 4029 piam
1510 3946 1587 4010 boni
1608 3954 1667 4010 eut
1686 3945 1767 4010 mali
1788 3947 1953 4025 feeissent,
1982 3955 2021 4011 ut
2041 3946 2222 4012 seeundum
2242 3949 2373 4016 eleotio-

376 4038 530 4114 posuerat
550 4031 587 4094 in
608 4031 783 4115 semetipso
805 4032 905 4116 (ldph.
932 4038 959 4110 1,
984 4035 1018 4116 5)
1024 4056 1032 4113 ;
1055 4033 1217 4117 siquidem
1237 4033 1349 4097 Deum
1399 4052 1478 4096 nem
1498 4032 1702 4115 propositum
1719 4031 1785 4096 Dei
1803 4039 1959 4111 maneret,
1981 4053 2047 4097 non
2069 4033 2293 4116 exoperibus,
2315 4034 2374 4103 sed

375 4117 410 4180 in
439 4117 612 4200 semetipso
638 4118 858 4199 proposuisse,
887 4117 1023 4200 perinde
1043 4119 1133 4184 valet
1153 4140 1192 4184 aa
1213 4119 1242 4183 si
1263 4116 1348 4182 dioe-
1400 4139 1443 4182 ex
1462 4126 1607 4195 voeante,
1630 4116 1755 4183 dietum
1775 4125 1839 4182 est:
1861 4118 1968 4182 maior
1988 4119 2111 4184 serviet
2131 4118 2267 4198 minori3
2289 4120 2374 4185 sieut

375 4211 475 4281 retur,
494 4201 580 4265 nihil
596 4209 691 4267 extra
711 4224 746 4267 se
768 4202 998 4281 bonsiderasse,
1020 4204 1114 4269 euius
1131 4204 1293 4269 rationem
1313 4203 1349 4266 in
1399 4204 1558 4285 seriptum
1579 4209 1644 4267 est:
1664 4202 1763 4270 Iaeob
1784 4201 1901 4281 dilexi,
1923 4203 2014 4268 Esau
2035 4212 2147 4268 autem
2168 4204 2241 4268 odio
2262 4204 2371 4269 habui.

376 4287 580 4353 deoernendo
607 4287 751 4353 haberet.
795 4288 911 4372 Itaque
937 4291 1091 4371 protinus
1118 4288 1255 4367 subiioit,
1284 4287 1349 4353 huo
1403 4287 1441 4353 Si
1457 4287 1535 4369 quid
1550 4288 1666 4353 ualeret
1676 4289 1888 4370 praesoientio
1904 4288 1940 4352 in
1956 4288 2010 4354 boc
2025 4289 2166 4371 fratrum
2182 4290 2371 4369 demuma

375 4374 540 4458 pertinere
567 4380 671 4437 totam
694 4373 861 4439 eleotionis
884 4382 1015 4439 nostr-ew
1037 4395 1215 4451 summam,
1244 4379 1283 4437 ut
1304 4373 1348 4437 si-
1399 4375 1580 4456 importuua
1600 4378 1676 4440 certe
1694 4372 1781 4454 tieret
1801 4374 1947 4454 uapore
1972 4376 2092 4439 nuntia
2134 4373 2256 4439 Demus
2277 4373 2373 4440 Iacob

375 4481 450 4524 mus
478 4461 513 4523 in
539 4458 670 4524 laudem
698 4458 829 4526 divinae
855 4460 989 4543 gratiae
1035 4458 1133 4525 (terte
1153 4459 1218 4524 Dei
1241 4459 1349 4542 gratia
1398 4459 1501 4541 fuisse
1525 4459 1664 4538 dedum,
1692 4460 1769 4541 quia
1791 4458 1915 4541 suturis
1939 4459 2106 4524 urtrdbus
2126 4465 2226 4540 porta
2253 4459 2283 4523 ei
2307 4459 2373 4540 fuit

376 4565 443 4607 non
455 4544 528 4609 sola
545 4545 728 4627 praedicari
747 4546 783 4609 in
804 4547 961 4611 eleotioue
979 4551 1093 4611 nestra
1112 4552 1266 4622 meretur,
1284 4544 1350 4609 nisi
1399 4545 1553 4628 dipnitas:
1579 4565 1727 4627 quorsm
1755 4544 1867 4611 diceret
1888 4543 2012 4609 Paulus
2038 4544 2175 4608 nondum
2193 4544 2295 4625 fuisse
2315 4565 2373 4609 na-

376 4629 456 4694 haeo
477 4631 622 4712 grutuita
643 4631 694 4695 sit.
737 4631 842 4696 Porro
861 4632 943 4697 haee
964 4632 1107 4716 gratuita
1127 4651 1194 4695 non
1215 4630 1291 4708 erit,
1320 4629 1349 4694 si
1399 4630 1489 4696 mm?
1521 4631 1595 4696 Iam
1611 4631 1665 4698 boa
1680 4630 1904 4697 inconsiderate
1921 4631 2065 4695 additm
2084 4628 2171 4709 foret,
2192 4628 2274 4693 nibil
2294 4630 2373 4694 dum

376 4714 412 4777 in
430 4714 498 4778 suis
516 4715 674 4797 eligendis
692 4717 785 4783 Deus
807 4719 875 4800 ipse
895 4717 1004 4800 qualia
1025 4717 1093 4782 sint
1112 4719 1224 4783 futura
1240 4716 1348 4782 ouius·
1399 4716 1471 4782 boni
1485 4717 1608 4799 fecisse:
1624 4719 1702 4798 quia
1717 4718 1754 4782 iu
1765 4720 1916 4797 prunptu
1931 4717 1991 4779 erit
2009 4714 2149 4795 napa,
2167 4712 2249 4777 nibil
2265 4714 2373 4780 Deum

376 4822 755 4951 rior„
782 4802 1348 4956 Pdeme
1398 4801 2064 4970 aseneum,
2079 4799 2374 4966 eft

376 4970 489 5034 fideles
516 4989 588 5033 eom
630 4970 732 5034 ritur:
761 4993 829 5037 non
855 4996 915 5041 vos
936 4997 989 5040 me
1017 4976 1174 5060 elegistis3
1202 4974 1260 5040 sed
1286 4996 1348 5059 ego
1398 4976 1479 5040 tium
1505 4975 1615 5040 merito
1636 4976 1702 5039 iarn
1722 4979 1794 5036 tuno
1813 4975 1951 5034 eonstm
1971 4969 2075 5033 debuit
2095 4975 2166 5033 ante
2185 4975 2295 5035 natrsm
2316 4971 2373 5038 Ia-

376 5056 462 5140 elegi
483 5074 543 5120 vos
599 5074 694 5118 oann.
722 5059 768 5136 15,
794 5058 858 5142 16).
902 5060 969 5126 Ubi
990 5082 1056 5126 non
1076 5063 1253 5145 praeterita
1274 5068 1348 5125 tan·
1399 5061 1463 5140 oob,
1484 5062 1619 5142 perinde
1645 5080 1683 5124 ac
1709 5059 1739 5123 si
1765 5055 1954 5120 adolevimd.
1997 5054 2097 5136 Atqui
2123 5056 2159 5120 iu
2184 5057 2372 5136 apediernda

376 5149 449 5205 tum
471 5141 589 5205 merita
610 5139 769 5219 exaludit,
797 5143 856 5208 sed
876 5145 960 5209 nihil
980 5145 1134 5212 habuisse
1154 5149 1191 5212 in
1210 5169 1246 5212 se
1267 5148 1348 5230 ipsis
1398 5147 1481 5212 nodo.
1494 5147 1598 5228 perqit
1617 5143 1788 5224 apostolus,
1811 5142 1952 5220 docetque
1972 5141 2165 5221 adoptunem
2187 5141 2280 5207 Iacob
2309 5163 2372 5231 non

376 5227 541 5311 signifieat
561 5248 620 5292 our
641 5225 854 5308 eligerentur,
883 5229 947 5293 nisi
967 5250 1027 5294 sna
1047 5231 1268 5298 miserioordia
1289 5254 1348 5298 an·
1398 5251 1438 5297 ec
1459 5233 1602 5312 opuibus
1617 5228 1787 5311 profectam
1808 5244 1881 5303 esse,
1902 5226 1957 5290 sed
1977 5247 2016 5291 es
2036 5228 2190 5293 vocatione
2211 5226 2283 5292 Dei.
2328 5226 2373 5292 [u

376 5313 569 5379 tevertisset.
585 5336 588 5345 ¹
603 5309 677 5392 Quo
698 5311 795 5376 modo
816 5318 850 5375 et
870 5311 952 5378 illud
973 5314 1071 5378 Pauli
1093 5317 1203 5400 (Bam.
1229 5321 1277 5395 11,
1291 5319 1346 5399 35)

376 5397 640 5481 intelligendum:
663 5398 735 5479 quis
756 5398 845 5480 prior
866 5397 956 5463 dedit
970 5398 1029 5479 illi,
1051 5406 1085 5464 et
1101 5401 1348 5466 retributionem

377 5482 536 5566 aeeipiet‘l
562 5482 731 5581 Siquidem
746 5484 917 5583 osmndere
934 5483 1005 5550 vult
1021 5485 1074 5582 sio.
1085 5485 1149 5550 Dei
1166 5485 1348 5551 bonitatem
1469 5536 1498 5603 1)
1530 5534 1601 5588 Bm
1631 5534 1745 5602 seipso
1823 5531 1854 5600 2)
1878 5531 1926 5586 Ra
1949 5532 2013 5588 mn.
2035 5507 2188 5602 amma
2214 5531 2371 5589 Μ

376 5569 523 5668 h⁰¹Jli¹¹⁰⁸
544 5589 752 5651 PWVffllrer
778 5576 817 5634 ut
843 5570 928 5634 mhfl
956 5569 1153 5670 apudJPPOE
1175 5590 1238 5668 ¹¹⁰⁰,
1256 5591 1349 5668 „PM”
1405 5605 1473 5658 Vr'de
1499 5609 1588 5656 tanen
1602 5574 1649 5657 ‘an
1665 5618 1722 5657 non
1747 5573 1753 5586 ι
1779 5601 1878 5657 Mum
1896 5602 1946 5656 sit:
1971 5602 2010 5655 sie
2027 5602 2148 5671 quidem
2171 5607 2201 5656 ut
2222 5601 2321 5655 nume
2336 5618 2373 5658 eu

376 5661 520 5732 teritum,
542 5676 603 5720 neo
624 5654 773 5721 futurum
793 5664 943 5739 reperiat,
966 5678 1030 5740 quo
1049 5678 1129 5741 ipsus
1150 5654 1348 5722 aonedretur.
1402 5672 1545 5726 doddoni
1560 5670 1744 5728 onmem
1766 5669 1950 5740 lamam
1962 5672 2126 5740 pauniaco
2143 5685 2198 5725 eea.
2208 5667 2284 5724 ledi.
2293 5667 2373 5727 1617.

480 5755 589 5810 Osirim
601 5771 693 5824 opera.
735 5758 793 5816 Vol.
806 5757 850 5813 11.
1504 5814 1506 5817 ,
2131 5754 2167 5808 44
2325 5803 2335 5815 ,
