5600 6809
423 769 484 830 687

413 968 514 1035 ¹suam
546 952 617 1034 ipsa
648 952 827 1036 falsitatem
860 914 989 1017 abunde
1024 952 1235 1036 redarguunt.
1281 953 1324 1016 In
1356 953 1396 1016 iis

420 1045 552 1103 tantum
579 1038 777 1102 immorabor
805 1038 856 1103 vel
883 1037 1064 1120 dequibus
1087 1038 1174 1103 inter
1196 1039 1308 1103 doctos
1330 1038 1396 1103 dis-

420 1132 583 1206 ceptatur,
615 1124 667 1189 vel
690 1145 772 1207 quae
794 1124 1021 1189 difficultatem
1043 1123 1246 1205 simplicibus
1268 1124 1396 1189 adferre

294 1210 296 1218 ⁸
420 1211 566 1292 possint,
601 1210 653 1276 vel
687 1231 770 1291 quae
803 1212 946 1291 speciose
979 1209 1022 1273 ad
1054 1210 1297 1292 suggillandam
1332 1210 1396 1273 Dei

332 1307 335 1310 ’
419 1297 580 1360 iustitiam
602 1295 787 1377 praetendit
808 1295 967 1377 impietas.

739 1585 890 1650 onear
913 1585 1028 1649 xxn.
1050 1585 1074 1666 ι)

421 1744 692 1827 Confirmatio
720 1744 847 1825 huius
879 1744 1094 1826 doetrinae
1127 1774 1181 1825 ex
1212 1745 1394 1855 seriptu-

722 1893 793 1945 rae
824 1864 1090 1945 testimoniis.

507 2070 533 2129 l.
577 2066 670 2130 Haec
702 2065 812 2129 omnia
848 2085 930 2145 quae
969 2067 1136 2147 posuimus
1175 2065 1395 2130 controversia

417 2152 505 2236 apud
526 2151 647 2215 multos
669 2171 737 2215 non
758 2158 887 2228 carent,
917 2151 1060 2214 maxime
1082 2152 1228 2233 gratuita
1247 2150 1395 2215 fidelium

418 2238 547 2303 electio:
581 2258 660 2317 quae
693 2242 797 2301 tomen
829 2235 1010 2316 labefactari
1044 2257 1106 2300 non
1133 2241 1240 2315 petest.
1285 2237 1394 2319 Vulgo

417 2326 507 2388 enim
529 2323 719 2388 existimant
741 2323 867 2399 Deum,
889 2331 987 2402 prout
1008 2322 1165 2404 cuiusque
1187 2323 1304 2386 merita
1323 2322 1395 2386 fore

417 2409 595 2492 praevidet,
617 2409 665 2471 ita
686 2408 773 2471 inter
796 2406 944 2472 homines
967 2406 1158 2472 discernere.
1202 2406 1294 2487 Quos
1317 2428 1395 2492 ergo

418 2492 1396 2661 elffiialtdenitestatamenti

419 2678 453 2731 et
473 2667 677 2748 impietatem
697 2685 899 2747 propensura
921 2663 1065 2747 dispicit,
1089 2685 1143 2728 eos
1165 2664 1280 2728 mortis
1303 2664 1394 2727 dam·

419 2753 545 2816 nationi
577 2750 746 2816 devovere.
794 2749 846 2815 Sic
878 2751 1054 2830 interposito
1076 2750 1303 2830 praescientiae
1330 2751 1395 2815 velo

418 2838 590 2903 electionem
610 2856 673 2901 non
693 2835 781 2901 niodo
806 2835 984 2914 mearunt,
1011 2835 1065 2899 sed
1092 2836 1242 2916 oripinem
1269 2836 1395 2900 aliunde

418 2923 529 2988 batem
554 2921 685 3004 dnpunt.
729 2921 844 3002 Neque
876 2921 957 2985 haee
989 2919 1088 3004 vulgo
1124 2929 1254 3002 recepta
1286 2922 1394 3002 opinio

419 3009 520 3073 solius
541 3007 633 3091 vulgi
655 3015 717 3084 est;
740 3007 856 3070 habuit
872 3007 961 3070 enim
978 3007 1117 3071 saeculis
1134 3006 1285 3071 omnibus
1302 3028 1394 3090 mag-

418 3115 478 3158 nos
500 3102 639 3157 autores.
689 3090 786 3172 Quod
808 3094 951 3176 ingenue
972 3093 1091 3169 fateor,
1120 3113 1163 3155 ne
1184 3093 1256 3174 quis
1277 3113 1394 3157 causae

418 3186 549 3244 nostrae
576 3198 777 3261 magnopere
810 3177 1002 3243 obfuturum
1035 3175 1190 3255 confidat,
1220 3179 1248 3242 si
1280 3199 1394 3242 eorum

417 3265 552 3329 nomina
583 3271 698 3329 eontra
726 3270 943 3346 opponantur.
989 3262 1119 3328 Certior
1146 3272 1197 3328 est
1225 3266 1313 3328 enim
1339 3264 1394 3328 hio

417 3351 482 3416 Dei
510 3350 633 3416 veritas
660 3371 759 3431 quam
781 3358 820 3413 ut
840 3349 1058 3427 concutiatur,
1086 3349 1205 3413 clarior
1230 3370 1329 3433 quam
1357 3359 1394 3414 ut

418 3437 577 3500 obruatur
598 3436 772 3500 hominum
804 3436 984 3500 autoritate.
1029 3434 1102 3499 Alii
1128 3455 1215 3514 uero,
1236 3457 1332 3516 neque
1358 3438 1394 3500 in

416 3524 574 3604 scripturo
595 3523 764 3600 mereitati,
786 3543 882 3602 ncpne
902 3522 967 3586 nilo
988 3521 1140 3603 suffropio
1157 3521 1254 3604 digni,
1277 3521 1393 3586 maini

417 3607 614 3688 irnprobilute
641 3628 754 3672 sermm
782 3608 954 3672 doctrinam
980 3607 1118 3672 lacerant
1146 3628 1240 3687 qnam
1266 3611 1303 3670 nt
1323 3607 1392 3671 tole-

416 3694 530 3758 rabilis
557 3694 599 3757 sit
626 3713 731 3757 eornm
751 3694 921 3773 protervia.
946 3694 947 3697 ’
969 3694 1052 3773 Qum
1073 3692 1163 3756 Dens
1192 3693 1308 3774 elipens
1335 3712 1393 3756 suo

418 3778 548 3844 arbitrio
570 3779 733 3859 quasdam,
760 3779 843 3843 alios
860 3780 1024 3859 praeterit,
1053 3779 1139 3843 litem
1166 3780 1195 3841 ei
1221 3773 1391 3842 inuadunt.

426 3863 541 3928 Verum
567 3866 598 3928 si
623 3884 673 3928 res
700 3866 773 3943 ipsa
800 3870 873 3929 notu
899 3869 957 3942 est,
990 3866 1066 3944 qnid
1092 3864 1256 3945 madeant
1286 3869 1392 3928 emdre

418 3949 523 4015 Deum
539 3949 718 4032 impendo?
752 3948 845 4014 Nibil
860 3950 1003 4016 doemnns
1021 3951 1103 4032 quod
1124 3970 1187 4013 nea
1207 3954 1392 4031 compertum

417 4057 479 4101 non
506 4036 561 4114 sit,
587 4033 655 4099 Deo
683 4036 797 4115 quibus
819 4036 883 4099 nult
902 4037 1040 4118 pretinm
1061 4057 1154 4100 aram
1175 4056 1300 4118 erepere
1320 4036 1392 4101 libe

416 4143 490 4187 rum
509 4141 629 4202 semper
647 4120 756 4202 fnisse.
799 4120 873 4193 Non
894 4142 1045 4202 quaeram
1066 4121 1146 4185 unde
1167 4121 1243 4186 aliis
1258 4123 1392 4201 posteri-

416 4213 466 4274 tas
483 4207 632 4272 Abrabae
646 4206 869 4287 mameduerit,
890 4209 955 4272 nisi
972 4229 1009 4272 en
1026 4207 1083 4272 ille
1102 4208 1281 4289 dipnatiane
1300 4210 1392 4273 cuins

416 4301 507 4360 entra
535 4293 640 4358 Deum
666 4311 763 4356 eausa
789 4314 849 4356 non
876 4294 1042 4358 invenitur.
1088 4292 1306 4372 Respondeant
1336 4314 1392 4358 cnr

417 4381 555 4444 immines
581 4380 646 4443 sint
664 4379 768 4460 mapis
788 4399 884 4459 quam
906 4379 992 4443 boum
1014 4383 1069 4442 ant
1089 4378 1184 4442 asini.
1232 4380 1335 4459 Quum
1356 4380 1392 4444 in

414 4486 513 4530 mnu
541 4464 605 4528 Dei
637 4470 715 4528 esset
746 4485 837 4528 cenes
868 4465 954 4545 ipsos
983 4464 1113 4546 dupere,
1147 4465 1190 4528 ad
1222 4465 1392 4547 imapinem

346 4600 360 4620 r
414 4571 508 4615 suam
522 4550 678 4630 formauit.
713 4547 917 4615 Oomedentne
937 4550 1038 4614 brutis
1058 4549 1252 4614 animalibus
1272 4551 1311 4615 de
1331 4572 1392 4615 suo

414 4642 585 4702 sericeum
607 4636 674 4701 Deo
696 4635 904 4715 expostulare,
926 4636 1019 4716 qnasi
1041 4635 1194 4698 ininstnm
1216 4639 1260 4700 sit
1279 4636 1391 4700 discri-

414 4722 508 4786 men?
554 4721 639 4787 Certe
655 4722 886 4804 praerepotieo,
909 4741 1005 4802 qnam
1027 4720 1123 4783 uirilis
1144 4723 1265 4785 meritis
1286 4722 1392 4803 adepti

306 4843 309 4846 >
415 4813 502 4882 sunt,
530 4828 579 4871 eos
600 4808 701 4888 potiri
727 4806 826 4871 utibile
854 4808 988 4888 aequius
1016 4810 1061 4871 est
1086 4826 1181 4887 qnam
1203 4807 1308 4871 Deum
1329 4828 1390 4872 suo

415 4891 562 4970 beneficia
582 4914 644 4972 pro
670 4894 783 4957 iudicii
808 4894 867 4957 ‘sni
898 4912 1047 4957 mensura
1077 4893 1166 4956 uarie
1197 4892 1390 4958 distribuere.

419 4975 457 5040 Si
475 4976 517 5038 ud
533 4996 685 5055 personas
705 4979 917 5055 transsiliunt,
940 4977 995 5042 nbi
1012 4979 1114 5060 mnpis
1131 4977 1239 5042 odioso
1261 4979 1329 5043 illis
1346 4984 1391 5043 est

415 5061 634 5141 inaequaliter,
656 5063 764 5127 saitem
780 5064 824 5127 ad
843 5063 961 5129 Christi
980 5063 1154 5146 exemplum
1176 5063 1320 5127 debebunt
1341 5084 1391 5128 ee

409 5166 584 5230 paneseem,
606 5166 644 5209 ne
661 5147 698 5210 de
718 5149 845 5212 sublimi
866 5152 921 5215 tuoe
942 5151 1087 5232 mpsterio
1107 5154 1172 5214 tem
1194 5169 1297 5215 seenre
1316 5170 1391 5231 par-

414 5235 508 5299 riant.
554 5229 734 5310 Gmnrpitnr
760 5255 798 5297 ea
824 5237 940 5300 semine
961 5236 1101 5301 Doridis
1122 5235 1266 5301 mortalis
1286 5235 1390 5314 lunio,

415 5321 528 5401 anrbns
555 5316 725 5383 uirtutibus
741 5322 947 5397 promeritum
966 5323 1067 5403 fuisse
1087 5321 1188 5386 dicem
1208 5327 1243 5385 nt
1264 5321 1299 5385 in
1319 5322 1389 5402 ipso

1067 763 1334 840 martimo
1356 766 1460 832 aab.
1484 762 1664 829 OHRISu
1692 768 1784 829 1559.

2363 766 2428 827 688

1449 951 1551 1032 imapo
1573 956 1602 1015 et
1621 951 1723 1034 pieria
1742 953 1865 1031 patris,
1892 951 1962 1030 lna,
1989 952 2113 1016 iustitie
2133 957 2161 1016 et
2182 951 2271 1015 salus
2290 952 2428 1016 mundi?

1451 1037 1518 1101 Hoc
1533 1038 1704 1118 prudenter
1725 1038 1946 1102 animadvertit
1959 1038 2169 1120 Anpnstinus,
2184 1036 2209 1120 ¹)
2231 1037 2267 1099 in
2288 1038 2356 1118 ipso
2379 1058 2426 1102 ee

1449 1123 1559 1186 clesiae
1591 1123 1691 1203 eapite
1723 1123 1954 1188 lucidissimum
1986 1144 2050 1188 esse
2079 1124 2237 1205 protnitoe
2271 1122 2427 1188 mannis

1448 1209 1623 1287 spmulnm,
1649 1229 1688 1272 ne
1709 1210 1744 1272 in
1764 1210 1910 1274 cumbris
1931 1230 1988 1274 nes
2009 1209 2177 1288 conturbet,·
2206 1229 2259 1272 nee
2280 1210 2359 1272 iuste
2380 1210 2428 1272 ei-

1448 1293 1683 1374 indefectam
1704 1315 1769 1359 esse
1787 1295 1893 1374 filium
1915 1295 1992 1373 Dei,
2014 1297 2068 1360 sed
2088 1296 2190 1377 pratis
2210 1300 2292 1359 tarde
2313 1295 2428 1358 inruere

1447 1379 1549 1458 fuisse
1575 1380 1738 1458 donatum,
1765 1385 1800 1443 ut
1821 1381 1901 1445 alios
1916 1386 2025 1461 postca
2045 1382 2160 1463 formet
2181 1381 2333 1444 donorum
2354 1400 2427 1445 sno

1448 1484 1521 1527 rum
1539 1470 1697 1529 ennsmtes.
1731 1466 1796 1531 Hie
1813 1468 1932 1547 siquis
1949 1472 2081 1547 qnanot
2102 1487 2158 1529 cnr
2179 1487 2241 1530 non
2262 1466 2322 1530 alii
2343 1467 2427 1546 quod

1448 1550 1511 1627 ille,
1525 1551 1571 1613 vet
1583 1552 1686 1614 eurab
1707 1551 1762 1617 illo
1774 1573 1830 1617 nas
1851 1573 1953 1617 mnries
1965 1557 2031 1616 tom
2041 1553 2127 1634 loripo
2149 1551 2310 1615 interualla
2332 1552 2426 1616 diste

1448 1654 1533 1712 mus,
1560 1656 1617 1699 cur
1638 1657 1694 1701 nos
1714 1658 1818 1700 eninm
1838 1640 1988 1719 corrupti,
2010 1638 2064 1703 ille
2080 1639 2227 1719 puritas:
2252 1658 2314 1700 rien
2335 1638 2425 1701 mede

1448 1722 1610 1785 resumam
1631 1743 1730 1801 mmm,
1753 1725 1807 1787 sed
1828 1724 2053 1804 impudentiam
2074 1744 2167 1788 suom
2188 1744 2306 1804 qnoque
2326 1723 2425 1787 simul

1442 1807 1564 1885 prodet.
1611 1807 1699 1888 Quod
1724 1810 1755 1872 si
1776 1816 1911 1891 perpnnt
1938 1810 2014 1874 aede
2035 1810 2103 1874 Deo
2130 1809 2263 1874 liberum
2290 1810 2342 1872 ius
2370 1810 2424 1872 eli-

1444 1893 1538 1974 pendi
1560 1913 1597 1957 ue
1613 1895 1799 1972 reprobandi
1821 1896 1952 1977 eripere,
1974 1896 2070 1960 simul
2094 1897 2187 1959 etiem
2209 1895 2293 1976 quod
2313 1895 2423 1959 datum

1447 1982 1493 2041 cst
1512 1975 1635 2042 Cluisto
1651 1980 1805 2061 ausuum.
1840 1980 1914 2044 Iam
1930 1981 2007 2062 qnid
2027 1982 2065 2047 de
2087 2001 2266 2061 unoquoque
2282 2002 2424 2060 monun-

1447 2063 1500 2126 tiet
1526 2066 1699 2143 scriptura,
1722 2086 1832 2145 operae
1858 2069 1997 2147 pretinm
2023 2072 2068 2131 est
2093 2068 2252 2131 adedere.
2296 2066 2443 2132 Paulus

1447 2169 1548 2229 quum
1566 2147 1661 2213 docet
1678 2150 1778 2234 (Eph.
1803 2158 1828 2229 l,
1848 2153 1883 2233 4)
1904 2174 1964 2217 nos
1981 2153 2016 2216 in
2034 2152 2167 2217 Christo
2185 2151 2303 2217 electos
2320 2152 2421 2216 fuisse

1447 2243 1525 2298 ante
1555 2234 1671 2299 mundi
1703 2238 1916 2316 creationem,
1951 2259 2082 2302 omnem
2114 2247 2223 2303 certae
2251 2236 2421 2319 dignitatis

1447 2328 1577 2383 nostrae
1599 2332 1785 2402 respectum
1806 2323 1900 2387 tollit
1933 2323 2076 2388 Perinde
2099 2325 2187 2387 enim
2210 2331 2260 2386 est
2283 2323 2421 2388 acsidi-

1448 2416 1545 2482 eeret,
1568 2407 1721 2488 quoniam
1743 2409 1779 2471 in
1800 2410 1954 2474 universo
1972 2410 2065 2474 Adae
2088 2411 2211 2473 semine
2233 2409 2317 2473 nihil
2339 2410 2423 2474 olec-

1447 2491 1536 2555 tione
1554 2512 1614 2555 sua
1631 2490 1767 2575 dignum
1784 2494 1967 2577 reperiebat
1984 2494 2132 2560 coelestis
2149 2504 2251 2577 pater,
2269 2495 2306 2557 in
2323 2494 2422 2560 Chri-

1447 2585 1535 2639 stum
1556 2599 1654 2640 suum
1675 2578 1785 2644 oeulos
1806 2582 2018 2659 convertisse,
2046 2589 2084 2645 ut
2110 2592 2266 2662 tanquam
2288 2602 2330 2644 ex
2352 2582 2422 2647 eins

1447 2681 1580 2745 corpore
1607 2664 1757 2729 membra
1785 2665 1920 2749 eligeret
1947 2688 2029 2749 quos
2055 2668 2089 2730 in
2112 2667 2199 2731 vitae
2221 2668 2422 2732 consortium

1447 2760 1639 2829 sumpturus
1666 2761 1745 2814 erat
1790 2751 1911 2816 Valeat
1942 2753 2045 2837 igitur
2076 2751 2162 2834 apud
2194 2752 2307 2816 fideles
2339 2753 2422 2819 haec

1447 2834 1546 2911 ratio,
1576 2834 1649 2898 ideo
1677 2857 1737 2900 nos
1758 2837 1793 2900 in
1816 2836 1950 2903 Christo
1972 2839 2071 2903 fuisse
2092 2839 2128 2901 in
2150 2838 2321 2903 coelestem
2342 2839 2422 2903 hae-

1446 2918 1620 2984 reditatum
1641 2920 1820 3004 adoptatos,
1843 2925 1919 3004 quia
1940 2925 1975 2987 in
1997 2924 2090 2988 nobis
2108 2924 2188 3006 ipsis
2205 2945 2272 2986 non
2289 2944 2421 2989 eramus

1446 3011 1557 3069 tantae
1580 3006 1793 3072 excellentiae
1815 3029 1958 3091 capaces.
2003 3009 2100 3090 Quod
2130 3017 2163 3074 et
2188 3008 2265 3072 alibi
2292 3029 2420 3091 quoque

1446 3097 1546 3168 notat,
1569 3113 1671 3173 quum
1692 3093 1843 3158 hortatur
1865 3094 1907 3158 ad
1928 3097 2110 3179 gratiarum
2128 3095 2287 3159 actionem
2306 3093 2420 3159 Oolos·

1446 3197 1557 3240 sensas
1586 3177 1631 3261 (l,
1657 3178 1721 3261 12),
1749 3201 1792 3243 ex
1813 3201 1850 3244 eo
1871 3181 1957 3262 quod
1979 3180 2137 3246 divinitus
2158 3179 2277 3245 redditi
2298 3181 2421 3245 fuerint

1446 3261 1555 3326 idonei
1575 3261 1614 3326 ad
1638 3265 1899 3346 participandam
1920 3274 2040 3331 sortem
2057 3274 2255 3331 sanctorum
2289 3264 2327 3330 Si
2345 3287 2431 3350 gra·

1446 3347 1527 3411 tiam
1549 3349 1647 3414 istam
1668 3350 1742 3427 Dei,
1765 3358 1804 3415 ut
1825 3349 1933 3416 idonei
1956 3351 1997 3416 ad
2041 3352 2158 3417 loriam
2180 3354 2310 3417 futurae
2331 3354 2420 3418 vitae

1446 3433 1657 3499 obtinendam
1685 3434 1874 3513 reddamur,
1902 3374 2069 3520 praeeedit
2096 3437 2224 3515 electio,
2253 3439 2331 3519 quid
2353 3439 2420 3503 iam

1444 3521 1587 3601 reperiet
1611 3521 1646 3583 in
1673 3522 1767 3586 nobis
1792 3523 1884 3587 Deus
1911 3526 1979 3606 ipse
2007 3545 2069 3606 qno
2097 3523 2137 3586 ad
2166 3545 2227 3588 nos
2255 3524 2446 3608 eligendos.
2473 3574 2476 3578 -

1445 3605 1638 3670 moveatur?
1672 3608 1829 3689 Apertius
1846 3610 2027 3673 etiamnum
2045 3610 2149 3673 altera
2166 3611 2236 3673 eius
2259 3612 2421 3675 sententia
2536 3649 2540 3660 ·

1445 3689 1532 3771 quod
1554 3691 1628 3771 yolo
1650 3692 1860 3773 exprimetur.
1904 3694 2016 3778 Elegit
2037 3717 2110 3773 nos,
2133 3695 2239 3777 inquit
2266 3695 2367 3779 (Eph.
2393 3701 2419 3773 1,

1445 3777 1491 3859 4),
1514 3783 1692 3859 antequam
1714 3777 1898 3843 iacerentur
1919 3780 2035 3845 mundi
2056 3781 2279 3859 fundamenta,
2303 3804 2419 3847 secun-

1445 3860 1524 3925 dum
1542 3862 1782 3945 beneplacitum
1795 3865 1974 3930 voluntatis
1991 3887 2079 3944 suae,
2098 3875 2136 3931 ut
2153 3887 2298 3933 essemus
2317 3869 2420 3933 saneti

1445 3956 1478 4012 et
1499 3948 1714 4024 immaculati,
1738 3958 1771 4014 ct
1791 3952 2093 4033 irreprehensibiles
2115 3953 2151 4018 in
2172 3966 2348 4034 conspectu
2369 3955 2419 4035 ip-

1444 4033 1521 4098 sius.
1556 4031 1620 4099 Ubi
1642 4036 1707 4099 Dei
1729 4035 1968 4118 beneplacitum
1988 4038 2187 4122 quibuslibet
2208 4041 2328 4104 nostris
2351 4062 2419 4104 me·

1444 4121 1516 4184 ritis
1539 4122 1682 4204 opponit

1532 4211 1559 4269 2.
1609 4207 1674 4288 Quo
1701 4208 1833 4273 solidior
1858 4211 1899 4275 sit
1919 4211 2078 4293 probatio,
2107 4211 2250 4293 sinpulas
2271 4211 2340 4271 eius
2361 4211 2419 4273 loci

1438 4296 1549 4372 partes
1569 4297 1675 4357 intare
1696 4314 1805 4375 operae
1819 4298 1961 4377 pretium
1982 4302 2042 4373 est,
2066 4318 2144 4378 pirae
2165 4295 2260 4359 siriani
2281 4315 2419 4358 coninua

1444 4377 1526 4442 nibil
1547 4379 1749 4444 dubitationis
1774 4382 1961 4462 relinquunt.
2004 4381 2126 4446 Eleates
2152 4380 2331 4458 nonrinans,
2360 4382 2419 4443 mi-

1443 4464 1527 4527 nime
1547 4463 1677 4529 dubium
1706 4472 1751 4531 est
1776 4469 1854 4547 quin
1878 4469 1983 4548 fideles
2009 4466 2175 4548 eornpeltet,
2202 4465 2296 4527 suuti
2325 4467 2420 4529 etiam

1444 4567 1518 4613 mon
1545 4552 1666 4615 asserit.
1714 4552 1818 4632 Qriam
1838 4554 1937 4617 nimis
1955 4553 2043 4634 foedo
2064 4554 2226 4615 eomnunto
2247 4552 2420 4630 depravant

1444 4655 1553 4698 nomen
1570 4636 1659 4714 illud,
1677 4638 1733 4716 qni
1751 4637 1793 4701 ad
1810 4643 1941 4702 mtatem
1958 4638 2131 4718 detorquent
2152 4657 2215 4717 qua
2222 4637 2419 4715 publicatum

1442 4719 1506 4801 fuit
1526 4723 1728 4804 ennnpelium.
1772 4720 1898 4787 Eleetm
1923 4723 2024 4803 fnisse
2052 4723 2156 4787 diceres
2182 4728 2255 4787 ante
2282 4729 2419 4789 creatum

1443 4806 1600 4883 mundun,
1619 4828 1737 4870 amnem
1753 4808 1916 4890 dipnitatis
1931 4813 2100 4889 respectum
2116 4809 2204 4873 tollit.
2236 4809 2320 4889 Quae
2338 4811 2420 4873 enim

1443 4892 1639 4956 discriminis
1663 4893 1746 4956 ratio
1773 4893 1855 4956 inter
1875 4894 2002 4975 eosqui
2023 4895 2160 4957 umidum
2181 4902 2283 4973 eruut,
2311 4901 2339 4959 et
2365 4896 2420 4975 qni

1442 4977 1552 5041 detrude
1569 4977 1605 5039 in
1621 4976 1730 5040 Adam
1743 4998 1843 5057 peres
1862 4978 1966 5059 futuri
1987 4982 2099 5044 eant?
2132 4980 2204 5044 Iam
2226 4981 2256 5044 si
2278 4983 2362 5045 electi
2384 4982 2419 5044 in

1446 5061 1584 5139 Gliristo,
1612 5063 1753 5142 sequitur
1778 5085 1840 5127 rien
1865 5066 1954 5130 mode
1980 5086 2229 5147 unumquemque
2257 5073 2348 5131 entra
2375 5087 2416 5143 se,

1442 5147 1497 5211 sed
1517 5147 1610 5210 etium
1635 5148 1717 5212 alios
1743 5147 1782 5213 al
1809 5151 1886 5215 aliis
1912 5133 2098 5235 surmate
2124 5153 2248 5233 pundo
2277 5154 2418 5217 uidemus

1443 5252 1505 5296 non
1526 5252 1629 5297 omnes
1648 5254 1715 5299 esse
1733 5227 1851 5301 Ornet
1867 5238 2012 5302 menbra.
2049 5239 2135 5318 Quod
2156 5237 2294 5316 additur,
2315 5238 2418 5319 fnisse

1443 5317 1561 5396 enatos,
1594 5324 1628 5383 nt
1659 5325 1758 5386 essent
1782 5323 1896 5402 sandi,
1929 5344 2063 5388 errorem
2089 5329 2194 5404 operte
2219 5323 2334 5404 refutat
2361 5325 2417 5404 qui

414 5411 502 5470 utero
532 5406 619 5484 fieret
650 5409 742 5485 eaput
774 5406 967 5486 nupciarum,
996 5409 1175 5491 unipenitus
1201 5405 1266 5472 Dei
1291 5407 1389 5488 pilius,
1446 5499 1468 5508 -

487 5674 516 5740 1)
537 5674 607 5728 Olim
626 5675 692 5745 (lap.
712 5676 796 5730 XIV.
814 5676 840 5743 ς.
858 5674 952 5741 6-12,
973 5677 1020 5730 sed
1036 5679 1081 5733 bre
1097 5681 1176 5733 uarie
1193 5686 1321 5735 nemetae.

1515 5607 1544 5674 1)
1567 5608 1607 5660 De
1631 5628 1700 5666 cerr.
1719 5621 1747 5666 ct
1768 5613 1857 5682 gratis
1874 5613 1909 5665 nd
1927 5613 2036 5666 Valent
2060 5630 2083 5666 c
2103 5611 2143 5666 15.
2179 5573 2322 5675 Item,‘de
2347 5614 2420 5667 bono

1445 5681 1672 5748 perseverantiae,
1690 5697 1712 5735 e.
1731 5681 1779 5734 ult
1814 5681 1852 5736 Et
1869 5681 1904 5735 de
1921 5683 2013 5734 verbis
2030 5684 2127 5750 Apost
2150 5682 2236 5735 Ser-m
2254 5679 2280 5734 8.
