5600 6809
395 761 457 822 367
1041 750 1307 819 merlrurlo
1330 752 1435 818 eut.
1459 749 1641 818 CHRIS'P.
1666 755 1757 816 1559.
2339 755 2406 816 368

393 944 549 1010 comendis
578 963 636 1008 uos
667 943 811 1007 sacerdos
844 935 1023 1021 sanctificet,
1060 941 1256 1023 pretiumque
1285 940 1374 1005 nobis
1423 941 1532 1005 datum
1553 940 1729 1004 luminibus
1752 941 1788 1003 in
1809 961 1869 1021 quo
1890 945 2025 1021 oporteat
2044 941 2149 1005 salros
2167 938 2240 1019 pieri
2262 938 2352 1023 (Act
2373 946 2404 1018 4,

395 1031 542 1108 obtineat,
570 1051 592 1094 a
618 1049 683 1110 qua
710 1048 767 1092 nos
793 1029 943 1093 scelernm
970 1033 1147 1091 nostrornmi
1175 1027 1373 1090 etoitiorum
1428 1026 1491 1109 12).
1537 1025 1646 1105 Neque
1665 1046 1735 1090 uero
1756 1031 1880 1105 unere,
1903 1027 1950 1090 cel
1968 1026 2098 1107 fortuito
2119 1045 2210 1102 casu,
2239 1026 2286 1090 cel
2306 1026 2406 1091 lomi·

395 1121 479 1182 arcet
499 1116 721 1179 immundities.
767 1113 822 1177 Ita
850 1113 990 1177 videmus
1016 1134 1037 1175 a
1063 1116 1158 1175 morte
1182 1110 1300 1176 Obristi
1326 1113 1373 1175 mu
1425 1132 1501 1176 num
1528 1111 1662 1175 arbitrio
1688 1112 1868 1193 impositum
1893 1112 1945 1176 illi
1969 1112 2035 1193 suit
2060 1131 2170 1176 nomeu
2193 1110 2282 1190 Iesu,
2310 1113 2406 1177 sede

394 1201 573 1281 cipiendmn
601 1220 681 1278 esse,
709 1203 743 1263 ut
769 1200 812 1264 ad
839 1220 895 1263 nos
917 1199 1084 1278 perueniat
1109 1199 1277 1262 sacerdotii
1305 1198 1374 1261 eius
1425 1197 1516 1261 ecelis
1548 1197 1587 1261 ab
1618 1197 1726 1280 anqelo
1763 1199 1903 1279 supremi
1935 1198 2046 1262 decreti
2072 1216 2227 1277 praecone
2259 1197 2404 1276 adetum

395 1286 538 1369 efficacia
560 1292 588 1350 et
610 1286 742 1350 utilitas.
787 1285 873 1348 Hinc
894 1285 1035 1364 seqnitur
1057 1288 1217 1349 aeteruum
1238 1302 1303 1347 esse
1324 1282 1374 1345 de
1425 1284 1546 1347 ratione
1566 1282 1661 1364 etiam
1681 1283 1809 1347 addita:
1838 1285 1915 1365 quia
1942 1284 1985 1347 ad
2011 1284 2201 1347 seruandum
2227 1303 2248 1346 a
2263 1284 2406 1362 peccatis

389 1378 601 1454 precatorem,
640 1373 730 1434 cuiuis
765 1370 944 1449 patrocinio
980 1368 1120 1449 [comem
1150 1369 1373 1449 consequimur.
1420 1368 1573 1450 papulmn
1604 1369 1722 1433 333333
1753 1375 1831 1434 esset
1861 1369 1995 1454 (mach.
2026 1372 2140 1447 1,21;
2173 1367 2256 1432 Luc.
2278 1373 2312 1446 l,
2337 1368 2405 1453 31).

403 1458 490 1524 Unde
517 1477 632 1521 rursus
659 1457 761 1520 oritur
784 1476 846 1519 nou
872 1456 960 1519 modo
981 1455 1138 1534 precandi
1157 1454 1291 1534 domic,
1320 1454 1375 1518 scd
1427 1453 1471 1517 In
1498 1455 1611 1534 quibus
1637 1455 1738 1518 verbis
1764 1455 1932 1519 notandum
1959 1460 2004 1519 est
2030 1454 2111 1535 quod
2132 1453 2210 1517 alibi
2231 1454 2405 1536 attiqiuue

396 1546 492 1608 etiam
509 1542 724 1624 tranquillitas
739 1541 809 1621 piis
825 1540 1036 1619 consciartiis,·
1056 1540 1132 1604 dum
1153 1541 1189 1604 in
1203 1545 1374 1620 paternam
1426 1539 1629 1619 redemptoris
1654 1560 1770 1604 mucius
1791 1541 1821 1605 ei
1844 1541 1947 1622 fuisse
1969 1541 2143 1604 iniunctum
2163 1543 2199 1602 nt
2218 1540 2307 1603 nobis
2328 1545 2408 1605 essct

396 1629 462 1694 Dei
490 1628 715 1710 indulqentiam
740 1631 802 1688 tuto
827 1625 1020 1703 recumbunt,
1047 1631 1184 1706 certaque
1197 1645 1375 1718 persuasae
1426 1625 1571 1690 salrator.
1616 1624 1742 1690 Interea
1767 1631 1870 1690 tamen
1896 1626 2008 1692 midila
2030 1629 2107 1689 essct
2127 1624 2310 1704 redemptio,
2338 1626 2408 1690 nisi

397 1720 470 1780 suni
492 1713 663 1792 eiplacere
684 1712 837 1791 quidquid
858 1732 919 1793 per
944 1711 1146 1776 mediatorem
1165 1715 1376 1775 consecratum
1423 1732 1483 1793 per
1515 1712 1675 1775 continuos
1701 1731 1892 1794 propressus
1921 1715 1964 1778 ad
1995 1712 2140 1775 ultimam
2165 1714 2264 1790 usqne
2290 1711 2408 1775 salutis

396 1805 449 1865 est.
487 1800 588 1879 (333
609 1817 679 1860 cero
701 1796 758 1860 sub
779 1797 842 1879 leqe
863 1798 1006 1861 uictimas
1023 1817 1062 1859 en
1078 1797 1251 1878 pecudibus
1267 1797 1375 1877 offerri
1426 1801 1540 1860 metam
1565 1816 1622 1860 nos
1643 1796 1832 1877 perduceret.
1878 1797 1989 1880 Itaque
2015 1796 2151 1861 simulac
2172 1796 2219 1859 uel
2238 1797 2407 1861 minimum

396 1885 458 1950 sibi
479 1884 570 1949 Deus
597 1883 740 1959 iusserit,
774 1882 900 1946 diuersa
930 1887 959 1945 et
986 1903 1066 1946 noca
1099 1884 1134 1945 in
1163 1880 1286 1946 Christo
1311 1883 1375 1962 fnit
1427 1882 1466 1946 ab
1487 1904 1520 1946 eo
1541 1883 1740 1961 deflectimus,
1762 1883 1879 1948 sensim
1899 1883 2051 1948 ecanmcit
2070 1881 2173 1958 salus,
2201 1901 2282 1962 quac
2302 1882 2408 1947 solida

395 1971 496 2047 ratio,
524 1975 560 2033 ut
587 1970 670 2033 idem
698 1973 774 2032 esset
799 1967 901 2032 luistic
932 1969 988 2047 qui
1014 1968 1165 2032 sacerdos.
1212 1968 1295 2048 Quia
1322 1987 1375 2031 nec
1427 1969 1463 2032 in
1488 1988 1522 2032 eo
1547 1969 1679 2032 residet:
1711 1973 1746 2031 ut
1771 1989 1805 2033 se
1833 1969 1916 2034 ultro
1938 1971 2067 2050 privent
2093 1968 2178 2030 onim
2203 1969 2312 2049 pratia
2337 1970 2407 2050 qui·

396 2056 466 2121 alia
487 2075 551 2135 pro
572 2054 710 2134 peccatis
737 2054 850 2118 idonea
883 2054 1063 2136 satisfactio.
1086 2054 1223 2132 reperiri
1242 2058 1373 2133 poterat,
1427 2074 1544 2135 cuisque
1565 2054 1600 2116 in
1621 2075 1655 2118 co
1676 2074 1738 2117 non
1754 2055 1957 2135 acquiescunt.
1990 2055 2035 2119 Et
2054 2057 2227 2117 numeratu
2247 2054 2345 2136 dique
2361 2060 2408 2118 est

394 2138 1375 2308 dictitet.ttt'tlttldtttttltdltffltlt
1426 2138 2407 2307 ltdttltldtlttittmdlttftdtt

395 2318 473 2390 stus,
496 2332 559 2376 uon
578 2310 667 2374 modo
688 2314 722 2372 ut
745 2314 871 2374 aeterua
891 2312 1153 2375 reconciliationis
1171 2312 1234 2392 leqc
1249 2315 1375 2391 patrem
1427 2311 1541 2375 aridas
1561 2315 1606 2375 est
1626 2313 1728 2375 omnis
1744 2313 1870 2376 animae
1886 2313 1990 2392 cibns,·
2011 2310 2109 2377 salem
2129 2330 2203 2388 esse,
2225 2310 2295 2374 sinc
2315 2311 2409 2376 caim

397 2399 485 2463 nabis
505 2397 658 2478 [comitem
680 2416 716 2459 ac
732 2395 911 2476 propitium
930 2397 1055 2474 reddat,
1077 2397 1133 2460 sed
1153 2397 1248 2460 etiam
1264 2401 1299 2459 ut
1319 2416 1376 2459 nos
1427 2396 1593 2460 comlitura
1624 2397 1802 2478 insipidum
1834 2403 1879 2463 est
1906 2397 2060 2479 quidquid
2085 2395 2292 2475 proponitnr;
2319 2396 2408 2461 deni·

396 2485 530 2559 asciscat
561 2482 596 2544 in
626 2482 799 2545 societatem
830 2482 912 2545 tanti
949 2480 1076 2546 bonoris
1108 2481 1223 2564 (Apoc.
1264 2486 1294 2559 1,
1332 2482 1374 2565 6).
1427 2502 1487 2563 que
1506 2501 1571 2545 esse
1592 2483 1651 2546 mel
1672 2483 1708 2546 in
1729 2503 1795 2562 ore,
1818 2485 1854 2547 in
1876 2505 1953 2548 aure
1973 2484 2082 2561 uuus,
2105 2482 2140 2544 in
2160 2481 2250 2546 corde
2272 2481 2412 2546 iubdnm

399 2569 487 2633 Nam
508 2568 564 2648 qui
585 2567 621 2630 in
642 2566 860 2646 nobispolluti
879 2587 996 2644 sumus,
1019 2568 1140 2646 inipso
1158 2573 1376 2631 tameusacer·
1428 2573 1456 2631 et
1476 2567 1573 2631 simul
1593 2568 1796 2650 anduinum,-
1823 2570 2026 2650 etquidquid
2052 2568 2231 2648 disputatur
2251 2567 2413 2632 inrecisum
2494 2625 2498 2641 ,

397 2655 490 2730 dotes,
513 2653 673 2733 offerimus
700 2672 757 2715 nos
779 2656 806 2715 et
831 2657 939 2716 nostra
965 2653 1071 2716 ornnia
1092 2653 1174 2731 Deo,
1196 2653 1377 2734 coelesteque
1429 2673 1507 2731 esse,
1540 2654 1607 2717 reici
1639 2653 1694 2717 ubi
1719 2660 1810 2719 serrat
1839 2654 1894 2718 boc
1921 2676 2037 2719 nomem
2083 2653 2145 2717 Sed
2169 2653 2220 2717 bic
2246 2653 2413 2735 ddiqeuler

397 2738 615 2804 sanctuarimn
636 2737 729 2801 libere
750 2737 960 2820 iuqredimm,
989 2743 1024 2802 ut
1048 2742 1142 2819 prata
1162 2739 1226 2802 siut
1247 2759 1285 2803 ac
1305 2739 1376 2802 boni
1428 2739 1599 2818 expendere
1625 2740 1776 2818 conuenit,
1804 2742 1952 2821 quomoda
1978 2740 2067 2804 nobis
2092 2737 2223 2818 abipso
2245 2743 2348 2821 parta
2369 2741 2414 2804 sit

397 2825 503 2891 odoris
524 2825 560 2887 in
581 2828 740 2904 conspeetu
756 2823 821 2887 Dei
838 2843 917 2903 quae
934 2845 955 2888 a
972 2823 1059 2887 nobis
1076 2825 1264 2904 proueniunt
1279 2825 1377 2888 sacri
1428 2825 1532 2888 salus:
1558 2829 1594 2887 ut
1620 2845 1682 2888 non
1703 2827 1792 2891 modo
1813 2827 1921 2906 ipsum
1941 2828 2010 2891 eins
2034 2830 2172 2890 aumrcm
2192 2824 2346 2903 persuasi
2367 2827 2414 2890 si-

395 2911 472 2994 ficia
493 2929 625 2990 precum
652 2913 680 2972 et
707 2909 821 2972 laudis.
865 2907 970 2990 Atque
996 2908 1153 2990 bucusque
1180 2930 1213 2974 se
1241 2911 1377 2974 eatuulit
1428 2930 1508 2988 mus,
1531 2910 1585 2974 sed
1605 2930 1684 2990 quae
1706 2912 1749 2976 ad
1769 2912 1911 2976 stabilem
1929 2913 2005 2994 fidei
2019 2917 2144 2976 nostrae
2162 2909 2317 2990 sciturum
2338 2910 2414 2992 suf-

397 2996 479 3062 illud
502 2994 620 3060 Oloristi
641 2994 772 3058 dictum:
794 3000 925 3074 propter
953 3015 1004 3059 eos
1024 2995 1181 3074 samtisiao
1203 2997 1377 3075 meipsum
1426 2995 1538 3076 ficiunt
1563 2996 1716 3075 amplexi,
1748 2998 1950 3077 repudiemus
1976 3016 2173 3078 quaecunque
2194 2999 2320 3076 possent
2348 2995 2412 3061 buc

398 3082 526 3168 (Ioann.
549 3085 597 3159 17,
619 3078 692 3164 19).·
713 3080 789 3160 quic
805 3081 968 3144 sanctitate
986 3081 1056 3144 eius
1069 3081 1206 3161 perfusi,
1225 3087 1377 3161 quatenns
1428 3081 1475 3145 cel
1504 3081 1579 3144 illuc
1600 3102 1657 3146 rios
1678 3083 1864 3149 abstrahere.
1909 3085 2013 3165 ¹(tuum
2040 3085 2123 3147 enim
2143 3100 2230 3146 nemo
2245 3081 2351 3162 possit
2372 3083 2413 3146 in

397 3188 455 3232 nos
480 3186 583 3230 secum
602 3166 695 3245 patri
724 3165 841 3229 dicauit
869 3164 940 3249 (qui
962 3167 1081 3246 alioqui
1103 3167 1252 3247 sedenim
1272 3187 1377 3231 coram
1429 3187 1462 3231 se
1482 3167 1589 3246 ipsum
1609 3168 1791 3234 descendere
1810 3189 1848 3233 ac
1868 3171 1950 3234 serio
1967 3174 2111 3248 reputare
2132 3166 2235 3249 qualis
2254 3166 2305 3244 sit,
2328 3167 2414 3246 quin

399 3253 448 3339 eo)
470 3257 621 3333 tanquam
644 3251 726 3331 puri
747 3254 775 3313 et
795 3251 920 3328 muudi,
948 3253 1009 3314 imo
1031 3252 1126 3315 etiam
1149 3255 1248 3332 sacri,
1272 3254 1377 3333 place-
1428 3252 1535 3316 Deum
1556 3253 1617 3317 sibi
1638 3255 1756 3318 iratum
1778 3255 1985 3336 infestumque
2004 3256 2141 3319 smituns
2159 3271 2276 3318 nccaese
2297 3250 2416 3317 habeat

396 3358 477 3404 mus.
523 3337 595 3401 Huc
609 3337 747 3415 pertinet
767 3337 871 3400 unctio
892 3337 1078 3415 sanctuarii,
1100 3339 1191 3402 cuius
1209 3340 1321 3403 mentio
1339 3338 1377 3418 dt
1429 3339 1499 3402 333
1513 3338 1804 3418 placandimodum
1822 3362 1860 3406 ac
1878 3343 2031 3405 rat-ionem
2049 3341 2144 3404 uncie
2161 3342 2307 3418 expetere,
2326 3338 2414 3418 qaod

397 3424 486 3506 apud
507 3423 677 3487 Danielem
700 3420 745 3505 (9,
766 3422 832 3506 24).
872 3422 1023 3488 Notanda
1043 3425 1126 3486 enim
1148 3429 1192 3488 est
1213 3425 1377 3489 antithesis
1429 3424 1674 3505 satisfactionem
1694 3427 1799 3509 eaiqit,
1821 3447 1883 3491 non
1899 3427 2043 3508 milqaris
2058 3425 2233 3505 requiritur
2244 3424 2414 3505 anunm,-

397 3512 479 3575 inter
505 3509 585 3574 lanc
606 3509 779 3571 unctionem
801 3512 828 3572 et
848 3508 938 3571 illam
958 3509 1169 3591 umbratilem,
1198 3531 1278 3591 quae
1306 3515 1378 3574 tuuc
1429 3510 1507 3590 quia
1523 3511 1745 3591 peccatoribus,
1766 3513 1860 3576 donec
1881 3534 1903 3577 a
1919 3517 2009 3578 rectu
2021 3512 2120 3577 soluti
2134 3509 2265 3593 suerint,
2288 3529 2414 3590 seraper

397 3598 434 3661 in
454 3617 516 3660 usu
535 3595 657 3676 suerat:
678 3614 715 3657 ac
737 3594 767 3657 si
790 3593 902 3658 diceret
922 3595 1063 3676 anqelns,
1086 3595 1240 3661 discussis
1257 3595 1378 3661 mnbris
1430 3595 1580 3661 incumbit
1601 3598 1654 3660 ira
1674 3597 1739 3661 Dei
1761 3603 1789 3662 et
1809 3598 1995 3675 maledictio,
2018 3599 2087 3679 qui,
2110 3603 2146 3661 ut
2166 3599 2211 3662 est
2232 3595 2340 3660 instas
2362 3595 2414 3660 in·

397 3684 434 3746 in
468 3679 586 3778 Qbristi
612 3698 749 3776 persona
781 3680 903 3744 clarum
938 3680 1006 3761 sore
1037 3682 1254 3780 sacerdotium.
1312 3683 1377 3763 Qua
1430 3681 1518 3779 decc,¹
1535 3702 1598 3745 non
1623 3683 1700 3746 sinit
1728 3683 1855 3765 impunc
1876 3684 1972 3767 lepem
1993 3704 2086 3749 3333
2105 3679 2236 3759 violari,
2265 3681 2346 3762 quin
2367 3682 2413 3747 ad

397 3764 890 3946 utergtqiisogjcffietgigzeqedow
902 3772 1378 3931 mmussmqmffl
1429 3767 1917 3935 mndliiamllzerr'diiiuddtuequam
1949 3855 2073 3938 loriqius
2098 3851 2341 3939 propredimnr,
2374 3854 2413 3918 in
2506 3873 2509 3876 ’

399 3937 538 4018 irtperere
559 3955 634 3998 ausi
654 3939 740 4011 sunt,
769 3938 851 4017 quod
877 3942 1011 4002 tematrm
1033 3939 1169 4019 quotidie
1190 3941 1226 4004 in
1241 3945 1377 4020 papatu,
1429 3943 1615 4002 transcursu
1645 3939 1813 4005 cedendum
1844 3947 1889 4005 est
1913 3940 2062 4022 quomodo
2089 3940 2264 4018 concremat,
2293 3938 2411 4017 Deum,

399 4021 455 4086 ubi
475 4021 575 4084 missa
597 4024 733 4082 cenem
754 4022 923 4087 immolatio
948 4021 1074 4089 Christi.
1429 4023 1485 4104 qui
1506 4045 1561 4088 nos
1582 4026 1801 4091 misericordia
1821 4047 1881 4090 seca
1903 4028 2084 4107 praevenit,
2111 4027 2214 4108 fuisse
2233 4025 2409 4103 inienieum,

1430 4124 1524 4174 33333
1549 4131 1611 4190 per
1646 4109 1807 4176 Olmistum
1838 4113 1926 4177 nobis
1957 4113 2174 4177 reconciliatus
2211 4115 2263 4177 esi.
2318 4110 2410 4174 Nam

1430 4197 1579 4276 quomodo
1599 4197 1635 4261 in
1650 4196 1717 4277 filio
1734 4199 1891 4282 uuiqenitc
1908 4200 2069 4282 siuqulare
2086 4199 2206 4263 ommis
2220 4197 2273 4260 sni
2282 4197 2409 4278 pipnus

600 4324 603 4328 ·
731 4327 884 4393 ΟΑΡΠΤ
905 4329 1001 4394 m
1021 4330 1046 4416 1>
1429 4281 2409 4454 maui3⁸tmtlc,itismmattau

399 4487 622 4594 Quomodo
653 4468 932 4597 redemptoris
963 4500 1106 4598 partes
1137 4491 1378 4601 impleverit
1429 4458 1563 4603 ἓξὲξ
1576 4456 2134 4625 ssffislffifflfflffiffi
2165 4453 2415 4605 Isselffiufffi

400 4607 615 4714 ChristuS,
652 4619 704 4690 ut
740 4607 861 4689 nobis
901 4607 1084 4690 salutem
1120 4611 1376 4720 acquireret3
1429 4624 1618 4689 hominibus
1634 4626 1813 4706 inimicum,
1836 4626 1937 4692 donec
1955 4629 1989 4690 in
2007 4593 2148 4711 gratiani
2160 4625 2287 4692 (thristi
2301 4631 2415 4690 morte

458 4729 533 4810 ubi
563 4729 616 4810 de
647 4738 783 4811 morte
816 4739 860 4810 33
890 4729 1198 4812 resurrectione
1231 4731 1321 4814 eius
1429 4711 1683 4810 erutriceum
1710 4712 1810 4777 fifisse
1831 4712 2035 4812 maledictos,
2062 4713 2164 4813 donee
2190 4711 2281 4777 illius
2307 4711 2415 4776 Μή·

526 4848 683 4958 agitur,
715 4860 760 4930 et
789 4847 833 4929 in
864 4848 1029 4931 coelum
1061 4879 1247 4933 ascensu·
1428 4796 2074 4968 iiiidif¹itiniitpeii¹iisiii¹qtuitri⁸d
2088 4801 2241 4951 fufiirimi
2258 4797 2415 4948 iamed:

1428 4967 1628 5031 iunctionem
1649 4970 1771 5051 recepti
1789 4969 1898 5053 (Rom.
1920 4974 1948 5049 5,
1972 4976 2023 5051 103
2048 4971 2122 5037 eal.
2142 4975 2171 5050 3,
2193 4974 2242 5034 10.
2265 4971 2303 5032 13
2310 4991 2320 5048 ;
2340 4967 2414 5034 cot

489 5048 516 5110 l.
564 5046 650 5127 Quae
670 5047 875 5113 lactemustde
895 5046 1016 5114 333333
1037 5050 1193 5129 dicimus,
1214 5052 1258 5116 ad
1278 5072 1377 5116 unum
1432 5052 1621 5138 1‚21.22).
1666 5055 1778 5118 Huius
1811 5056 1940 5139 generis
1972 5057 2178 5141 loquutione]
2206 5054 2249 5120 ed
2274 5076 2416 5121 sensum

400 5128 481 5194 bunc
508 5151 638 5230 scopmn
665 5132 829 5231 reserenda
854 5139 942 5213 sunt,
975 5139 1011 5200 ut
1042 5137 1077 5200 in
1109 5137 1198 5201 uobis
1225 5138 1375 5217 damuati,
1428 5145 1579 5202 nostrum
1596 5148 1676 5204 eunt
1693 5141 1964 5221 accommodatae,
1983 5151 2020 5207 ut
2037 5144 2155 5208 melius
2171 5140 2414 5226 intelligamus,

399 5220 514 5281 mortm
536 5222 563 5282 et
577 5218 699 5296 perditi
719 5220 875 5283 iustitiam
892 5221 1015 5301 inipso,
1039 5221 1257 5302 liberationem,
1278 5224 1377 5287 citam
1428 5244 1528 5306 quem
1545 5225 1665 5290 misere
1682 5228 1726 5291 sit
1744 5235 1778 5291 et
1795 5227 1983 5294 calamitose
1999 5237 2094 5294 extre
2104 5228 2278 5294 Christum
2294 5234 2418 5294 nostre

399 5307 428 5366 et
448 5303 580 5402 salutem
601 5323 806 5400 quaerentium
827 5306 1084 5384 quemadmodum
1103 5308 1377 5392 docemuriusipni
1428 5308 1579 5374 mnditia.
1636 5312 1709 5377 Nisi
1735 5315 1823 5378 enim
1849 5314 1946 5380 claris
1974 5314 2084 5381 verbis
2111 5315 2289 5392 diceretur,
2323 5315 2419 5380 irem

399 5387 459 5453 nlla
482 5387 571 5454 Petri
598 5392 763 5467 smtentia,
791 5408 854 5452 non
881 5411 946 5456 esse
971 5393 1064 5459 aliud
1088 5414 1198 5460 nornen
1218 5395 1282 5460 sub-
1296 5396 1376 5461 coelo
1428 5416 1466 5461 ac
1488 5395 1667 5463 vindictam
1687 5398 1754 5464 Dei
1781 5404 1982 5483 mortemque
2010 5410 2178 5466 aeterntm
2199 5399 2295 5466 nobis
2315 5400 2418 5468 incu-

470 5661 499 5728 1)
520 5662 618 5727 Confer
634 5660 964 5729 cirmumcidamus
985 5662 1051 5733 Gap.
1077 5666 1141 5721 VII.
1161 5669 1184 5734 ξ.
1203 5666 1315 5727 19-,37.
1498 5670 1528 5737 l)
1544 5672 1678 5725 Berntrdi
1695 5673 1724 5726 in
1742 5673 1818 5727 (lunt.
1838 5675 1923 5727 Scrm.
1943 5672 1983 5727 15.
