5600 6809
428 769 490 830 cer
1069 759 1336 828 msmsanlo
1357 761 1463 827 lam.
1487 759 1668 827 omasi.
1694 764 1785 825 1559.
2200 847 2207 859 Ι
2374 765 2438 826 ses

336 962 341 973 ‘
427 958 490 1019 stat
511 953 676 1034 quominus
691 953 833 1035 pratuita
849 953 892 1016 sit
910 950 1260 1031 turminmniustificatio
1273 969 1410 1015 monera
1461 949 1549 1014 nobis
1581 949 1712 1032 larpiri5
1743 949 1820 1029 quia
1849 968 1911 1013 non
1939 948 2032 1013 aliter
2058 949 2227 1028 quadraret
2252 969 2390 1014 seorsmn
2418 972 2439 1015 a

429 1039 493 1106 Dei
514 1039 738 1116 misericordia,
761 1042 789 1103 et
810 1037 906 1102 simul
923 1037 1106 1101 interveniat
1120 1035 1240 1100 Christi
1255 1036 1409 1113 meritum,
1455 1040 1550 1115 patre
1576 1036 1606 1099 ei
1635 1034 1774 1099 adscribi
1794 1033 1874 1098 hauc
1893 1034 2031 1112 laudun,
2058 1034 2140 1114 quod
2165 1035 2273 1118 pratia
2299 1037 2366 1100 eius
2386 1037 2438 1116 sit,

428 1125 510 1206 quod
532 1124 596 1189 Dei
615 1123 849 1189 misericordiae
870 1123 1043 1187 subiicihrr.
1073 1122 1202 1186 Nostris
1225 1125 1326 1185 autern
1343 1141 1411 1201 ope-
1461 1125 1490 1185 et
1511 1121 1549 1185 ab
1570 1121 1640 1201 ipso
1656 1121 1830 1200 procerriet.

427 1210 519 1276 ribus
551 1216 620 1292 apte
647 1210 812 1291 opponitur
838 1214 902 1273 tom
927 1209 1087 1291 pratuitus
1109 1206 1173 1271 Dei
1198 1206 1289 1288 fauor
1316 1226 1411 1288 quam
1550 1209 1577 1270 3.
1637 1206 1726 1287 Quod
1763 1211 1868 1269 autem
1899 1226 1968 1270 uere
2002 1204 2147 1270 Christus
2178 1226 2239 1271 sua
2270 1206 2441 1274 muhata

431 1295 552 1362 Christi
573 1296 758 1361 obedientia:
786 1316 841 1360 suo
863 1295 970 1371 ordine
991 1297 1164 1374 utrumque.
1210 1292 1297 1357 Nam
1321 1290 1411 1356 Chri·
1461 1292 1550 1356 nobis
1574 1293 1712 1374 qratiam
1739 1291 1826 1373 apud
1846 1296 1972 1372 patrem
1995 1292 2176 1390 mpuisimit
2196 1313 2233 1358 ac
2247 1294 2442 1376 montemtus

428 1388 497 1447 stus
518 1403 579 1446 non
596 1382 661 1445 nisi
682 1401 720 1445 cn
742 1381 806 1446 Dei
828 1380 1012 1460 beneplacito
1033 1379 1205 1460 qumquam
1225 1380 1338 1443 mereri
1353 1398 1412 1460 po
1462 1379 1516 1455 sit,
1545 1398 1583 1441 erc
1599 1376 1749 1457 pluribus
1769 1377 1943 1458 scripturae
1970 1378 2044 1442 locu
2065 1382 2141 1441 certo
2162 1383 2191 1442 et
2211 1379 2308 1444 solide
2326 1379 2442 1462 collipi·

429 1470 504 1548 tuit;
531 1469 584 1533 sed
604 1467 681 1549 qnia
702 1467 746 1530 ad
762 1466 815 1531 hoc
836 1467 1008 1530 destinatus
1027 1469 1094 1528 erat
1114 1469 1149 1527 ut
1170 1465 1256 1528 iram
1273 1463 1338 1528 Dei
1359 1483 1411 1527 sa·
1461 1469 1523 1527 tur.
1569 1462 1657 1527 Nam
1688 1463 1743 1527 hoc
1768 1482 1831 1543 pro
1862 1462 1998 1543 confesso
2025 1482 2129 1542 sunm,
2162 1465 2192 1528 si
2218 1486 2281 1547 pro
2302 1467 2441 1546 peccatis

430 1553 547 1634 crificia
573 1574 629 1618 suo
651 1552 806 1633 placaret,
835 1571 955 1630 suaque
982 1551 1152 1616 obedientia
1179 1550 1288 1614 deleret
1309 1555 1411 1613 trans-
1461 1548 1579 1613 nostris
1602 1546 1747 1612 Christus
1774 1548 1939 1629 satisfecit,
1973 1550 2004 1632 si
2029 1569 2167 1628 pocrcam
2193 1550 2280 1616 uobis
2306 1551 2441 1615 debitam

428 1639 603 1724 pressimus
633 1642 768 1714 orostras,
801 1637 837 1698 in
863 1655 1000 1714 summa,
1034 1637 1160 1716 quando
1186 1658 1225 1700 ecc
1251 1636 1319 1700 sola
1346 1634 1412 1699 Dei
1456 1634 1622 1716 persolvit,
1655 1635 1686 1698 si
1712 1634 1883 1699 obedientia
1913 1655 1975 1699 sua
2001 1634 2106 1699 Deum
2127 1635 2282 1717 placauit,
2310 1638 2441 1719 emique

428 1726 537 1808 pratia
559 1724 652 1808 (quae
672 1722 754 1787 lianc
775 1722 863 1786 uobis
884 1722 1042 1787 constituit
1062 1721 1176 1787 salutis
1196 1720 1336 1805 modum)
1361 1721 1411 1786 de·
1461 1721 1492 1785 si
1513 1721 1617 1784 iustus
1632 1739 1695 1801 pro
1716 1720 1847 1783 iniustis
1859 1740 1981 1801 passus
2001 1726 2059 1799 est,
2080 1721 2204 1786 iustitia
2224 1723 2294 1786 eius
2308 1728 2442 1803 partam

425 1810 540 1893 pendet
566 1809 711 1873 muitum
742 1806 873 1885 Christi,
908 1827 969 1870 non
994 1809 1101 1871 miuus
1128 1812 1199 1888 apte
1227 1828 1322 1888 quam
1351 1806 1410 1871 illa
1461 1805 1551 1870 nobis
1582 1805 1729 1885 salutum
1762 1805 1844 1886 quod
1875 1807 2055 1871 tandumdem
2085 1806 2164 1870 calet
2196 1827 2234 1872 ac
2255 1809 2440 1889 prornereri.

429 1895 579 1960 humanis
599 1894 741 1957 omrrihus
762 1894 896 1958 iustitiis
917 1894 1090 1974 opponitur.
1462 1891 1563 1972 Atqui
1589 1897 1661 1956 teste
1688 1891 1790 1956 Paula
1812 1889 1977 1974 (Romi,
1999 1892 2068 1975 11),
2101 1893 2292 1958 reconciliati
2320 1914 2440 1974 sumus,

517 1983 545 2043 2.
592 1979 679 2043 Haec
707 1979 861 2042 distinctio
888 1978 1045 2062 callipitru
1069 1999 1108 2042 eu
1130 1977 1286 2059 plurimis
1312 1978 1411 2057 scrip
1462 1982 1489 2041 et
1510 1978 1787 2042 reconciliationem
1808 1977 1983 2059 accepimus
1998 1998 2059 2058 per
2080 1979 2149 2042 eius
2165 1985 2299 2044 mortem.
2338 1980 2442 2060 Atqui

429 2071 519 2131 turae
541 2066 622 2129 locis.
657 2064 814 2129 Italicus
834 2064 945 2129 dilexit
965 2064 1116 2127 mundum
1136 2068 1171 2127 at
1190 2063 1295 2143 hlium
1316 2082 1410 2128 suum
1461 2063 1669 2127 reconciliatio
1696 2063 1795 2127 locum
1822 2083 1885 2126 non
1911 2063 1999 2126 habet
2026 2065 2093 2128 nisi
2119 2064 2175 2128 ubi
2202 2066 2329 2146 offercsio
2343 2086 2441 2146 prae·

429 2151 625 2234 unipeuitum
646 2152 748 2228 daret,
780 2156 814 2214 ut
841 2150 986 2230 quisquis
1013 2151 1109 2214 credit
1130 2151 1166 2214 in
1188 2170 1257 2213 eum
1278 2169 1340 2212 non
1355 2168 1411 2231 pe·
1462 2149 1559 2213 cessit.
1604 2148 1723 2214 Senem
1751 2168 1822 2230 erpo
1848 2153 1905 2227 est,
1935 2148 2040 2214 Deum
2065 2151 2118 2214 cui
2132 2155 2263 2232 propter
2280 2157 2440 2234 peccalmn

430 2243 498 2302 reat
521 2236 651 2320 (Ioann.
672 2240 706 2313 3,
730 2235 793 2321 16).
845 2235 994 2300 Videmus
1020 2240 1055 2299 ut
1076 2236 1219 2316 priorem
1246 2234 1343 2299 locum
1370 2239 1411 2298 te-
1462 2254 1588 2298 mamus
1608 2235 1702 2312 mosi,
1723 2238 1819 2298 morte
1837 2232 1901 2313 hut
1921 2236 1974 2299 sui
1988 2235 2151 2316 placatum
2165 2237 2275 2318 fuine,
2296 2243 2330 2301 ut
2349 2237 2439 2302 nobis

430 2327 503 2389 neat
529 2322 594 2386 Dei
621 2322 754 2400 dilectio,
788 2327 937 2402 tanquam
963 2341 1088 2386 summa
1114 2340 1212 2384 causa
1235 2321 1282 2385 nel
1309 2321 1411 2404 ori903
1461 2321 1504 2385 sit
1524 2321 1693 2401 propitius.
1737 2319 1788 2382 Ac
1814 2319 1977 2402 dili'penter
2002 2322 2140 2386 notanda
2168 2328 2214 2387 est
2238 2343 2316 2405 quae
2337 2323 2437 2405 paula

429 2413 580 2490 sequatur
604 2408 683 2488 fides
709 2408 743 2470 in
772 2405 946 2483 Christum,
973 2412 1123 2488 unquam
1150 2426 1248 2471 causa
1276 2406 1411 2471 secunda
1456 2411 1529 2487 post
1560 2407 1701 2486 seqnitur
1732 2405 1903 2469 arditlusis.
1956 2406 2045 2471 Sicut
2069 2428 2131 2488 per
2161 2410 2438 2491 transpressioncm

431 2494 616 2575 ctpropior.
652 2493 689 2557 Si
706 2493 779 2573 quis
799 2493 941 2574 campiat,
961 2491 1119 2557 Clrrmtum
1135 2513 1197 2557 non
1212 2492 1278 2556 nisi
1293 2492 1411 2573 sorma-
1462 2492 1559 2555 unius
1579 2496 1757 2572 peccatores
1783 2493 1937 2556 constitui
1957 2498 2030 2557 snrit
2050 2493 2155 2572 multi,
2181 2495 2227 2558 sic
2251 2498 2280 2558 et
2292 2515 2354 2577 per
2375 2495 2440 2560 obe-

433 2580 492 2645 lem
520 2600 584 2643 csse
604 2598 746 2656 causam,
774 2580 876 2661 mapis
897 2583 1040 2642 eatennat
1061 2579 1130 2643 eius
1149 2579 1294 2642 virtutem
1315 2596 1411 2659 quam
1460 2578 1612 2643 dientiam
1633 2578 1711 2641 iusti
1731 2578 1957 2642 constituuntur
1976 2579 2067 2642 multi
2091 2579 2183 2663 (ibid
2204 2585 2232 2658 5,
2254 2583 2318 2664 19).
2364 2580 2440 2647 Sen-

432 2665 536 2740 fcrant
563 2665 662 2728 cerba.
707 2663 795 2727 Nam
820 2665 851 2729 si
875 2664 937 2744 fide
963 2683 1042 2744 quae
1068 2665 1111 2728 in,
1130 2665 1235 2744 ipsum
1262 2662 1411 2727 recumbit
1461 2683 1518 2726 sus
1549 2663 1632 2726 enim
1668 2667 1725 2727 est:
1764 2664 1844 2727 sicut
1875 2663 1969 2728 Adae
1997 2670 2123 2744 pusato
2154 2667 2284 2730 alicnati
2316 2689 2337 2731 a
2369 2666 2439 2732 Deo

432 2750 589 2816 iustitiam
616 2751 847 2831 consequimur,
881 2749 995 2814 salutis
1015 2755 1140 2814 nostrae
1159 2749 1293 2813 matma
1319 2749 1355 2812 in
1376 2768 1410 2812 co
1460 2768 1572 2812 snmus
1592 2754 1621 2813 et
1640 2749 1786 2814 destinati
1807 2749 1850 2812 ad
1865 2749 2039 2828 interitum,
2061 2751 2108 2815 ita
2129 2749 2247 2816 Christi
2269 2751 2439 2818 obedientia

427 2836 620 2917 quaerenda,
648 2836 729 2916 quod
749 2835 902 2915 pluribus
929 2835 1005 2901 locis
1026 2836 1109 2900 clare
1124 2835 1287 2915 probatur.
1335 2834 1410 2898 Non
1460 2855 1516 2898 nas
1541 2835 1577 2897 in
1601 2834 1742 2915 savorem
1762 2835 1860 2915 recipi
1880 2839 2030 2917 tanquam
2050 2838 2156 2901 iustos.
2201 2837 2267 2902 Nec
2292 2838 2439 2919 siturum

427 2923 508 3006 quad
522 2922 648 3003 priores
669 2921 871 2986 dilererimus
891 2941 975 3000 eum,
1001 2921 1056 2986 sed
1082 2923 1150 3002 ipse
1176 2941 1234 2985 nos
1246 2921 1341 3001 prior
1361 2919 1409 2983 di-
1460 2920 1544 2985 uerbi
1570 2924 1691 3001 tempus
1710 2927 1907 3000 praesentem
1934 2922 2091 2986 iustitiam
2116 2923 2266 3002 eccludit;
2297 2925 2378 2987 sicul
2399 2944 2438 2987 ecc

427 3008 512 3085 lead,
532 3027 568 3071 ac
583 3007 687 3088 tilium
705 3027 798 3071 suum
815 3007 903 3070 misit
924 3005 1050 3086 thannin
1065 3008 1278 3090 propeccatis
1294 3006 1411 3070 nostris
1459 3010 1598 3070 annua
1625 3011 1764 3087 apparet.
1809 3007 1897 3072 Nam
1922 3011 1951 3070 ct
1971 3008 2069 3088 prius
2093 3009 2218 3074 diderat
2237 3007 2372 3094 χάρισμα
2398 3029 2437 3072 ec

428 3093 460 3178 (1
481 3093 595 3156 Ioann.
614 3097 645 3171 4,
667 3091 730 3176 10).
777 3091 869 3157 Clare
890 3092 942 3156 bis
962 3092 1066 3158 uerbis
1086 3095 1322 3172 demonstratur,
1345 3091 1409 3156 Di·
1459 3092 1569 3156 multis
1589 3092 1709 3158 delictis
1730 3112 1795 3158 esse
1815 3094 1850 3156 in
1871 3092 2127 3173 iustificationum.

427 3199 490 3256 mn,
513 3198 551 3241 ne
572 3177 650 3259 quid
670 3198 727 3243 suo
749 3198 824 3261 erpa
840 3181 1012 3244 nasamori
1028 3177 1166 3258 obstaret,
1187 3177 1409 3243 ruonciliandi
1546 3184 1576 3241 4.
1623 3176 1784 3243 Caeterum
1810 3198 1906 3258 quum
1932 3178 2068 3244 dicimus
2091 3177 2208 3244 Christi
2228 3180 2337 3244 merito
2359 3201 2438 3261 par-

425 3264 552 3328 modnm
573 3264 721 3328 statuisse
741 3264 777 3326 in
791 3263 923 3329 Christo.
956 3264 1006 3329 Ac
1026 3263 1409 3348 mapnumpmdusbabct
1459 3269 1525 3329 tam
1557 3262 1645 3328 nabis
1672 3284 1738 3329 csse
1768 3265 1922 3347 qratiam,
1956 3263 2011 3328 boc
2038 3264 2255 3348 intellipimus,
2284 3266 2439 3347 sanquine

426 3369 537 3415 mmcn
552 3349 759 3431 placationis:
780 3349 959 3431 quiaDeus
979 3351 1133 3432 ineffabili
1154 3351 1287 3431 quadam
1308 3349 1407 3428 modo,
1459 3351 1530 3415 eius
1549 3370 1607 3414 nos
1626 3348 1727 3430 fuisse
1747 3349 1921 3427 mundatos,
1943 3355 1973 3414 et
1992 3352 2062 3415 cius
2082 3355 2209 3415 mortem
2230 3352 2439 3431 expiationum

427 3455 487 3517 pecc
513 3438 646 3515 tempore
672 3455 730 3499 nos
752 3435 891 3515 amabat,
917 3436 1016 3501 umal
1041 3441 1144 3501 tamen
1171 3441 1238 3501 erat
1264 3436 1409 3517 infensus
1457 3435 1559 3517 fuisse
1569 3455 1632 3517 pro
1643 3436 1788 3518 peccatis.
1819 3434 1957 3518 Sanpuis
1973 3437 2042 3502 eius
2052 3438 2200 3503 emundat
2215 3457 2303 3502 nasa
2316 3441 2439 3520 peccato

426 3520 529 3600 nobis,
557 3521 650 3586 donec
675 3522 890 3586 reconciliatus
917 3523 1024 3587 estin
1048 3521 1177 3587 Cluisto.
1224 3522 1290 3603 (luo
1310 3521 1409 3604 perti
1460 3521 1494 3606 (l
1512 3520 1627 3585 Ioann.
1649 3526 1676 3599 1,
1694 3522 1739 3604 t).
1772 3520 1837 3586 Hic
1852 3521 1984 3605 sanquis
2004 3528 2049 3586 est
2066 3524 2123 3602 qui
2146 3523 2318 3604 effunditur
2340 3525 2375 3585 in
2391 3544 2440 3587 re·

426 3611 499 3672 nent
519 3626 624 3672 omues
645 3607 725 3671 istae
746 3608 926 3673 sententiae:
950 3609 1019 3690 ipsc
1039 3609 1178 3689 expiatio
1199 3612 1244 3671 est
1258 3626 1321 3690 pro
1336 3626 1409 3689 pec-
1460 3605 1639 3671 missionem
1648 3611 1844 3688 peccatorum
1861 3605 1957 3690 (Luc.
1971 3611 2026 3685 22,
2040 3606 2106 3691 20).
2131 3608 2176 3676 Si
2191 3608 2242 3673 hic
2258 3611 2379 3690 effectus
2395 3614 2440 3672 est

428 3693 507 3756 catis
532 3693 648 3756 nostris
670 3692 760 3774 (ibid.
782 3697 816 3772 2,
835 3692 870 3777 2)
876 3718 887 3773 ,·
914 3695 1005 3758 item.-
1029 3694 1155 3776 placuit
1180 3692 1249 3758 Deo
1276 3693 1409 3758 reconci-
1458 3693 1527 3775 fusi
1538 3693 1705 3776 sanpuinis
1720 3696 1756 3756 ut
1767 3713 1829 3756 non
1844 3693 2035 3774 imputentur
2049 3694 2137 3758 nobis
2146 3700 2281 3775 peccata,
2299 3696 2440 3775 sequitur

428 3777 510 3842 liare
531 3798 592 3857 per
618 3779 725 3859 ipsam
752 3780 859 3844 omnia
884 3801 959 3862 erpo
986 3800 1034 3858 se,
1056 3780 1233 3862 pacilicans
1252 3800 1314 3862 per
1335 3798 1409 3843 sam
1460 3799 1492 3844 eo
1513 3779 1616 3860 pretio
1642 3777 1839 3859 satisfactum
1865 3798 1932 3843 csse
1958 3778 2076 3844 iudicio
2101 3778 2174 3844 Dei.
2222 3781 2289 3861 Quo
2304 3781 2438 3862 pertinet

427 3863 553 3945 puinem
574 3865 676 3928 crucis
692 3865 761 3929 cius
775 3885 837 3945 per
858 3866 964 3945 ipsum
982 3865 1066 3950 (Col.
1088 3869 1115 3944 1,
1136 3865 1201 3946 20),
1223 3869 1273 3929 etc.
1313 3864 1409 3928 Item:
1459 3865 1541 3930 illud
1566 3863 1750 3943 Baptistae:
1781 3884 1844 3929 ecce
1876 3884 1978 3948 aprus
2006 3864 2071 3930 Dei
2097 3867 2153 3947 qui
2180 3867 2258 3931 tollit
2277 3871 2438 3947 peccabam

428 3953 496 4013 crat
517 3947 607 4012 Dens
627 3950 663 4012 in
687 3947 825 4029 Christo,
847 3951 1001 4017 mundum
1022 3951 1084 4017 sibi
1104 3951 1321 4029 reconcilians,
1346 3970 1409 4014 non
1459 3950 1572 4015 mundi
1593 3948 1722 4033 (Ioann.
1745 3956 1772 4029 1,
1791 3950 1857 4036 29).
1903 3950 1989 4014 Nam
2011 3951 2153 4017 mundus
2173 3953 2250 4037 lepis
2270 3953 2438 4033 sacrificiis

429 4035 590 4115 imputans
621 4035 798 4100 homiuibus
823 4042 952 4116 peccata
978 4037 1013 4121 (2
1036 4036 1110 4102 (lor.
1137 4043 1171 4116 5,
1199 4037 1263 4119 19).
1313 4035 1409 4100 Item:
1463 4035 1626 4102 Christum
1647 4037 1785 4118 opponit,
1806 4042 1842 4101 ut
1860 4036 2020 4120 impletum
2041 4038 2077 4102 in
2098 4058 2131 4102 eo
2152 4039 2215 4103 solo
2235 4038 2340 4102 doceat
2357 4039 2440 4117 quod

426 4122 533 4204 pratos
560 4139 615 4183 nos
641 4119 752 4185 habuit
776 4122 811 4184 in
837 4123 946 4187 dilecto
965 4122 1033 4204 filio
1054 4123 1155 4207 (Eph.
1178 4127 1205 4202 1,
1225 4121 1268 4206 6).
1314 4121 1410 4187 Item:
1457 4123 1580 4206 ῇριοοαο
1600 4121 1676 4186 illae
1695 4127 1914 4188 monstrarunt.
1953 4122 2078 4189 Scimus
2098 4129 2201 4190 autem
2220 4125 2298 4204 auid
2312 4124 2437 4203 passim

428 4209 464 4270 ut
496 4204 601 4269 ambos
631 4206 668 4269 in
698 4227 798 4270 unum
830 4207 983 4273 hominem
1013 4209 1226 4275 reconciliaret
1251 4207 1321 4274 Deo
1347 4229 1410 4290 per
1460 4209 1544 4274 dicat
1565 4207 1685 4274 Moses:
1710 4209 1888 4292 ecpiabitur
1913 4209 2080 4290 iniquitas,
2102 4215 2264 4291 peccatum
2289 4207 2438 4273 delebitm

373 4326 377 4333 =
428 4311 548 4358 emicem
570 4285 660 4375 (ibid.
682 4295 715 4370 2,
737 4292 802 4377 16).
847 4293 943 4359 Ratio
970 4294 1067 4359 huius
1085 4295 1228 4378 mysterii
1248 4314 1286 4359 ea
1301 4296 1409 4376 primo
1460 4315 1498 4360 ac
1528 4295 1707 4360 remittetur.
1761 4294 1906 4378 Dmipue
1938 4295 1973 4360 in
2005 4296 2155 4360 vetudus
2183 4294 2296 4377 fipuris
2327 4292 2437 4371 optime

429 4378 473 4443 ad
494 4375 649 4458 Ephesios
676 4379 777 4458 capite
800 4379 935 4460 petendo
963 4386 1020 4459 est,
1048 4380 1102 4444 ubi
1119 4386 1286 4463 postquam
1307 4380 1410 4445 deurit
1460 4383 1605 4446 docemur
1632 4402 1713 4463 quac
1738 4381 1786 4445 sit
1799 4382 1909 4446 mortis
1932 4379 2050 4446 Christi
2076 4381 2126 4444 ris
2152 4384 2181 4444 ct
2200 4378 2347 4460 efficacia.
2392 4376 2438 4439 Et

432 4462 557 4527 Paulus
578 4484 635 4528 nos
656 4465 692 4528 in
716 4462 839 4529 Christo
859 4465 960 4546 subse
981 4468 1094 4545 electos,
1116 4466 1213 4531 simd
1234 4467 1330 4545 addit,
1353 4485 1410 4530 nos
1462 4467 1542 4532 hanc
1568 4487 1634 4532 rem
1658 4467 1828 4548 apostolus,
1856 4468 1961 4533 dentre
1981 4470 2103 4546 sumpto
2121 4463 2177 4529 hoc
2191 4463 2367 4545 principi),
2400 4463 2437 4525 in

429 4549 465 4612 in
486 4550 589 4614 codem
608 4550 747 4632 qratiam
767 4571 832 4615 esse
849 4553 988 4634 'adeptos
1032 4552 1187 4633 Quomodo
1207 4553 1304 4632 corpu
1319 4551 1411 4616 Deus
1462 4553 1591 4633 epistola
1617 4553 1661 4617 ad
1682 4552 1841 4618 Hebraeas
1862 4552 1912 4636 (9,
1931 4550 1989 4637 22)
2015 4549 2159 4632 mplicat,
2186 4549 2268 4631 quod
2294 4549 2438 4613 rescissio

429 4633 536 4716 facore
556 4656 613 4699 suo
634 4636 789 4718 complecti
814 4657 890 4718 quos
919 4643 990 4703 ante
1013 4639 1171 4703 conditum
1191 4638 1411 4703 mundandi
1462 4638 1575 4720 absque
1590 4639 1758 4721 sanpuinis
1772 4638 1920 4719 effusione
1934 4657 1996 4700 non
2009 4637 2075 4718 fiat.
2107 4634 2194 4702 Unde
2203 4635 2328 4717 callipit,
2347 4632 2439 4698 Chri

430 4719 561 4799 morat,
590 4722 655 4786 nisi
681 4723 759 4804 qnia
785 4743 922 4788 amarem
949 4743 1043 4788 suum
1068 4726 1206 4789 exseruit
1230 4724 1286 4788 ubi
1307 4742 1411 4788 recem
1461 4729 1546 4789 stum
1559 4725 1596 4788 in
1608 4724 1801 4789 abolitionem
1815 4723 1938 4803 peccati
1946 4742 2008 4802 per
2024 4722 2327 4802 suumsacrificium
2345 4720 2438 4784 semel

431 4805 556 4869 milatus
582 4811 627 4870 est
649 4807 768 4893 Christi
790 4810 967 4892 sanquine?
1013 4809 1101 4874 Nam
1129 4812 1206 4891 quia
1227 4809 1317 4874 Deus
1338 4809 1411 4891 foris
1462 4811 1659 4892 apparuisse.
1686 4808 1774 4887 Item,
1791 4808 1925 4873 oblatum
1935 4827 2001 4872 csse
2016 4808 2232 4873 utmultorum
2241 4807 2358 4871 tollmet
2368 4824 2437 4887 pec

430 4894 475 4954 ast
496 4891 597 4955 omnis
618 4894 765 4973 iustitiae,
788 4915 908 4960 necesse
926 4901 970 4961 est
990 4901 1026 4960 ut
1047 4896 1144 4974 homo,
1172 4896 1325 4976 quamdiu
1340 4915 1411 4976 pee-
1462 4894 1634 4980 cata(ibid.
1644 4895 1707 4980 12).
1728 4894 1980 4958 Diceratautem
1994 4895 2101 4975 prius,
2113 4892 2439 4975 nonpersanpuinem

431 4979 515 5040 cator
537 4981 589 5055 cst,
611 4978 701 5042 illum
722 4979 832 5046 habeat
851 4981 965 5047 hostem
982 4987 1009 5047 et
1025 4982 1168 5046 iudicem.
1199 4981 1302 5062 Quare
1316 4983 1412 5062 prin-
1461 4981 1619 5046 hircorum
1639 4985 1695 5045 aut
1712 4980 1895 5058 vitulorum
1918 4979 1973 5044 sed
1987 5000 2049 5061 per
2069 4981 2255 5062 sanquinem
2270 4978 2439 5060 proprium

430 5062 550 5143 οίρίοηο
571 5065 689 5128 amoris
710 5071 754 5129 cst
774 5068 907 5148 iustitia,
929 5069 1034 5151 qualis
1059 5089 1080 5132 a
1103 5066 1205 5131 Paulo
1226 5066 1412 5131 describitur
1461 5066 1554 5132 suriel
1575 5067 1709 5131 intrasse
1728 5066 1765 5129 in
1785 5069 1907 5144 sancta,
1935 5069 2060 5130 auersa
2080 5066 2284 5148 redemptione
2305 5065 2437 5128 inuenta

431 5145 467 5234 (2
489 5146 564 5214 Cor.
585 5153 618 5227 5,
638 5148 709 5232 21),
741 5173 811 5216 eum
842 5155 898 5233 qui
919 5159 1081 5234 peccatum
1106 5173 1168 5217 non
1194 5153 1321 5234 fecerat,
1351 5173 1411 5234 pro
1463 5151 1537 5217 Iam
1568 5150 1645 5217 dum
1677 5152 1713 5216 in
1743 5150 1824 5216 hunc
1849 5151 1975 5216 modum
2001 5153 2223 5216 ratiocinatur:
2255 5149 2439 5233 si'sanpuis

431 5232 519 5299 nobis
533 5240 695 5321 peccatum
715 5237 801 5318 fecit,
832 5244 867 5303 ut
889 5260 1024 5306 essemus
1045 5239 1169 5304 iustitia
1190 5238 1255 5303 Dei
1276 5240 1310 5302 in
1331 5240 1410 5321 ipso.
1461 5237 1577 5304 vitulae
1602 5237 1775 5319 sanctificat
1801 5238 1971 5302 semmdum
1997 5239 2104 5303 carnis
2124 5238 2311 5319 puritatem
2344 5233 2439 5298 multo

434 5319 599 5404 Sipnipicat
630 5323 726 5402 enim,
757 5325 930 5407 pratuitam
955 5327 1111 5391 iustitiam
1139 5325 1265 5407 adeptas
1293 5323 1412 5389 Christi
1461 5323 1564 5408 mapis
1584 5325 1738 5407 sanpuine
1761 5322 1880 5390 Christi
1894 5322 2068 5406 purificari
2088 5323 2288 5388 corrscrentias
2309 5321 2348 5385 ab
2368 5339 2438 5400 ope·

431 5407 600 5489 sacrificio,
626 5413 661 5472 ut
682 5408 751 5474 Deo
766 5410 963 5492 placeamus,
989 5413 1046 5494 qui
1072 5416 1189 5476 aalma
1217 5430 1327 5476 summ
1346 5410 1412 5491 ptri
1461 5409 1549 5475 rabies
1575 5411 1721 5490 mortuis,
1752 5410 1844 5494 facile
1868 5414 1968 5492 patet,
2002 5411 2100 5474 nimis
2127 5408 2289 5474 annnam
2319 5405 2440 5481 Christi

431 5491 509 5570 irae,
532 5497 559 5557 et
574 5515 635 5575 per
649 5499 809 5575 peccatum
821 5497 958 5562 climati.
987 5495 1148 5563 Caeterum
1164 5497 1239 5563 baec
1255 5497 1411 5563 distinctio
1459 5497 1598 5580 pratiam
1618 5497 1683 5561 nisi
1703 5497 1772 5562 eius
1791 5496 1947 5577 sacrificio
1966 5497 2032 5560 uim
2052 5495 2218 5577 expiandi,
2234 5492 2390 5576 placandi
2411 5494 2440 5555 et

432 5577 527 5642 etiam
547 5584 685 5658 udatur,
712 5583 830 5662 quotics
845 5583 911 5647 Dei
932 5584 1059 5648 caritati
1084 5584 1269 5667 adiunpitur
1293 5579 1411 5647 Christi
1461 5583 1678 5665 satisfaciend
1708 5584 1916 5648 annuimus.-
1952 5581 2209 5662 quenadmodum
2240 5579 2339 5661 paulo
2364 5580 2439 5660 post

432 5663 555 5745 ltalia,
587 5666 669 5730 unde
694 5669 849 5748 sequitur,
881 5688 950 5732 enm
976 5669 1014 5735 de
1042 5688 1099 5734 suo
1123 5671 1206 5751 quad
1232 5668 1410 5751 acquisivit,
1461 5669 1562 5749 addit,
1589 5670 1742 5736 mediator
1767 5667 1818 5733 hic
1844 5673 1889 5732 est
1912 5668 1984 5733 novi
2004 5667 2188 5745 umnam,
2218 5669 2254 5729 ut
2273 5668 2369 5731 morte
2389 5664 2439 5728 iu·
