5600 6809
325 787 458 878 ,111
676 779 1401 849 11111111111111111111
1423 779 1743 848 mensurnis.
1787 749 2009 847 111111.
2038 781 2134 846 mr.
2341 789 2402 848 942

485 973 536 1032 21.
581 968 727 1034 Habebit
753 977 924 1053 praeterea
945 971 999 1052 qui
1029 970 1115 1035 hanc
1142 970 1266 1036 tenebit
1287 970 1375 1035 solu·
1429 969 1690 1035 animadvertere
1712 970 1865 1037 convenit
1886 970 1965 1053 quid
1986 972 2029 1035 sit
2047 979 2299 1036 sacramentum.
2342 973 2403 1036 Vi-

401 1057 540 1132 tionem,
572 1076 636 1139 quo
669 1054 826 1120 adversus
859 1055 1082 1138 improborum
1112 1055 1292 1121 calumnias
1319 1076 1375 1122 eos
1400 1005 1404 1124 l
1429 1055 1524 1120 detur
1545 1063 1655 1120 autem
1677 1056 1760 1119 mihi
1782 1055 1862 1122 haec
1885 1056 2025 1139 simplex
2047 1064 2081 1121 et
2102 1058 2235 1140 propria
2256 1059 2324 1123 fore
2346 1057 2403 1124 de-

401 1140 554 1206 defendat
580 1141 699 1223 quiex
727 1140 952 1206 monachismo
974 1141 1015 1206 ad
1048 1142 1223 1206 honestum
1245 1141 1375 1225 aliquod
1428 1143 1544 1220 finitio,
1567 1143 1596 1207 si
1618 1141 1808 1219 dixerimus,
1831 1149 2005 1206 externum
2027 1163 2098 1207 esse
2120 1144 2314 1228 symbolum,
2337 1165 2403 1226 qno

400 1226 532 1293 vivendi
555 1248 659 1309 genus
687 1227 878 1291 concedunt.
923 1227 1063 1293 Fractae
1085 1226 1161 1292 fidei
1183 1234 1217 1292 et
1237 1227 1375 1311 perimii
1429 1228 1674 1293 benevolentiae
1696 1248 1776 1310 erga
1798 1249 1857 1292 nos
1883 1248 1961 1292 suae
1984 1229 2213 1310 promissiones
2236 1231 2402 1294 conscien-

441 1313 546 1378 avitor
568 1320 777 1391 accusantur,
806 1311 891 1395 quod
913 1313 1096 1390 vinculum,
1125 1321 1162 1377 ut
1183 1314 1282 1398 vulgo
1304 1335 1395 1378 cre·x
1427 1315 1482 1378 tiis
1504 1316 1623 1379 1111111
1644 1315 1807 1378 Dominus
1830 1312 1994 1397 obsignat,
2017 1312 2059 1378 ad
2080 1315 2305 1380 sustinendam
2326 1314 2404 1380 fidei

425 1400 505 1476 tur,
534 1398 725 1476 insolubilo‚
755 1419 819 1480 quo
847 1405 942 1462 erant
962 1399 1036 1463 Deo
1063 1407 1097 1463 et
1118 1399 1271 1463 ecclesiae
1293 1399 1375 1465 obli·
1428 1410 1560 1464 nostrae
1591 1399 1865 1476 imbecillitatem,
1904 1407 1938 1463 ct
1974 1422 2034 1465 nos
2067 1401 2213 1465 vicissim
2245 1402 2403 1483 pietatem

399 1485 477 1568 gati,
513 1485 710 1566 abruperint.
761 1484 808 1547 At
840 1504 900 1567 ego
927 1485 1056 1548 nullum
1084 1485 1184 1550 fuisse
1206 1485 1374 1550 vinculum
1428 1507 1507 1569 erga
1535 1507 1610 1549 eum
1637 1494 1784 1550 nostram
1810 1489 1875 1549 tom
1903 1506 2006 1550 coram
2039 1507 2072 1550 eo
2103 1491 2132 1549 et
2165 1487 2404 1568 angelicatum

400 1571 481 1649 dico,
504 1568 561 1635 ubi
582 1568 669 1652 quod
692 1569 788 1633 homo
811 1571 992 1646 confirmat,
1016 1572 1109 1635 Deus
1128 1572 1271 1654 abrogat.
1305 1572 1375 1635 De-
1428 1570 1516 1653 apud
1538 1571 1687 1635 homines
1715 1579 1883 1635 testamur.
1928 1573 2024 1636 Licet
2045 1572 2143 1636 etiarn
2172 1572 2292 1635 maiore
2315 1593 2403 1636 eom·

400 1655 493 1735 inde,
522 1663 560 1719 ut
582 1655 697 1721 demus
723 1657 824 1720 fuisse
847 1655 1020 1739 obligatos,
1052 1677 1152 1738 quum
1171 1657 1375 1740 ignoratione
1430 1656 1545 1738 pendia
1576 1657 1671 1720 aliter
1700 1655 1851 1720 definire:
1887 1666 1924 1720 ut
1952 1665 2089 1721 vocetur
2118 1657 2247 1722 divinae
2275 1659 2310 1721 in
2342 1677 2403 1722 nos

400 1743 465 1808 Dei
487 1750 520 1806 et
543 1763 653 1806 errore
674 1741 824 1823 impliciti
846 1748 1052 1821 tenerentur,
1075 1764 1179 1818 nunc,
1202 1751 1376 1825 postquam
1428 1744 1553 1824 gratiae
1592 1743 1818 1807 testimoninm
1856 1751 1992 1807 externo
2032 1745 2125 1826 signo
2165 1744 2402 1822 confirmatum,

400 1828 549 1894 veritatis
570 1827 688 1891 notitia
714 1835 791 1891 sunt
811 1826 1004 1913 illuminati,
1033 1828 1131 1892 simul
1154 1828 1279 1892 Christi
1301 1850 1375 1912 gra-
1429 1850 1503 1893 cum
1538 1837 1654 1893 mutua
1681 1835 1812 1893 nostrae
1839 1849 1918 1911 erga
1951 1830 2061 1912 ipsum
2089 1830 2220 1910 pietatis
2249 1831 2402 1894 testifica-

401 1915 448 1978 tia
476 1913 588 1978 liberos
610 1934 681 1977 esse
704 1912 783 1978 dico.
822 1913 908 1976 Nam
927 1914 954 1977 si
976 1921 1102 1978 tantam
1122 1915 1296 1979 efficaciam
1316 1915 1375 1979 ha·
1429 1915 1525 1978 tione.
1575 1914 1776 1979 Utramlibet
1803 1936 1843 1978 ex
1871 1915 1924 1978 his
1951 1914 2193 1979 definitionibus
2216 1915 2332 1998 eligas,
2361 1915 2403 1980 ab

399 2000 455 2064 bet
483 2019 565 2062 crux
588 1997 728 2077 Christi,
762 2008 800 2063 ut
827 2018 847 2061 a
876 1999 958 2082 legis
981 1999 1109 2064 divinae
1137 2000 1374 2077 maledictione,
1428 2000 1485 2063 illa
1513 2001 1708 2083 Augustini,
1741 2021 1824 2081 quae
1859 2009 2100 2066 sacramentum
2127 2020 2197 2065 esse
2226 1982 2328 2064 tradit
2356 2001 2404 2064 rei

400 2105 464 2168 qua
486 2085 589 2149 vincti
611 2083 846 2161 detinebamur,
868 2106 928 2149 nos
951 2085 1106 2163 absolvat,
1130 2094 1253 2167 quanto
1269 2088 1375 2170 magis
1429 2106 1539 2150 sacrae
1568 2086 1696 2150 visibile
1725 2086 1870 2168 signum,
1899 2097 1956 2150 aut
1977 2086 2150 2151 invisibilis
2177 2086 2303 2168 gruum
2325 2086 2403 2151 visi·

400 2172 441 2236 ab
468 2171 636 2234 extraneis
663 2171 803 2235 vinculis
833 2172 930 2254 (quae
957 2171 1041 2234 nihil
1070 2180 1147 2236 sunt
1174 2193 1272 2253 quam
1301 2192 1375 2255 eap-
1428 2171 1526 2235 bilem
1548 2173 1702 2248 formam,
1730 2194 1827 2236 sensu
1850 2172 1932 2235 nihil
1955 2170 2078 2250 differe
2107 2193 2177 2236 rem
2199 2192 2277 2236 vcro
2299 2172 2404 2253 ipsam

399 2259 484 2321 tiosa
506 2263 639 2320 satanae
661 2257 758 2339 retia)
780 2278 839 2320 nos
861 2256 973 2321 eruet?
1018 2255 1275 2340 Quibuscunque
1298 2279 1375 2341 ergo
1428 2257 1545 2322 melius
1568 2277 1605 2321 ac
1627 2258 1748 2322 certius
1769 2258 1919 2338 explicat.
1964 2258 2050 2321 Nam
2072 2279 2172 2338 quum
2194 2258 2229 2321 in
2250 2257 2308 2320 illa
2329 2257 2403 2321 bre-

400 2342 554 2408 Ohristus
587 2341 749 2424 evangelii
781 2343 833 2406 sui
864 2342 937 2407 luce
964 2343 1115 2426 affulget,
1145 2364 1211 2406 non
1240 2342 1375 2407 dubium
1428 2344 1529 2406 111111
1558 2343 1602 2407 111
1630 2343 1739 2425 aliqua
1760 2344 1956 2420 obscuritas,
1984 2340 2106 2425 inqua
2131 2342 2226 2406 multi
2255 2340 2404 2408 rudiores

399 2437 458 2506 est,
477 2428 554 2509 quin
573 2428 613 2491 ab
632 2427 784 2492 omnibus
802 2449 856 2492 eos
873 2429 998 2510 laqueis
1018 2428 1179 2510 expediat,
1201 2427 1318 2511 quibus
1340 2450 1375 2493 se
1427 2428 1687 2506 hallucinantur,
1716 2429 1805 2492 volui
1827 2428 1975 2511 pluribus
1998 2429 2106 2493 verbis
2128 2429 2306 2511 pleniorem
2329 2427 2403 2493 red·

399 2534 458 2598 per
485 2513 748 2594 superstitionem
763 2512 961 2577 induerant.
1008 2513 1205 2596 Quanquam
1227 2536 1287 2579 111
1309 2515 1375 2579 11111
1428 2514 1504 2579 dero
1527 2515 1733 2591 sententiam,
1758 2536 1798 2578 ne
1820 2515 1899 2597 quid
1921 2513 2133 2578 dubitationis
2155 2513 2314 2578 haereret.

400 2599 491 2663 deest
512 2598 616 2662 altera
638 2598 797 2676 defensio,
826 2600 854 2662 si
876 2597 918 2663 ad
940 2599 1133 2676 caelibatum
1154 2621 1220 2664 non
1242 2602 1376 2664 fuerunt
1514 2604 1541 2662 2.
1588 2599 1663 2679 Qua
1698 2602 1823 2664 ratione
1853 2600 2049 2665 vocabulum
2082 2601 2144 2665 hoc
2171 2601 2405 2681 usurpaverint

399 2685 516 2750 idonei.
561 2684 648 2749 Nam
670 2685 698 2749 si
723 2694 839 2748 votum'
861 2686 1060 2767 impossibile
1084 2693 1209 2750 certum
1232 2695 1282 2750 111
1304 2687 1374 2750 ani-
1427 2693 1555 2750 veteros
1577 2686 1612 2748 in
1635 2706 1672 2748 11
1695 2708 1802 2762 11111,
1826 2707 1892 2750 111
1915 2693 1965 2749 111
1987 2685 2170 2751 obscurum.
2215 2685 2302 2748 Nam
2324 2706 2403 2768 quo·

399 2793 472 2836 mae
499 2770 653 2846 exitium,
684 2791 782 2851 quam
804 2778 968 2836 servatam
989 2772 1062 2837 vult
1083 2772 1188 2850 Deus,
1212 2795 1280 2836 non
1300 2794 1374 2855 per·
1427 2773 1489 2835 ties
1519 2792 1670 2853 graecam
1697 2792 1809 2835 vocem
1831 2770 1993 2853 μυστήριον
2014 2770 2115 2835 111111
2138 2771 2273 2835 reddere
2300 2771 2405 2836 voluit

401 2857 516 2935 ditam,
551 2856 698 2937 sequitur
725 2857 761 2918 in
783 2877 821 2920 co
849 2857 983 2921 minime
1007 2877 1077 2922 esso
1105 2858 1374 2941 permanendum.
1427 2867 1521 2920 vetus
1539 2858 1710 2938 interpres,
1729 2857 1920 2938 praesertim
1939 2857 1995 2920 ubi
2015 2856 2170 2922 derebus
2189 2855 2403 2939 divinisage·
2464 2894 2470 2904 ·

401 2942 511 3024 Quam
533 2950 643 3006 autem
665 2941 863 3023 impossibile
892 2943 936 3006 sit
957 2951 1071 3007 votum
1093 2945 1312 3008 continentiae
1334 2944 1375 3008 iis
1426 2942 1540 3020 batur,
1576 2942 1745 3007 transtulit
1777 2950 2027 3006 sacramentum.
2084 2940 2141 3006 Sic
2169 2940 2211 3003 ad
2242 2942 2404 3023 Ephesios

401 3030 456 3111 qui
479 3028 638 3110 singulari
662 3027 746 3091 dono
775 3027 912 3109 praediti
935 3049 1001 3092 non
1030 3036 1122 3108 sunt,
1147 3037 1242 3094 antea
1264 3029 1374 3094 docui-
1428 3030 1473 3111 (1,
1493 3032 1542 3111 91
1571 3036 1609 3092 11
1630 3039 1746 3092 notum
1765 3029 1886 3093 faceret
1907 3028 2001 3092 nobis
2024 3035 2265 3092 sacramentum
2287 3028 2403 3091 volun-

398 3136 486 3191 mus,
511 3122 544 3177 et
566 3114 784 3194 experientia,
813 3135 865 3178 me
888 3121 1033 3191 tacente,
1064 3115 1215 3196 loquitur.
1260 3116 1375 3198 Neque
1428 3115 1504 3178 tatis
1533 3134 1619 3180 suae.
1664 3114 1749 3177 Item
1773 3113 1817 3196 (3,
1839 3111 1889 3197 2):
1919 3113 1947 3177 si
1975 3123 2087 3177 tamen
2112 3112 2250 3176 audistis
2272 3111 2404 3195 dispen-

400 3202 488 3263 enim
510 3207 560 3263 est
581 3199 731 3281 ignotum
754 3207 878 3281 quanta
899 3201 1116 3264 obscoenitate
1138 3208 1284 3265 scateant
1305 3222 1375 3266 om·
1428 3202 1586 3265 sationem
1610 3202 1734 3283 matisc
1756 3199 1834 3277 Dei,
1859 3221 1942 3282 quae
1965 3198 2042 3263 data
2063 3205 2113 3262 est
2139 3197 2222 3261 mihi
2244 3198 2279 3261 in
2300 3197 2401 3276 vobis,
2502 3216 2504 3219 ’

398 3286 454 3349 nia
475 3286 542 3348 fere
564 3285 770 3349 monasteria.
810 3286 856 3348 Et
878 3287 905 3349 si
927 3307 991 3368 qua
1013 3285 1168 3351 videntur
1189 3287 1376 3351 honestiora
1428 3287 1581 3369 quoniam
1609 3285 1789 3351 secundum
1818 3286 2051 3350 revelationem
2080 3294 2197 3347 notum
2224 3284 2305 3347 mihi
2336 3285 2403 3349 fao·

398 3372 567 3454 magisque
598 3370 784 3434 verecunda
817 3393 886 3436 osse
927 3372 1014 3450 aliis,
1049 3394 1115 3436 non
1156 3371 1228 3437 ideo
1264 3381 1375 3438 tamen
1428 3381 1497 3435 tum
1516 3381 1566 3437 est
1584 3377 1834 3437 sacramentum.
1868 3370 1922 3435 Ad
1941 3371 2151 3436 colossenses
2170 3370 2214 3453 (1,
2235 3369 2307 3452 2b):
2329 3391 2403 3452 my-

398 3464 487 3521 casta
505 3462 590 3532 sunt,
614 3454 699 3537 quod
722 3457 943 3539 impudicitiae
965 3458 1090 3522 malum
1111 3459 1200 3523 intus
1221 3467 1376 3542 premunt
1428 3460 1563 3523 sterium
1589 3457 1675 3539 quod
1704 3457 1928 3523 absconditum
1955 3457 2057 3520 fuita
2089 3456 2226 3520 saeculis
2249 3463 2282 3518 et
2303 3475 2402 3538 gene·

399 3563 435 3606 ac
468 3541 646 3607 continent.
691 3542 744 3606 Ita
777 3544 900 3627 scilicet
927 3543 1101 3608 horrendis
1129 3546 1287 3627 exemplis
1314 3545 1374 3608 ho·
1426 3544 1615 3622 rationibus,
1635 3553 1844 3608 nuncautem
1861 3543 2105 3607 manifestatum
2118 3549 2168 3606 est
2181 3542 2304 3605 sanctis
2322 3542 2400 3620 eius,

398 3628 525 3692 minum
548 3627 717 3691 audaciam
740 3629 907 3694 ulciscitur
929 3627 1030 3708 Deus,
1057 3652 1159 3713 quum
1182 3653 1259 3696 suae
1281 3632 1373 3696 infir·
1426 3629 1544 3712 quibus
1573 3630 1678 3694 voluit
1705 3630 1868 3694 Dominus
1895 3635 1989 3692 notas
2011 3628 2117 3692 facere
2140 3626 2271 3691 divitias
2292 3646 2400 3692 sacra·

398 3715 521 3778 mitatis
544 3713 766 3793 immemores,
795 3723 999 3800 repugnante
1022 3724 1140 3781 natura
1162 3717 1196 3780 id
1218 3718 1374 3784 affectant
1424 3716 1528 3780 menti
1555 3716 1669 3793 huius,
1692 3723 1752 3780 eto.
1797 3715 1882 3778 Item
1904 3713 1945 3777 ad
1974 3713 2183 3777 Timotheum
2212 3712 2398 3796 (111113,

398 3799 483 3882 qnod
514 3806 564 3864 est
595 3799 660 3862 illis
689 3799 901 3884 denegatum,
936 3808 969 3864 11
997 3803 1191 3886 contemptis
1221 3803 1373 3868 remediis
1428 3802 1496 3875 lbi:
1525 3821 1684 3885 magnum
1705 3800 1838 3883 pietatis
1865 3807 2119 3875 sacramentnm,
2148 3797 2240 3862 Deus
2262 3797 2400 3862 manife-

398 3905 480 3969 quae
501 3884 664 3949 Dominus
686 3885 751 3950 illis
774 3887 814 3951 ad
837 3909 972 3951 manum
994 3886 1143 3967 dederat,
1167 3890 1373 3955 contumacia
1425 3895 1529 3952 status
1550 3895 1601 3952 est
1622 3888 1657 3950 in
1679 3908 1786 3951 carne.
1830 3885 1945 3950 Noluit
1967 3893 2077 3950 autem
2098 3883 2206 3948 dicere
2233 3902 2399 3962 areanum,

398 3979 431 4035 et
453 3970 669 4036 obstinatione
698 3972 955 4038 incontinentiae
980 3972 1132 4038 morbum
1160 3996 1314 4058 superare
1337 3996 1372 4039 se
1424 3973 1566 4056 nequid
1595 3993 1706 4037 rerum
1733 3970 1959 4055 magnitudine
1986 3971 2122 4034 inferius
2145 3967 2400 4035 (1111111111-

397 4078 491 4140 posse
513 4055 689 4122 confidunt.
736 4056 826 4138 Quid
848 4060 937 4122 enim
964 4057 1053 4122 aliud
1076 4081 1175 4142 quam
1203 4068 1371 4126 1111111-
1425 4066 1487 4122 tur.
1534 4056 1786 4123 Sacramentum
1808 4059 1885 4140 ergo
1908 4057 2015 4139 posuit
2035 4077 2095 4140 pro
2118 4076 2247 4133 arcano,
2272 4054 2329 4118 sed
2351 4053 2399 4117 rei

398 4145 482 4208 ciam
503 4163 573 4207 esse
593 4140 747 4220 dicemus,
770 4141 825 4207 ubi
848 4144 920 4226 quis
938 4143 1123 4210 admonitus
1141 4146 1292 4230 coniugio
1310 4147 1371 4211 sibi
1425 4165 1545 4209 sacrae.
1607 4144 1648 4207 In
1683 4165 1722 4209 ea
1765 4143 2005 4227 significatione
2042 4141 2128 4225 apud
2167 4140 2400 4205 ecclesiasticos

398 4249 480 4311 opus
509 4250 595 4305 esse,
625 4227 723 4309 idque
751 4230 813 4294 sibi
836 4251 856 4293 a
878 4227 1019 4294 Domino
1042 4231 1176 4295 remedii
1198 4231 1268 4297 loco
1290 4231 1370 4309 dari,
1425 4230 1599 4312 scriptores
1638 4228 1776 4294 subinde
1808 4228 1958 4294 occurrit.
2015 4226 2059 4290 Et
2094 4227 2175 4293 sutis
2212 4229 2315 4287 notum
2345 4227 2398 4303 est,

397 4337 464 4379 non
492 4313 587 4378 modo
616 4314 649 4378 id
676 4314 870 4392 contemnit,
904 4315 1082 4380 sedetiam
1111 4329 1314 4382 sacramento
1336 4339 1371 4382 se
1424 4337 1503 4397 quae
1524 4322 1720 4380 squameae
1742 4321 1890 4380 vocamur
1910 4315 1997 4396 upttd
2020 4313 2160 4390 Latinos,
2182 4310 2314 4373 Graccis
2335 4328 2400 4374 esse

398 4401 500 4484 adigit
521 4399 563 4465 ad
586 4400 829 4483 contemptum?
1424 4403 1587 4484 mysteria:
1609 4423 1689 4483 1111
1709 4403 1894 4483 synonymia
1914 4401 1999 4464 11111
2020 4418 2138 4464 marren
2159 4395 2291 4460 dirimit.
2335 4396 2398 4458 Aa

1141 4500 1144 4507 ’
1424 4510 1486 4570 que
1515 4488 1593 4552 hinc
1621 4488 1743 4551 factum
1770 4499 1827 4566 cst¹
1841 4494 1880 4550 ut
1910 4485 1951 4549 ad
1972 4488 2066 4567 signa
2087 4482 2160 4560 illa,
2188 4501 2271 4563 quae
2294 4501 2399 4564 augn-

1424 4582 1510 4639 stam
1537 4573 1726 4639 sublimium
1753 4593 1791 4637 ac
1824 4571 2043 4656 spiritualium
2071 4587 2182 4632 rerum
2209 4586 2399 4648 repraesen-

1424 4661 1583 4724 tationem
1604 4659 1772 4739 haberent,
1800 4657 2021 4723 deduceretur.
2067 4651 2163 4734 Quod
2185 4651 2285 4715 etium
2307 4655 2400 4714 notat

728 4743 881 4811 CAPUT
903 4743 995 4810 XIV.
1010 4744 1035 4831 ¹)
1424 4745 1541 4811 alicubi
1563 4745 1785 4828 Augustinus:
1802 4743 1827 4827 ¹)
1853 4744 2005 4824 longum,
2025 4738 2146 4823 inquit,
2173 4751 2258 4802 esset
2287 4735 2400 4837 dispu-

1038 4905 1046 4921 ,
1424 4839 1496 4897 tare
1518 4831 1558 4897 de
1579 4832 1740 4897 varietate
1768 4832 1950 4912 signorum,
1981 4845 2066 4908 quae
2088 4845 2188 4907 quum
2211 4820 2253 4887 ad
2275 4844 2327 4888 res
2349 4821 2398 4887 d1·

688 4903 755 4984 De
788 4903 1082 4989 Sacramenbls.
1424 4919 1518 4983 vinae
1540 4918 1715 5000 pertinent,
1739 4920 1943 4979 sacramenta
1964 4910 2179 4994 appellantur.

1510 5007 1538 5068 3.
1583 5004 1687 5068 Porro
1718 5023 1760 5064 ex
1793 4998 1855 5063 hac
1888 5018 1984 5081 quam
2012 4997 2180 5079 posuimus
2208 4994 2397 5060 definitione

485 5086 510 5145 l.
558 5081 797 5147 Praedicatioai
818 5089 969 5169 evangelii
995 5089 1086 5152 aliud
1106 5089 1205 5169 affine
1225 5095 1270 5156 esi
1295 5089 1371 5170 fidei
1422 5089 1648 5174 intelligimus,
1683 5105 1851 5166 nunquam
1883 5083 1953 5148 sine
1979 5089 2157 5165 praeeunte
2184 5081 2397 5165 promissione

396 5173 520 5234 aosircw
544 5167 758 5231 adiumentum
785 5170 821 5231 ia
848 5175 1063 5250 1111111111,
1094 5174 1134 5238 de
1161 5177 1278 5256 quibus
1300 5197 1370 5241 cer·
1423 5197 1493 5242 esse
1527 5178 1784 5247 sacramentum,
1813 5168 1871 5233 sed
1898 5170 1928 5233 ei
1956 5168 2066 5251 potius
2090 5175 2247 5249 tanquam
2274 5188 2396 5251 appen-

396 5261 464 5318 tam
487 5254 629 5336 aliquam
652 5253 833 5317 doctrinam
851 5256 945 5335 tradi,
968 5278 1166 5340 magnopere
1186 5270 1298 5324 nostra
1319 5283 1370 5325 re-
1424 5261 1528 5328 dicem
1558 5255 1722 5340 quandam
1751 5254 1903 5338 adiungi,
1932 5275 1965 5320 eo
1991 5253 2054 5334 fine
2079 5259 2119 5316 ut
2148 5252 2396 5335 promissionem

395 5343 474 5421 iert;
498 5339 585 5404 unde
607 5361 683 5418 nos,
714 5346 746 5403 et
767 5360 864 5422 quem
891 5341 926 5404 in
948 5344 1048 5406 finem
1069 5343 1218 5408 instituta
1238 5345 1369 5424 fuerint,
1423 5348 1528 5429 ipsam
1550 5343 1713 5408 corifirmet
1741 5362 1779 5406 ac
1808 5339 1973 5424 obsignat,
2002 5338 2159 5422 nobisque
2186 5336 2394 5416 testatiorem,

396 5428 523 5511 etquis
545 5447 658 5491 eorum
682 5447 771 5492 nunc
797 5448 877 5492 usus
899 5427 958 5506 sit,
987 5426 1157 5493 discamus.
1200 5429 1370 5512 Principio
1423 5433 1489 5495 imo
1518 5438 1623 5493 ratam
1651 5425 2026 5510 quodammodofeeiaq
2056 5445 2120 5508 quo
2147 5421 2243 5487 modo
2265 5429 2396 5486 nostrae

385 5680 389 5687 ¹
465 5702 492 5770 l)
514 5703 622 5758 Fuerat
639 5703 770 5783 1111111111
790 5708 894 5756 satam
911 5702 941 5757 in
959 5701 1076 5759 editione
1092 5701 1271 5770 praecedenti.
1492 5700 1521 5769 1)
1539 5703 1627 5771 Epist.
1645 5700 1670 5756 5.
1689 5702 1724 5755 ed
1741 5702 1860 5756 Marcell.
1879 5699 1964 5766 (138).
