5600 6809
398 760 480 822 1037
726 757 817 822 Ιι1Β.
839 756 900 822 IV.
943 757 1008 823 DE
1029 753 1267 823 exuemus
1288 750 1457 820 smnus
1479 753 1545 819 AD
1566 751 1796 819 SALUTEM
1842 753 1941 820 OAP.
1963 743 2078 820 XVII.
2320 763 2401 824 1038

402 949 485 1028 fesso
507 945 717 1026 definiendum
744 945 919 1024 suscipiens
944 946 1092 1025 quomado
1119 942 1251 1025 improbi
1272 948 1300 1007 et
1320 962 1379 1008 see·
1432 940 1559 1018 addus,
1581 942 1617 1005 in
1637 947 1836 1006 sacramento.
1875 941 1920 1006 Et
1937 942 2013 1006 alibi
2031 944 2212 1023 mutilate
2234 946 2403 1012 manduea-

403 1032 505 1110 lerati,
523 1033 579 1112 qui
598 1032 692 1113 (idem
713 1030 918 1094 christianam
936 1052 987 1095 ore
1001 1030 1197 1111 profitentur,
1214 1029 1306 1110 fastis
1323 1050 1380 1093 au·
1431 1028 1474 1091 tio
1495 1026 1535 1091 ab
1556 1048 1588 1091 eo
1610 1027 1809 1106 desuibitur,
1836 1029 1871 1091 in
1897 1049 1960 1110 qua
1982 1030 2121 1110 pratiam
2151 1051 2273 1094 morsus
2304 1033 2404 1097 nostri

403 1123 462 1182 tem
485 1118 642 1200 obrepant,
668 1115 788 1181 Christi
810 1135 921 1197 eorpus
942 1118 1111 1194 oomedaut,
1134 1120 1161 1178 et
1181 1115 1306 1196 quidem
1325 1115 1380 1180 ad·
1431 1132 1493 1176 uon
1520 1119 1709 1176 consumunt.
1754 1115 1804 1178 Ae
1826 1135 1865 1177 ne
1891 1116 2029 1196 conperie
2053 1135 2102 1179 me
2123 1137 2270 1198 pupnare
2297 1118 2404 1182 duaret

402 1223 513 1268 ausus
534 1202 730 1282 quorundam
748 1202 929 1281 opinionem,
953 1203 1008 1281 pui
1025 1222 1085 1266 non
1102 1201 1166 1266 solo
1187 1205 1380 1265 sauamento
1432 1199 1617 1277 aduersarii,
1640 1200 1720 1263 seire
1740 1200 1832 1264 uelim
1850 1200 1998 1280 quamodo
2018 1200 2058 1264 ab
2078 1221 2144 1264 una
2165 1202 2234 1266 eius
2254 1204 2404 1268 sententia

400 1309 451 1352 eas
473 1289 569 1366 edere,
588 1289 642 1352 sed
662 1308 697 1350 re
717 1289 791 1368 ipsa
803 1287 973 1368 putabant:
993 1288 1048 1351 sed
1063 1307 1116 1351 nee
1133 1288 1207 1367 ipsi,
1229 1287 1340 1367 inquit,
1353 1285 1378 1370 ¹)
1432 1304 1465 1348 se
1485 1284 1661 1366 expediant,
1680 1284 1736 1348 ubi
1755 1285 1840 1364 dieii,
1861 1291 2057 1352 sacramenta
2078 1287 2207 1351 ineolis
2223 1287 2323 1353 dedis
2339 1289 2404 1369 efli-

403 1375 528 1439 dicendi
548 1379 621 1436 sunt
642 1374 833 1437 munducare
853 1392 964 1454 corpus
987 1371 1114 1450 Christi,
1136 1373 1213 1453 pura
1233 1373 1267 1434 in
1288 1392 1379 1456 mem·
1431 1390 1497 1435 aere
1518 1371 1598 1450 quod
1617 1371 1764 1453 figurant.
1800 1370 1885 1436 Certe
1912 1371 2049 1451 infitiari
2064 1393 2126 1437 non
2142 1372 2304 1451 audebunt,
2325 1374 2404 1453 puin

403 1459 471 1524 bris
501 1457 619 1523 Christi
646 1458 846 1537 eornputandi
872 1478 933 1522 non
961 1462 1050 1538 sunt;
1080 1463 1114 1520 ut
1141 1458 1313 1522 animalia
1333 1463 1380 1521 ta-
1429 1456 1542 1537 pipard
1560 1458 1596 1518 in
1616 1476 1708 1520 cauea
1720 1458 1821 1538 panis
1845 1456 1962 1522 Christi
1982 1478 2101 1540 eorpus.
2147 1457 2233 1523 Unde
2253 1461 2403 1539 sequitur,

299 1619 303 1627 Ι
403 1565 496 1622 ceam,
518 1564 581 1608 non
595 1547 730 1624 possunt
750 1543 845 1607 simul
862 1563 927 1608 esse
947 1543 1085 1609 membra
1111 1541 1228 1607 Christi
1245 1549 1272 1607 et
1288 1563 1380 1607 mem·
1431 1541 1574 1622 reprobos
1596 1543 1634 1605 ab
1655 1543 1724 1607 eius
1735 1543 1978 1624 participatione
1999 1542 2110 1608 areeri.
2156 1542 2312 1625 Cyrillum
2332 1566 2405 1625 quo-

403 1631 462 1695 bra
478 1631 663 1694 meretricis:
680 1630 811 1708 denique
827 1631 895 1710 ipse
916 1631 1034 1695 duens:
1052 1630 1107 1710 qui
1124 1629 1294 1695 manducat
1314 1649 1380 1692 car·
1432 1648 1489 1706 que
1510 1647 1570 1690 non
1592 1628 1683 1691 aliter
1710 1629 1844 1692 sensisse
1871 1629 2030 1693 decimant
2050 1628 2124 1692 haee
2145 1629 2251 1693 verba.-
2271 1631 2404 1711 perinde

403 1737 474 1780 nem
495 1735 595 1780 meam
617 1720 644 1778 et
665 1714 740 1778 bibit
760 1734 863 1778 meum
881 1717 1080 1798 sanpuinern,
1103 1717 1138 1778 in
1159 1735 1207 1779 me
1228 1720 1332 1780 manet
1352 1720 1380 1778 et
1431 1733 1468 1776 aa
1489 1714 1613 1792 siquis
1634 1713 1817 1794 liquefadae
1838 1734 1926 1778 aerae
1945 1715 2044 1778 alium
2064 1735 2167 1778 aeram
2182 1715 2342 1796 infuderit,
2359 1716 2404 1780 al-

405 1822 458 1885 mo
480 1803 516 1865 in
533 1822 574 1878 eo,
597 1800 728 1889 ostendit
748 1801 825 1880 auid
846 1801 896 1878 sit,
918 1822 980 1865 non
993 1806 1302 1878 sacramentotenus,
1325 1800 1380 1865 sed
1430 1804 1528 1862 teram
1549 1819 1620 1862 eum
1636 1799 1736 1863 altera
1747 1821 1809 1880 per
1825 1805 1919 1864 totmn
1937 1802 2137 1878 commisceat,
2154 1800 2200 1864 ita
2217 1821 2334 1865 maesse
2350 1806 2403 1880 est,

403 1908 438 1952 re
460 1907 533 1952 pera
554 1905 666 1967 eorpus
690 1884 809 1957 Christi
831 1886 938 1965 cdere,
958 1887 1013 1951 hoe
1034 1889 1116 1952 enim
1137 1892 1182 1951 est
1199 1889 1234 1950 in
1258 1885 1379 1951 Christo
1430 1886 1461 1947 si
1477 1885 1550 1965 puis
1567 1904 1691 1947 earnem
1707 1890 1735 1949 et
1751 1887 1935 1968 sanquinem
1963 1885 2095 1951 Domini
2112 1886 2231 1966 recipit,
2249 1907 2318 1950 eum
2335 1888 2404 1968 ipso

403 1994 536 2051 manere,
559 1974 651 2036 utin
673 1970 728 2036 illa
752 1969 897 2036 Christus
918 1978 1061 2051 maneat;
1085 1975 1131 2038 sie
1152 1974 1234 2036 enim
1255 1972 1310 2037 hoe
1330 1972 1378 2036 di·
1430 1971 1591 2051 eoniunpi,
1623 1975 1658 2033 ut
1685 1968 1832 2035 Christus
1853 1972 1888 2034 in
1909 1991 1942 2036 m
1964 1977 1992 2035 et
2013 1973 2081 2052 ipse
2107 1972 2143 2035 in
2173 1969 2295 2037 Christo
2321 1975 2404 2037 inve

404 2060 453 2123 uit
469 2064 620 2139 tanquam
643 2057 771 2121 diruet:
793 2059 847 2136 qui
869 2077 930 2121 nan
956 2065 1059 2123 manet
1078 2060 1115 2122 in
1136 2079 1192 2138 me,
1215 2064 1241 2122 et
1263 2060 1298 2122 in
1319 2078 1378 2138 quo
1430 2057 1547 2120 niatur.
1591 2055 1657 2120 His
1677 2056 1779 2121 verbis
1795 2057 1911 2138 liquere
1942 2057 2086 2135 arbitror,
2109 2078 2179 2121 uero
2200 2063 2228 2122 et
2248 2059 2329 2122 reali
2349 2079 2404 2123 esu

405 2165 458 2229 epa
478 2165 540 2209 reon
561 2163 678 2221 maneo,
701 2164 763 2207 nou
784 2163 817 2208 se
833 2143 917 2208 dieat
938 2150 995 2208 aut
1016 2146 1169 2210 existimet
1189 2146 1379 2210 manducare
1426 2143 1555 2223 privari
1574 2143 1629 2222 qui
1651 2143 1917 2207 sacramentaliter
1927 2148 2046 2207 tantum
2059 2143 2178 2208 Christi
2200 2163 2311 2225 eorpus
2329 2164 2405 2208 aorn-

404 2250 516 2312 eorpus
543 2250 659 2307 meurn,
682 2234 737 2292 aut
754 2230 939 2311 sanquinem
960 2228 1069 2294 bibere.
1114 2230 1303 2314 Enpendant
1323 2230 1379 2293 leo
1431 2228 1538 2304 edum,
1568 2229 1694 2308 quoda
1719 2249 1781 2292 sua
1806 2230 1919 2292 uirtute
1950 2231 2098 2309 separari
2118 2231 2240 2310 nequit,
2260 2250 2314 2294 nee
2336 2231 2405 2295 iden

404 2322 483 2380 tores
507 2314 668 2379 antitheta:
689 2319 881 2379 sacramento
903 2320 1007 2394 tenus,
1030 2318 1058 2379 et
1078 2338 1113 2380 re
1134 2338 1208 2382 uera
1229 2319 1332 2394 edere,
1351 2320 1379 2378 et
1430 2313 1583 2378 labascere
1607 2314 1701 2393 fidem
1722 2316 1970 2394 promissionum
1996 2314 2074 2393 Dei,
2098 2317 2153 2394 qui
2170 2336 2232 2379 non
2259 2315 2405 2380 desirrm

404 2403 495 2465 nulla
521 2400 649 2465 restabit
675 2400 834 2464 dubitatio.
880 2399 969 2464 Idem
999 2403 1159 2483 confirmat
1185 2424 1246 2467 non
1271 2403 1378 2466 minus
1430 2400 1509 2463 eaelo
1524 2399 1642 2480 pluere,
1664 2401 1808 2479 quumvis
1824 2401 1953 2481 pluviae
1986 2402 2136 2481 liquorem
2158 2421 2240 2465 sana
2262 2405 2289 2465 et
2310 2421 2405 2482 rupes

403 2487 486 2552 olore
506 2486 557 2550 his
578 2487 736 2569 oerbis12)
755 2487 849 2549 nolite
863 2506 986 2566 parare
1006 2487 1122 2568 fauces,
1141 2490 1194 2554 sed
1216 2508 1284 2566 eor;
1305 2488 1378 2552 inde
1429 2506 1489 2548 non
1506 2485 1686 2565 amnipiard.

403 2573 613 2637 commendata
634 2578 678 2634 est
696 2573 760 2636 ista
781 2591 890 2650 coena,
911 2592 974 2636 eece
995 2574 1149 2638 eredimus
1166 2576 1200 2637 in
1220 2573 1378 2638 Christum
1517 2575 1566 2633 35.
1611 2571 1704 2634 Haeo
1733 2573 1875 2654 cognitio
1903 2594 1963 2638 nos
1989 2573 2084 2638 fnoile
2106 2594 2126 2636 a
2147 2572 2271 2637 carnali
2304 2575 2417 2637 etiam·

403 2679 501 2740 quum
520 2658 583 2738 pide
605 2658 796 2737 aempimus,·
817 2658 852 2720 in
873 2659 1051 2740 accipiendo
1071 2662 1215 2724 nummus
1235 2660 1313 2739 quid
1330 2678 1377 2722 eo·
1430 2656 1619 2720 adoratione
1637 2655 1812 2735 abstrahet,
1833 2680 1933 2740 quam
1950 2680 2104 2740 perversa
2124 2660 2310 2723 temeritate
2332 2658 2404 2741 qui-

400 2746 551 2827 pitemus,·
579 2743 735 2812 mendicum
761 2743 932 2823 accipimus
953 2750 981 2808 et
1002 2745 1036 2808 in
1058 2746 1147 2810 eorde
1175 2748 1377 2829 supinamur;
1430 2742 1564 2806 damin
1586 2750 1787 2806 sacramenta
1816 2752 2007 2821 erexerunt,
2031 2743 2117 2825 quod
2145 2764 2255 2808 seeum
2283 2744 2405 2809 subdu·

401 2851 465 2894 non
487 2850 558 2913 erpo
579 2828 661 2910 quod
681 2829 811 2905 uidetur,
834 2829 888 2892 sed
909 2831 991 2908 quod
1008 2832 1151 2908 ereditur,
1166 2833 1280 2912 pascit.
1314 2830 1378 2893 Hie
1429 2835 1554 2893 serant:
1587 2829 1614 2891 si
1636 2849 1755 2909 eorpus
1776 2839 1841 2905 est,
1865 2838 1898 2892 et
1926 2830 2036 2893 animo
2058 2831 2160 2911 igitur
2182 2839 2216 2894 et
2248 2830 2405 2894 divinitas
2521 2879 2527 2892 ,

403 2937 521 2997 piraque
542 2915 623 2995 quod
645 2920 774 2978 sumunt
791 2915 894 2995 impii,
915 2917 1075 2998 restringit
1097 2917 1140 2981 ad
1160 2919 1287 3001 sipnum
1304 2917 1379 2980 uisi
1430 2921 1507 2979 sunt
1524 2936 1590 2977 una
1606 2935 1680 2978 oum
1699 2935 1841 2995 corpore,
1860 2934 1943 2994 quae
1953 2915 2020 2978 iam
2032 2915 2144 2978 divelli
2161 2936 2229 2978 non
2246 2925 2404 2996 possunt;

402 3001 478 3081 bile;
499 3021 553 3065 nee
575 3001 666 3064 aliter
690 2999 848 3064 Christum
870 3021 966 3080 quam
984 3000 1047 3081 fide
1068 3004 1166 3081 recipi
1188 3004 1278 3068 daed.
1324 3001 1378 3066 Sia
1429 3001 1530 3083 igitur
1551 3000 1618 3063 illio
1636 2998 1820 3063 adorandus
1839 2998 2001 3064 Christus.
2042 3001 2203 3080 Primum,
2225 3002 2253 3065 si
2271 3022 2330 3065 sua
2347 3002 2405 3065 illa

401 3088 498 3152 etiam
520 3088 584 3150 alia
601 3087 672 3164 loeo,
691 3086 804 3150 diserte
823 3088 1036 3167 pronuntians
1051 3088 1141 3151 bonos
1158 3094 1186 3152 et
1202 3088 1301 3153 malos
1316 3089 1378 3169 sip-
1429 3108 1528 3168 quam
1557 3085 1740 3149 obtendunt
1767 3086 2017 3149 concomitantia
2043 3087 2122 3167 ipsis
2148 3096 2303 3169 negetur,
2326 3086 2405 3168 quid

401 3173 527 3236 emulis
548 3171 782 3250 communicare,
805 3170 860 3235 has
881 3193 902 3235 a
923 3193 998 3236 oera
1018 3174 1126 3237 earnis
1149 3172 1270 3238 Christi
1290 3194 1378 3237 man
1429 3171 1571 3236 facient?
1599 3172 1687 3235 Nam
1707 3179 1744 3234 ut
1764 3173 1908 3252 maxime
1931 3171 2168 3236 absurditatem
2190 3179 2343 3254 urgeant,
2375 3172 2404 3235 si

401 3258 565 3322 ducatione
592 3257 733 3321 excludit.
787 3256 874 3320 Nam
902 3259 933 3322 si
953 3279 1019 3322 rem
1046 3261 1150 3338 ipsam
1172 3261 1376 3340 perciperent,
1430 3278 1547 3339 eorpus
1570 3257 1610 3322 ab
1632 3257 1744 3321 anima
1765 3265 1799 3321 et
1816 3258 1986 3323 divinitate
2005 3264 2183 3339 separetur,
2202 3260 2274 3339 quis
2292 3265 2405 3320 tamen

399 3364 462 3407 nou
484 3344 631 3408 taeuisset
652 3344 776 3406 omnino
799 3344 881 3422 quod
912 3364 1026 3408 causae
1046 3346 1149 3427 magis
1170 3351 1235 3409 erat
1256 3365 1378 3410 eonsen-
1430 3365 1530 3408 sanus
1553 3351 1587 3407 et
1608 3342 1734 3409 sobrius
1764 3343 1890 3408 Christi
1911 3365 2028 3426 eorpus
2054 3343 2225 3408 Christum
2247 3365 2317 3407 esse
2343 3343 2404 3408 sibi

400 3435 533 3493 laneum.
584 3428 660 3492 Alio
690 3430 783 3492 etiam
805 3429 906 3512 locali)
926 3431 964 3495 de
985 3431 1223 3494 manducatione
1252 3433 1378 3511 eiusque
1430 3429 1645 3511 persuadeat?
1676 3429 1840 3494 Videntur
1861 3429 1992 3512 quidem
2023 3430 2087 3494 sibi
2109 3429 2177 3492 suis
2198 3429 2232 3493 id
2255 3429 2404 3512 syllogis-

398 3516 507 3594 fruetu
539 3515 708 3592 disserens,
738 3516 784 3578 sie
812 3516 984 3580 eaneludit:
1014 3522 1086 3580 tune
1114 3517 1179 3580 vita
1211 3516 1377 3599 unimmue
1429 3517 1492 3579 mis
1514 3515 1650 3598 pulchre
1673 3518 1839 3581 conficere.
1885 3516 2012 3580 Verum
2033 3537 2134 3597 quum
2157 3513 2197 3578 de
2215 3534 2350 3595 eorpore
2371 3521 2404 3578 et

398 3603 460 3665 erit
481 3621 593 3681 eorpirs
614 3605 640 3664 et
662 3601 794 3683 sanpuis
820 3598 954 3681 Christi,
976 3603 1007 3665 si
1029 3603 1110 3682 quod
1130 3604 1166 3666 in
1188 3608 1377 3668 saaramenta
1430 3603 1589 3684 sanguiue
1615 3622 1675 3666 suo
1703 3599 1855 3667 dntinate
1882 3602 2036 3684 loquatur
2071 3600 2237 3679 Christus,
2268 3600 2404 3664 modum

396 3686 566 3751 visibiliter
587 3687 732 3763 smnitur,
755 3687 789 3749 in
810 3686 883 3765 ipsa
904 3689 1032 3752 veritate
1058 3688 1269 3768 spiritualiter
1289 3710 1377 3752 man-
1429 3697 1541 3752 eutem
1574 3689 1777 3771 praesentiae
1807 3709 1873 3751 non
1901 3687 2079 3764 describat,
2107 3686 2270 3769 quomodo
2298 3707 2340 3749 ex
2367 3706 2404 3750 re
2512 3710 2514 3714 ’

400 3773 545 3850 dueatur,
579 3773 790 3851 spiritualiter
817 3771 947 3836 bibatur.
998 3773 1086 3856 Erpa
1113 3776 1169 3854 bui
1202 3774 1377 3840 ineredulos
1429 3775 1584 3857 ambigua
1604 3780 1693 3838 eerto
1715 3773 1889 3838 oonfieient
1909 3774 1995 3854 quod
2011 3772 2149 3839 volunt?
2192 3768 2281 3850 Quid
2302 3769 2401 3854 ergo?

398 3857 523 3935 famant
539 3859 713 3938 participes
734 3859 842 3922 earnis
862 3864 890 3921 et
911 3860 1079 3942 sanpuinis
1102 3859 1234 3938 Christi,
1256 3865 1292 3923 ut
1308 3880 1377 3925 eum
1428 3881 1537 3924 nonne
1559 3860 1586 3923 si
1608 3859 1758 3941 graviore
1780 3859 1887 3940 aliquo
1920 3880 2020 3924 sensu
2047 3879 2161 3923 eorum
2188 3857 2403 3922 eonscientiae

399 3943 580 4024 Aupustina
599 3945 794 4021 consentiant,
813 3943 902 4008 nabis
918 3950 1143 4025 repraesentent
1159 3967 1269 4027 eorpus
1287 3945 1378 4011 Chri
1428 3947 1572 4009 exerceri
1604 3944 1791 4027 eontigerit,
1819 3945 1968 4027 protinus
1996 3966 2072 4010 oum
2106 3944 2174 4008 suis
2204 3943 2403 4028 syllogismis

397 4029 441 4092 sti
462 4026 599 4091 auibde:
622 4029 745 4107 quando
777 4034 838 4093 tota
859 4032 975 4094 ueritas
999 4032 1168 4096 seeundum
1189 4053 1260 4096 eum
1280 4033 1377 4114 spiri·
1428 4029 1648 4094 dissolventur
1676 4051 1714 4094 ae
1737 4030 1940 4112 liquescent?
1976 4051 2094 4113 nempe
2126 4028 2182 4093 ubi
2218 4036 2306 4093 certo
2336 4027 2402 4093 Dei

396 4114 496 4178 tualis
522 4119 574 4178 est.
617 4112 662 4176 Et
689 4118 767 4178 certa
793 4135 832 4177 en
853 4115 922 4178 eius
952 4116 1053 4180 verbis
1080 4118 1248 4198 eollipitur,
1270 4138 1377 4181 suera-
1427 4116 1527 4180 verbo
1549 4115 1642 4179 defici
1660 4137 1695 4180 se
1717 4115 1884 4194 videbunt,
1903 4137 1967 4198 quo
1984 4138 2051 4180 uno
2069 4115 2253 4180 eonsistunt
2274 4115 2402 4177 animae

397 4198 560 4264 menmlem
582 4218 676 4276 esum,
699 4198 753 4262 ubi
774 4201 897 4263 nudati
918 4202 1041 4265 aditum
1069 4202 1188 4267 claudit
1207 4203 1376 4266 inereduli
1427 4209 1558 4265 nostrae
1586 4222 1688 4282 quum
1717 4201 1759 4266 ad
1785 4202 1948 4266 rationem
1978 4214 2146 4277 vooautur,
2176 4206 2210 4263 et
2236 4199 2307 4262 sine
2337 4219 2400 4279 quo

396 4291 455 4364 tas,
477 4283 656 4349 tantundem
677 4285 780 4348 valere
797 4305 834 4349 ae
851 4286 1004 4351 visibilem
1021 4288 1068 4351 uel
1084 4293 1252 4352 externum.
1288 4288 1376 4370 Quod
1425 4287 1531 4371 primo
1559 4307 1688 4368 quoque
1708 4294 1873 4352 momento
1893 4288 2078 4364 labascunt,
2106 4284 2162 4348 ubi
2183 4283 2403 4365 apostolorum

397 4373 428 4436 si
449 4392 517 4436 uere
544 4390 599 4436 nee
627 4376 730 4435 tamen
753 4371 965 4451 spiritualiter
994 4374 1108 4437 comedi
1125 4379 1230 4453 posset
1258 4373 1375 4439 Christi
1427 4373 1609 4438 docuinam
1630 4381 1664 4437 et
1685 4373 1835 4456 exempla
1856 4373 1918 4438 sibi
1945 4372 2126 4447 adversari,
2150 4391 2185 4434 se
2207 4389 2284 4434 vero
2317 4369 2402 4434 solos

266 4451 272 4464 ‘
398 4476 526 4536 eorpus,
557 4456 633 4537 quid
655 4457 716 4521 sibi
737 4456 822 4521 vellet
850 4458 933 4537 quod
961 4458 1039 4521 alibi
1061 4459 1182 4522 tradit?
1227 4459 1299 4524 Non
1320 4461 1375 4525 boe
1427 4459 1489 4524 sibi
1521 4467 1652 4523 autores
1686 4480 1756 4524 asse
1788 4460 1989 4542 sagitabunt.
2040 4455 2209 4520 Aeoedent
2242 4454 2283 4518 ad
2318 4454 2401 4520 tales

398 4560 510 4620 eorpus
531 4543 611 4622 quod
632 4543 753 4632 uidetis,
772 4544 994 4607 nraudueaturi
1010 4546 1093 4622 estis,
1112 4549 1140 4608 et
1156 4544 1285 4609 bibituri
1301 4567 1375 4611 sun-
1426 4544 1586 4627 impulsus
1614 4552 1648 4608 et
1668 4544 1724 4608 alii
1750 4566 1820 4608 non
1848 4545 1937 4610 leves
1965 4541 2097 4606 stimuli.
2143 4537 2254 4619 Quid?
2278 4562 2321 4603 an
2347 4560 2401 4606 res

396 4628 524 4709 quinem
546 4649 635 4708 quem
650 4630 782 4710 fundent
798 4630 855 4709 qui
871 4649 920 4693 me
936 4629 1130 4713 emeiplpent:
1149 4637 1375 4696 saeramentum
1426 4639 1497 4696 erat
1518 4629 1643 4694 nullius
1664 4632 1838 4707 momenti,
1861 4631 1972 4693 Deum
1994 4628 2055 4690 hae
2076 4626 2183 4689 forma
2205 4624 2340 4690 adorare
2362 4635 2401 4689 ut

399 4713 527 4790 aliquod
548 4717 758 4779 commendaui
778 4715 880 4795 vobim
901 4715 1110 4797 spiritualiter
1130 4717 1313 4781 intellectum
1329 4719 1375 4782 oi
1425 4717 1510 4780 nihil
1531 4715 1625 4782 nobis
1654 4713 1949 4799 praesentaretur?
1973 4714 2027 4777 An
2050 4732 2153 4792 quum
2174 4710 2213 4776 de
2234 4732 2313 4776 vero
2334 4712 2400 4776 Dei

398 4797 536 4878 oifieabit
561 4819 622 4862 uas.
669 4801 793 4883 Nepare
821 4805 898 4867 eerle
919 4803 1018 4866 noluit
1043 4804 1120 4884 puin
1152 4804 1235 4868 idem
1263 4824 1374 4886 eorpus
1426 4803 1515 4867 oultu
1544 4810 1715 4886 ageretur,
1740 4809 1833 4864 tante
1853 4799 1987 4862 levitate
2008 4798 2117 4860 fuerat
2144 4796 2339 4862 tentandum
2359 4796 2400 4863 de
2481 4887 2483 4892 Ι

352 4925 360 4937 κ
399 4883 480 4965 quod
503 4885 540 4947 in
564 4885 756 4964 samibeium
786 4887 932 4953 Christus
958 4888 1076 4967 obtulit,
1099 4890 1135 4952 in
1156 4909 1248 4954 coena
1268 4890 1375 4971 porri-
1426 4910 1489 4971 quo
1511 4888 1642 4953 nullum
1660 4906 1797 4967 usquam
1821 4883 1955 4948 verbum
1977 4881 2172 4965 legabatur?
2217 4883 2264 4946 At
2285 4884 2313 4948 si
2335 4904 2401 4965 qua

398 4975 507 5052 patum
528 4970 583 5033 sed
600 4970 850 5038 manducationis
870 4976 996 5039 modum
1013 4977 1144 5040 notavit:
1162 4975 1243 5055 quod
1260 4977 1375 5041 scilieet
1426 4976 1519 5039 decet
1546 4974 1732 5039 humilitate
1759 4970 1970 5052 cogitationes
1998 4989 2112 5032 omnes
2139 4990 2217 5033 suas
2245 4969 2305 5034 sub
2334 4969 2400 5035 Dei

399 5056 434 5119 in
462 5055 613 5120 coelestem
638 5054 771 5138 pluium
800 5064 966 5134 receptum,
1000 5080 1120 5124 areana
1147 5063 1283 5141 spiritus
1311 5064 1374 5126 oir-
1424 5062 1527 5127 verbo
1556 5057 1808 5133 continuissent,
1841 5055 2080 5120 auscultassent
2106 5063 2194 5119 oerte
2221 5055 2306 5136 quod
2328 5056 2399 5137 ipse

399 5146 462 5205 tute
489 5142 588 5205 uitam
614 5139 702 5204 nobis
733 5139 872 5220 inspiret.
930 5141 1046 5206 Fateor
1076 5146 1213 5225 quum,
1245 5150 1374 5230 saepius
1425 5147 1523 5211 dixit:
1548 5143 1690 5224 eeoipite,
1713 5141 1918 5218 manduaete‚
1941 5139 2058 5218 bibite3
2080 5140 2221 5222 huioque
2243 5141 2398 5205 mandato

399 5227 486 5308 apud
513 5246 583 5292 eum
609 5244 764 5290 occurrere
792 5225 887 5288 istam
916 5224 1059 5305 lopardi·
1082 5229 1232 5308 formam
1260 5234 1374 5296 ceriali
1425 5231 1626 5316 paruissent,
1659 5247 1723 5307 quo
1756 5227 1857 5309 aoeipi
1890 5233 2131 5291 saoramentum
2166 5246 2234 5289 non
2264 5225 2398 5289 adorari

398 5332 512 5393 eorpus
541 5310 660 5376 Christi
681 5310 720 5376 ab
741 5308 933 5390 infidelibus·
966 5311 1019 5375 sed
1040 5313 1200 5393 seipsum
1230 5317 1373 5396 euplieat,
1424 5318 1521 5381 iubet
1563 5309 1631 5391 Qui
1652 5333 1739 5390 vero,
1761 5320 1800 5376 ut
1816 5334 1836 5376 a
1854 5312 1926 5377 Deo
1942 5310 2134 5376 mandatum
2154 5317 2213 5386 est,
2232 5310 2303 5374 sine
2320 5310 2397 5375 ado·

1155 5393 1158 5403 ’
1424 5403 1551 5466 ratione
1575 5398 1748 5480 aoeipiunt,
1769 5399 1875 5464 seeuri
1891 5405 1969 5463 sunt
1986 5418 2021 5462 se
2039 5418 2059 5459 a
2075 5395 2230 5461 mandato
2247 5393 2313 5458 Dei
2329 5416 2398 5460 non

1425 5486 1609 5550 deflectere:
1628 5505 1693 5566 qua
1710 5486 1882 5550 saturitate
1898 5483 1984 5554 nihil
1999 5482 2117 5547 melius
2129 5489 2179 5546 est
2194 5502 2296 5563 quum
2318 5480 2397 5563 quid

407 5691 458 5727 rr.
512 5689 620 5726 .e..
776 5689 868 5725 rm..
973 5690 1014 5725 r.
1099 5689 1131 5726 s.
2130 5704 2139 5733 ,
2216 5704 2225 5732 ,
