5600 6809
288 773 349 836 sss
563 770 653 835 nm.
676 769 722 833 ιι
765 770 830 854 nn
852 767 1141 837 oocmrrorn
1162 770 1247 838 nar
1267 767 1614 837 nmnmrcms.
1659 770 1760 836 oar.
1781 770 1877 838 xvi
1900 772 2015 839 xvn.
2234 776 2296 838 sss

286 960 322 1023 irs
339 957 421 1022 tuuc
439 958 534 1039 ficiem
554 965 648 1040 pater
668 957 774 1022 filium
792 958 974 1037 honoravit,
996 978 1092 1022 omne
1109 958 1265 1025 iudicium
1317 965 1439 1022 runtur
1465 958 1531 1023 huc
1558 965 1654 1041 atque
1682 958 1760 1023 illuc
1786 958 1823 1022 in
1849 981 1922 1042 spes
1949 962 2072 1041 varias,
2104 920 2233 1028 etiamsi
2259 965 2297 1028 in

285 1044 335 1110 illi
355 1043 531 1109 deferendo
551 1044 679 1129 (Ioann.
701 1048 730 1123 5,
749 1043 816 1128 22),
838 1053 877 1108 ut
897 1044 944 1109 ita
964 1045 1169 1110 conscientiis
1191 1067 1265 1110 suo·
1317 1043 1413 1108 illum
1444 1045 1618 1126 praecipue
1644 1044 1838 1128 respiciunt,
1872 1067 1909 1110 eo
1937 1052 2048 1111 tamen
2075 1048 2145 1132 ipso
2172 1055 2297 1114 rectam

286 1131 377 1208 nim,
400 1137 525 1228 terrore
546 1128 658 1228 indicii
680 1130 829 1227 trepidis,
853 1129 1061 1195 consuluerit.
1104 1130 1266 1196 Hactenus
1318 1130 1408 1195 viam
1439 1151 1520 1228 non·
1533 1136 1662 1207 tenent,
1696 1129 1783 1212 quod
1811 1130 1954 1213 aliquam
1980 1153 2059 1230 suae
2091 1134 2296 1234 cogitationis

281 1215 1266 1385 mviiimiiamissipiiiidliiltmiiedii
1318 1215 1760 1384 thtfftttltttt}
1773 1215 2178 1370 udithttststt
2197 1220 2297 1372 ciffi

285 1387 392 1486 caue·
406 1386 495 1486 urbm
517 1407 581 1452 esse
599 1391 711 1484 potest,
740 1389 864 1485 influa
890 1388 1031 1486 distincte
1053 1387 1267 1485 etflsipiitatim
1318 1408 1394 1452 rum
1416 1388 1486 1452 eius
1506 1385 1606 1470 probe
1628 1387 1758 1471 cognita
1779 1387 1886 1452 fuerit

240 1471 1265 1645 t'tttttsttttthttfftttdthth
1990 1511 1995 1520 ’

286 1644 422 1710 minime
448 1644 614 1708 sollicitus.
659 1644 825 1727 Apostolis
851 1652 939 1709 certe
965 1664 1085 1726 magno
1116 1653 1266 1711 veterum

287 1730 483 1831 scriptorum
505 1750 664 1795 consensu
677 1729 897 1829 ‘adscribimm
916 1730 998 1828 ¹sive
1025 1728 1118 1829 quod·
1138 1730 1178 1795 ab
1199 1731 1265 1796 illis
1646 1744 1797 1812 CAPUT
1818 1747 1933 1813 XVII·
1947 1748 1973 1834 ι)

286 1838 324 1882 m
355 1837 529 1881 commune
561 1822 781 1898 consonptum
809 1835 847 1879 ac
873 1815 997 1880 edrtum
1024 1817 1264 1896 existimabant,

287 1902 357 1968 sive
374 1899 461 1984 quod
479 1901 708 2000 compendium
725 1900 822 1979 istud,
846 1922 887 1964 ex
905 1900 1052 1999 doctrina
1073 1922 1266 2000 percorum
1318 1905 1453 1988 Recte
1500 1916 1545 1987 et
1584 1906 1753 2016 proprie
1793 1906 1875 1989 diei
1913 1906 2132 1991 obsistam]
2176 1908 2296 1991 nobis

287 2008 406 2054 manus
428 1985 549 2051 naha
575 1987 661 2052 bona
682 1986 747 2051 fide
768 1986 958 2064 collectum,
981 1986 1041 2051 tah
1063 1987 1166 2070 elogio
1189 2007 1265 2052 con·

287 2072 487 2167 musandum
520 2079 727 2138 censuerunt
771 2072 885 2155 Neque
917 2094 995 2137 vero
1021 2072 1105 2136 mihi
1131 2072 1266 2139 dubium
1318 2035 1598 2136 prementum
1636 2054 1728 2109 esse
1765 2028 1951 2137 gratiam
1980 2028 2065 2111 Dei
2104 2041 2148 2112 et
2181 2030 2296 2112 salu-

288 2164 351 2238 ost,
378 2160 458 2241 quin
479 2179 500 2222 a
518 2159 625 2241 prima
646 2159 759 2223 statim
780 2158 934 2224 ecclesiae
954 2159 1096 2242 origine,
1121 2157 1265 2241 adeoque
1759 2158 1858 2229 tem.

288 2245 422 2328 abipso
444 2245 664 2327 apostolorum
686 2244 824 2322 saeculo,
848 2245 953 2309 instar
972 2243 1122 2327 publicae
1142 2250 1175 2309 et
1196 2265 1265 2309 om-

287 2329 380 2397 nium
402 2330 534 2395 calcidis
555 2337 705 2414 receptae
726 2331 935 2396 confessionis
952 2331 1137 2409 obtinuerit,
1159 2330 1265 2396 unde-
1406 2333 1433 2392 1.
1478 2327 1566 2394 Haec
1587 2330 1682 2393 etium
1702 2329 1841 2411 quaestio
1861 2331 1925 2396 eice
1948 2332 2085 2396 sudarii
2106 2332 2297 2413 eapcdreMa
2373 2351 2379 2359 ¹

288 2435 416 2499 cunque
438 2415 573 2481 tandem
592 2417 685 2480 initio
702 2416 801 2480 fuant
822 2417 1011 2498 profectum.
1044 2416 1114 2481 Nec
1135 2416 1176 2481 ab
1198 2438 1265 2481 uno
1316 2420 1370 2479 est.
1405 2414 1488 2479 Sunt
1510 2415 1594 2479 euiru
1614 2414 1754 2481 hammes
1769 2416 1899 2497 quidam
1913 2438 2083 2499 perperam
2105 2419 2219 2501 arputi,
2242 2419 2297 2500 qui

287 2501 394 2586 aliquo
426 2503 581 2585 privatim
612 2503 712 2566 fuisse
738 2503 964 2585 conscriptum
994 2502 1171 2567 verisimile
1204 2510 1263 2581 est,
1315 2501 1372 2564 etsi
1387 2500 1526 2582 fatetur
1544 2500 1676 2566 salutem
1697 2522 1753 2567 rios
1764 2523 1825 2584 per
1838 2501 1998 2568 Christum
2014 2505 2166 2585 consequi,
2188 2525 2297 2568 omrem

287 2608 387 2671 quum
415 2588 457 2652 ab
485 2587 602 2652 ultima
628 2580 908 2669 usque'memoria
930 2594 1155 2652 sacrosanctae
1176 2588 1264 2652 inter
1315 2589 1419 2650 tarum
1439 2586 1545 2650 meriti
1567 2587 1680 2652 audire
1701 2609 1763 2652 mu
1783 2589 1949 2668 maincia,
1976 2611 2035 2672 quc
2055 2594 2172 2672 putarit
2192 2590 2297 2655 ohscu-

286 2673 357 2757 pios
384 2694 497 2738 omnes
525 2675 710 2738 autoritatis
738 2673 838 2737 fuisse
864 2679 998 2738 constat.
1043 2671 1142 2753 Quod
1168 2675 1264 2738 unice
1315 2672 1387 2736 rari
1409 2672 1473 2737 Dei
1499 2672 1653 2754 qratiam,
1681 2677 1770 2754 atque
1796 2675 1844 2738 ita
1867 2673 2027 2739 Christum
2053 2677 2158 2740 colum
2178 2677 2296 2740 imme

286 2758 469 2825 curandum
490 2767 549 2838 est,
571 2759 607 2823 id
628 2766 722 2824 extra
739 2760 993 2825 controversiam
1002 2758 1146 2841 positum
1164 2757 1264 2824 habe·
1315 2762 1453 2821 matum
1485 2776 1550 2821 esse
1582 2758 1737 2822 duntaxat
1762 2760 1810 2825 ccl
1836 2761 2030 2840 ministrum,
2064 2783 2125 2826 rou
2158 2767 2297 2826 autorem

285 2865 376 2924 mus,
405 2852 508 2910 totam
534 2847 571 2909 in
598 2866 635 2910 eo
656 2845 733 2910 fidei
753 2852 884 2908 nostrae
906 2845 1079 2909 historiam
1100 2845 1264 2909 succincte
1314 2844 1398 2908 ritae
1422 2843 1471 2908 cci
1495 2844 1602 2908 ducem
1629 2848 1658 2907 et
1670 2844 1862 2927 principem,
1890 2846 1984 2910 sicuti
2012 2869 2034 2912 a
2057 2845 2150 2911 Petro
2170 2852 2297 2912 cocotm

287 2929 502 3012 distinctaque
524 2928 637 2996 ordine
658 2931 836 3008 recenseri,
865 2930 950 2993 nihil
975 2937 1085 2995 autem
1105 2931 1264 2995 contineri
1316 2928 1462 3010 (Acis,
1485 2928 1548 3014 15).
1592 2927 1747 3010 Equidem
1766 2931 1884 3012 fateor,
1912 2932 1942 2995 si
1969 2933 2041 3012 quis
2061 2934 2295 3014 simpliciteret

286 3015 373 3100 quod
400 3016 511 3082 solidis
540 3018 721 3100 scripturae
748 3016 944 3080 testimoniis
971 3036 1038 3079 non
1065 3017 1108 3080 sit
1135 3016 1263 3100 consig-
1309 3011 1607 3095 pasicratem
1627 3035 1777 3096 opponere
1796 3016 1884 3081 redet
1903 3017 2020 3082 iudicio
2041 3017 2120 3097 Dei,
2147 3039 2209 3082 riou
2228 3019 2295 3100 fore

286 3109 410 3167 natum.
437 3100 512 3182 Quo
522 3102 697 3181 intellecto,
721 3102 760 3166 de
781 3108 893 3166 autore
914 3101 968 3166 vel
987 3102 1084 3166 anxie
1105 3102 1262 3180 laborare,
1315 3100 1424 3164 meritc
1444 3100 1559 3165 locum:
1585 3101 1663 3181 quia
1683 3121 1745 3165 uon
1766 3102 1935 3183 reperietur
1956 3103 1991 3166 iu
2012 3102 2133 3167 homine
2153 3105 2294 3186 dictitas

285 3185 340 3254 rel
370 3209 444 3253 cum
471 3188 578 3271 aliquo
612 3187 799 3272 digladiari,
833 3186 918 3251 nihil
950 3187 1068 3252 attinet
1075 3211 1083 3266 ;
1115 3187 1180 3252 nisi
1211 3186 1265 3251 cui
1314 3206 1394 3267 quae
1409 3186 1513 3268 possit
1529 3184 1635 3250 Deum
1650 3188 1843 3268 promereri,
1863 3188 1934 3268 imo,
1952 3193 1987 3252 ut
2007 3189 2167 3253 cerissme
2183 3188 2293 3271 Aucu-

286 3271 369 3339 sora
401 3294 469 3337 non
502 3274 643 3339 sufficiat
675 3282 799 3338 certam
831 3272 953 3337 habere
992 3273 1126 3355 spiritus
1159 3275 1264 3338 sancti
1315 3271 1455 3356 stmus²)
1474 3271 1591 3351 scribit,
1605 3271 1822 3337 clarissimum
1837 3273 1941 3338 tumen
1952 3274 2249 3355 praedestinationis
2266 3281 2294 3339 et

285 3359 474 3436 veritatem,
507 3367 546 3423 ut
576 3380 643 3424 non
673 3359 772 3424 simul
800 3358 965 3442 intelligat
997 3366 1055 3422 aut
1087 3358 1181 3424 cuius
1208 3380 1264 3424 ore
1313 3359 1438 3441 proiice
1458 3358 1526 3438 ipse
1546 3362 1591 3421 est
1610 3357 1748 3423 salvator
1767 3358 1855 3424 tronto
1879 3358 2024 3424 Cirristus
2045 3359 2151 3440 Iesus,
2177 3361 2233 3440 qui
2258 3365 2294 3424 ut

285 3444 468 3523 enuntiata,
492 3452 549 3509 aut
570 3446 662 3510 cuius
683 3447 785 3509 mand
803 3442 967 3528 descripta
983 3445 1090 3509 tuerit
1222 3480 1224 3483 ·
1314 3443 1369 3508 aa
1390 3448 1480 3523 esset,
1501 3442 1601 3508 uultis
1621 3463 1749 3525 operum
1768 3445 1815 3510 cet
1833 3444 1909 3525 fidei
1924 3445 2179 3526 praecedentibus
2199 3446 2294 3510 meri·

374 3534 422 3595 19.
480 3530 510 3616 ²)
529 3524 669 3611 Quando
708 3539 819 3595 autem
852 3536 953 3594 totam
986 3529 1101 3595 salutis
1132 3537 1264 3595 nostrae
1314 3529 1370 3608 tis,
1393 3534 1511 3593 uotiua
1532 3528 1673 3594 humana
1693 3550 1773 3611 quae
1789 3531 1825 3594 in
1846 3532 1902 3595 illc
1923 3536 1968 3596 est
1989 3533 2187 3613 comparavit.
2232 3530 2293 3597 Re·

285 3634 449 3682 summam
471 3638 509 3681 ac
526 3616 674 3701 singulas
696 3617 795 3680 etiam
816 3621 926 3698 partes
947 3615 1097 3680 videmus
1118 3615 1264 3682 inchri·
1314 3615 1505 3696 spondeatur
1514 3635 1637 3696 quaeso,
1659 3615 1714 3680 ille
1730 3615 1826 3697 tomo,
1847 3622 1883 3681 ut
1898 3617 2020 3682 camba
2122 3619 2292 3684 'mammo

285 3707 337 3783 stc
357 3702 623 3785 comprehensas,
653 3701 837 3767 cavendum
858 3723 900 3766 ne
922 3701 975 3766 vel
996 3701 1167 3766 minimam
1187 3723 1263 3785 por-
1313 3702 1350 3764 iu
1370 3702 1522 3765 undatim
1538 3720 1691 3783 personae
1712 3707 1893 3784 assumptus
1917 3702 2008 3782 fitius
2063 3702 2094 3768 ei
2112 3704 2294 3786 catamitus

283 3785 467 3853 tinnculam
489 3788 552 3852 alio
574 3788 768 3853 derivemus.
814 3785 853 3852 Si
875 3788 962 3852 salue
985 3788 1169 3870 quaeritur,
1192 3789 1262 3871 ipso
1314 3793 1404 3865 esset,
1432 3787 1515 3851 uude
1537 3785 1592 3851 hoc
1612 3787 1785 3852 caruerit?
1825 3788 1993 3870 Appareat
2011 3789 2111 3872 icitur
2130 3790 2167 3853 ir
2187 3794 2293 3855 mstro

283 3873 417 3938 nomine
444 3873 522 3938 Iesu
549 3871 702 3939 docemur
728 3895 827 3956 penes
855 3895 931 3937 eum
954 3895 1039 3953 esse;
1073 3874 1101 3938 si
1128 3874 1262 3956 spiritus
1314 3873 1414 3954 capite
1438 3873 1507 3954 ipse
1528 3871 1602 3953 sous
1625 3874 1766 3955 cratiae,
1791 3874 1874 3939 uude
1901 3875 2073 3941 secuudum
2091 3875 2293 3941 messarim

284 3957 350 4024 ulia
374 3958 540 4041 quaelibet
566 3958 666 4037 dona,
699 3959 734 4023 in
762 3960 831 4024 eius
861 3959 1013 4024 unctione
1041 3960 1262 4042 reperientur;
1313 3978 1371 4038 que
1400 3977 1583 4022 masuram
1608 3978 1671 4039 per
1698 3963 1808 4024 cuncis
1834 3960 1904 4025 eius
1923 3959 2059 4026 menbra
2080 3980 2114 4025 se
2134 3961 2292 4042 diffundit.

283 4043 313 4110 si
332 4043 498 4123 fortitudo,
520 4045 557 4110 in
579 4047 648 4110 eins
666 4045 825 4124 domini0;
848 4045 876 4108 si
886 4045 1022 4128 puritas,
1044 4045 1080 4108 in
1098 4046 1168 4110 eius
1186 4066 1262 4111 con·
1314 4041 1368 4108 Ea
1386 4043 1494 4126 pratia
1514 4044 1645 4123 quisque
1665 4044 1704 4108 ab
1724 4046 1816 4109 initio
1835 4045 1911 4125 fidei
1930 4066 2008 4111 suae
2030 4046 2069 4127 fit
2092 4045 2292 4126 atriaticum,

282 4131 445 4214 septicam
465 4131 494 4195 si
510 4130 726 4215 indulgentia,
745 4132 780 4194 in
794 4132 863 4195 eius
883 4131 1059 4195 nativitate
1076 4152 1111 4195 se
1128 4132 1261 4213 profert,
1314 4149 1379 4210 qua
1399 4129 1487 4198 horno
1507 4128 1561 4193 ille
1588 4128 1628 4193 ab
1648 4128 1741 4195 initio
1761 4150 1817 4196 suc
1835 4132 1939 4212 factus
1959 4137 2004 4197 est
2026 4131 2179 4198 timum
2212 4132 2292 4196 Item

283 4235 349 4299 qus
375 4217 481 4282 factus
508 4224 560 4282 est
587 4218 681 4282 nobis
707 4238 766 4299 per
792 4216 902 4281 omnia
923 4215 1053 4294 similis,
1085 4224 1123 4280 ut
1144 4214 1263 4282 condo·
1314 4212 1446 4298 attin)
1474 4213 1597 4278 uatum
1623 4215 1783 4280 illustrius
1807 4222 1853 4282 est
1877 4217 2174 4299 praedestinatricis
2199 4237 2296 4281 eceru

247 4358 250 4369 .
282 4299 406 4368 lssoere
436 4301 589 4382 disceret3
617 4304 644 4368 si
666 4302 859 4385 redemptio,
887 4303 923 4366 in
950 4303 1020 4366 eins
1065 4302 1206 4378 assione;
1235 4304 1263 4368 si
1308 4299 1403 4382 ptum
1428 4320 1524 4381 quam
1548 4301 1617 4382 ipse
1643 4302 1804 4368 mediator.
1852 4303 1914 4384 Qui
1940 4306 2023 4369 euim
2048 4304 2129 4368 huuc
2152 4302 2227 4384 fecit
2255 4322 2295 4365 ere

283 4386 460 4467 absolutio,
490 4390 526 4452 in
553 4389 623 4455 eius
644 4387 867 4466 damnation03
896 4389 925 4452 si
951 4387 1038 4451 male
1064 4387 1189 4453 'ationis
1210 4409 1263 4452 re·
1315 4387 1432 4451 sarire
1458 4385 1570 4450 Dauid
1594 4385 1749 4452 homiuem
1774 4389 1908 4469 iustum,
1940 4391 1996 4472 qui
2020 4408 2188 4469 -nanquam
2219 4392 2296 4451 esset

281 4473 410 4553 missio,
439 4476 474 4539 in
500 4475 571 4540 eius
599 4495 708 4553 cruce;
736 4474 764 4538 si
786 4473 978 4552 satisfactio,
1007 4474 1043 4536 in
1070 4473 1140 4538 eius
1163 4476 1262 4539 sacri·
1314 4472 1467 4551 iniustus,
1495 4472 1564 4537 siue
1584 4472 1648 4537 ullo
1668 4473 1778 4538 meritc
1793 4475 2008 4555 praecedentis
2029 4473 2197 4538 voluntatis
2216 4472 2294 4551 eires,

233 4550 373 4639 'heim
396 4561 424 4625 si
444 4561 612 4643 purgatio,
635 4559 672 4623 in
694 4560 764 4624 eius
787 4559 960 4642 sanguine3
983 4559 1011 4623 si
1034 4559 1261 4640 reconciliatio,
1314 4559 1382 4639 ipse
1410 4577 1449 4621 er
1475 4557 1607 4622 iniustis
1631 4558 1711 4641 facit
1737 4560 1837 4626 iustos
1862 4560 1918 4641 qui
1944 4558 2081 4624 meurbra
2106 4562 2180 4623 suut
2204 4558 2295 4623 iilius

281 4642 319 4711 in
338 4643 495 4710 descensu
514 4645 556 4710 ad
572 4646 708 4724 inferos;
731 4646 759 4710 si
776 4645 982 4709 mortificatio
1000 4645 1116 4724 carnis,
1139 4646 1176 4710 in
1192 4646 1263 4712 eius
1315 4643 1443 4726 capitis,
1475 4647 1504 4708 et
1535 4663 1615 4724 quoe
1646 4650 1825 4726 sequuntur.
1872 4646 1975 4725 Quum
2005 4662 2076 4725 cryc
2108 4644 2145 4709 de
2175 4642 2295 4709 Christi

281 4729 448 4812 sepulcrm
476 4733 504 4795 si
525 4732 613 4816 ritae
634 4732 775 4806 novitas,
806 4732 842 4794 in
865 4732 934 4795 eius
955 4731 1205 4811 resurrectione;
1235 4733 1262 4796 si
1314 4730 1426 4794 meritc
1442 4730 1557 4812 coitur,
1579 4750 1641 4794 acri
1657 4733 1808 4795 statuitur
1826 4730 1904 4793 iuer
1920 4728 2134 4809 principium
2155 4730 2210 4795 sed
2226 4749 2294 4796 coru

280 4815 522 4895 inmortalitas,
545 4815 721 4896 iraeadem,
744 4818 772 4881 si
794 4816 978 4881 haereditas
1000 4817 1094 4900 regni
1106 4817 1261 4897 eoelestis,
1314 4815 1492 4881 secedimus
1510 4816 1554 4880 ad
1567 4815 1632 4881 Dei
1647 4817 1880 4891 ordinaticuern,
1902 4833 1981 4893 quae
1996 4813 2108 4895 prima
2124 4822 2295 4882 causaest:

280 4900 319 4967 in
342 4900 423 4966 coeli
444 4902 608 4985 ingressu;
637 4903 665 4966 si
686 4903 893 4985 praesidium,
918 4903 946 4966 si
968 4903 1133 4982 securitas,
1156 4904 1184 4968 si
1205 4904 1262 4970 bo-
1316 4902 1394 4984 quia
1422 4922 1504 4966 mero
1533 4901 1718 4983 heneplacito
1745 4901 1943 4964 mediatorem
1969 4901 2091 4983 statm't,
2125 4902 2181 4983 qui
2206 4901 2294 4966 mm

281 5007 404 5053 norum
426 4988 573 5052 omnium
594 4989 687 5071 copia
709 4997 742 5053 et
763 4989 917 5067 facultas,
939 4988 975 5053 in
997 4990 1066 5053 eius
1088 5009 1205 5073 regno;
1234 4990 1263 5054 si
1314 4990 1446 5053 satutem
1457 4989 1636 5069 acquireret.
1666 4986 1768 5066 Atque
1776 4985 1805 5068 ⁴)
1818 4985 1863 5048 ita
1876 4985 1985 5048 inscite
1994 4987 2161 5066 opponitur
2175 4985 2294 5053 Christi

282 5091 399 5140 secura
419 5072 531 5139 iudicii
552 5075 767 5158 exspectatio,
790 5076 827 5139 in
847 5081 1007 5157 potestate
1028 5075 1193 5141 iudicandi
1213 5075 1264 5140 illi
1315 5074 1459 5139 mrtem
1480 5073 1711 5139 misericordiae
1728 5070 1800 5134 Dei.
1833 5067 1957 5152 Reputo
1978 5072 2061 5135 mim
2081 5072 2223 5157 culparis
2239 5079 2292 5151 eat,

281 5156 414 5225 hadita
458 5158 610 5242 Denique
631 5160 758 5242 inipso
780 5160 927 5224 thesauri
951 5182 1048 5225 omne
1076 5183 1180 5246 genus
1205 5163 1263 5227 bo·
1315 5180 1395 5241 quae
1416 5159 1594 5226 materna
1614 5163 1699 5233 sunt,
1728 5175 1790 5217 um
1805 5175 1968 5239 prcprtare;
1995 5158 2122 5240 ideoque
2144 5159 2224 5224 rritil
2245 5157 2293 5223 oh

281 5262 403 5311 norum
431 5265 534 5327 quum
562 5247 643 5324 sint,
674 5244 751 5309 inde
778 5243 821 5308 ad
846 5246 1031 5310 sadetatem
1054 5247 1261 5326 hauriantur,

280 5344 353 5397 non
381 5329 522 5396 aliunde.
568 5331 655 5397 Nam
684 5330 739 5413 qui
768 5350 835 5394 uno
864 5330 934 5412 ipso
961 5352 1028 5395 non
1050 5333 1194 5398 contenti
1216 5333 1262 5399 fe·

1385 5484 1415 5551 1)
1441 5483 1530 5602 Casus
1547 5480 1633 5548 plum
1655 5495 1755 5534 uocum
1777 5481 1811 5534 ic
1902 5489 1983 5536 autcr
2005 5482 2163 5536 accuratius
2181 5483 2295 5548 eapouit

357 5620 388 5690 1)
413 5619 494 5689 Quae
515 5621 560 5675 aa
587 5637 616 5675 se
652 5629 738 5675 untur
762 5622 826 5675 otim
852 5618 917 5686 Gap.
943 5617 990 5671 VI.
1010 5620 1032 5684 ξ.
1050 5615 1075 5670 3.
1099 5617 1262 5684 tractantur.
1315 5547 1830 5685 ffiisseelnffrerirpercsgdegraepmgttIo·
1849 5550 1911 5672 liis·
1930 5553 2139 5686 obgtebgaggrsst
2152 5556 2293 5688 ἕέῳιιθῗὲιε

276 5689 312 5760 2)
336 5688 439 5744 Tactus
457 5689 529 5744 redit
548 5689 586 5744 ad
628 5708 672 5759 ap.
697 5688 1032 5756 V11.§.3l.ed.praec.
1316 5705 1374 5757 cap.
1392 5689 1440 5739 ult
1511 5684 1541 5753 4)
1559 5685 1633 5740 Edu.
1651 5703 1736 5742 rece:
1752 5690 1847 5758 Atqui.

389 5771 502 5831 curat
521 5791 614 5845 epea.
650 5776 709 5831 roz.
723 5774 768 5829 ιι.
1975 5819 1977 5822 ,
2052 5771 2086 5825 as
