5600 6809
424 761 484 822 145
809 757 899 825 LIB.
922 756 948 822 Ι.
993 756 1057 822 DE
1080 754 1365 823 COGNI'PIONE
1387 756 1472 822 DEI
1494 756 1768 824 caenacula.
1814 758 1913 824 oaP.
1937 759 2032 825 XVL
2364 769 2425 831 140

421 946 547 1026 3131331.
576 944 702 1010 1313333
719 965 751 1009 ec
768 966 865 1028 nsque
886 966 946 1011 333
962 948 1147 1028 3331133311
1168 966 1228 1026 quo
1245 946 1398 1010 evehitur
1448 945 1501 1011 vel
1519 946 1737 1011 necessariam
1759 968 1871 1012 eorum
1893 968 2025 1013 causam
2043 970 2125 1031 quae
2142 956 2218 1014 ante
2240 950 2317 1016 solis
2335 974 2427 1018 crea·

420 1029 545 1108 David,
574 1052 747 1113 secumque
774 1032 845 1114 pios
867 1053 979 1097 omnes
1004 1031 1137 1109 attollit,
1161 1031 1271 1096 dicens
1293 1031 1395 1116 (Psal.
1448 1032 1570 1096 tionem
1593 1033 1799 1111 exstiterunt,
1823 1032 1881 1097 sed
1902 1033 2158 1099 instrumentum
2180 1036 2341 1102 duntaxat
2362 1061 2426 1122 quo

424 1123 494 1197 104,
514 1120 553 1179 27
573 1119 689 1199 seqq.):
723 1119 833 1183 omnia
855 1117 896 1182 ad
919 1127 951 1182 te
973 1118 1167 1200 respiciunt,
1196 1124 1234 1180 ut
1253 1117 1310 1181 des
1331 1117 1396 1183 illis
1449 1119 1553 1181 utitur
1563 1118 1664 1192 Deus,
1686 1119 1764 1200 quia
1777 1120 1825 1184 ita
1842 1119 1929 1198 vult;
1954 1141 2055 1202 quum
2078 1122 2197 1202 possit,
2220 1144 2257 1187 eo
2279 1132 2426 1206 praeter-

421 1224 528 1269 escam
551 1217 695 1284 tempore
718 1224 789 1282 suo;
816 1214 849 1268 te
871 1203 985 1281 dante,
1009 1204 1181 1286 colligunt;
1207 1210 1239 1267 te
1262 1225 1396 1267 manum
1448 1205 1509 1280 113,
1540 1226 1599 1286 per
1627 1225 1661 1267 se
1689 1205 1797 1285 ipsum
1819 1204 1924 1268 nihilo
1954 1204 2118 1269 difficilius
2145 1227 2250 1290 agore.
2304 1209 2427 1276 Deinde

421 1291 596 1373 aperiente,
616 1290 777 1353 satiantur
798 1290 907 1368 bonis;
928 1289 1024 1354 simul
1047 1296 1144 1372 atque
1164 1290 1279 1354 faeiem
1302 1311 1396 1354 aver·
1449 1310 1545 1369 quum
1568 1291 1698 1371 lepirnus
1720 1289 1798 1373 (Ios.
1825 1295 1878 1369 10,
1909 1289 1978 1372 13),
2012 1292 2105 1356 butue
2126 1294 2219 1356 solem
2252 1295 2427 1362 substitisse

420 1376 515 1453 teris,
539 1382 807 1454 consternantur;
830 1375 886 1440 ubi
907 1375 1077 1439 reduxeris
1100 1375 1265 1456 spiritum,
1294 1376 1395 1438 inter·
1449 1377 1564 1439 13333
1583 1375 1688 1457 prada
1708 1375 1752 1439 cd
1766 1396 1876 1454 preces
1894 1376 2017 1455 Iosuae,
2040 1378 2074 1440 iu
2089 1380 2229 1459 qratiam
2246 1383 2330 1463 repis
2348 1381 2427 1446 Ere-

420 1468 516 1537 eunt,
543 1467 577 1524 et
601 1461 636 1524 in
667 1472 789 1525 terram
816 1468 1042 1539 revertuntur;
1070 1461 1097 1525 si
1126 1481 1240 1525 rursus
1273 1462 1396 1526 emittis
1449 1460 1537 1524 31133
1568 1461 1711 1524 rubram
1742 1463 1812 1525 3133
1843 1464 2050 1527 retrocessisse
2082 1484 2144 1543 per
2176 1464 2277 1528 decem
2305 1468 2428 1549 333133

420 1548 587 1629 spiritum,
617 1557 783 1624 creantur,
812 1557 845 1610 et
867 1568 1005 1611 renovas
1027 1546 1142 1610 faciem
1165 1555 1280 1610 terrae.
1319 1547 1397 1610 -Imo
1449 1545 1748 1695 3311332011),
1776 1550 1894 1626 paucis
1926 1549 1995 1613 illis
2026 1549 2192 1614 miraculis
2224 1555 2352 1615 13313133
2384 1558 2427 1617 331

420 1633 565 1714 quamvis
596 1632 693 1696 Pauli
724 1634 889 1697 scientiae
917 1632 1005 1716 (Act.
1027 1637 1080 1710 17,
1107 1630 1163 1715 28)
1195 1633 1395 1710 subscribam,
1485 1651 1555 1710 eus,
1582 1652 1644 1695 333
1670 1634 1717 1695 313
1744 1633 1879 1713 quotidie
1900 1654 1986 1699 caeco
2008 1639 2139 1698 naturae
2165 1637 2314 1701 133113313
2333 1639 2427 1702 solem

420 1721 454 1783 13
477 1717 545 1783 Deo
566 1739 623 1782 nos
643 1739 708 1783 3333
729 1723 756 1782 31
776 1720 893 1783 maceri
914 1724 942 1781 et
963 1720 1064 1783 313333
1071 1743 1081 1797 ,·
1108 1718 1195 1800 13333
1223 1723 1325 1782 tomen
1346 1718 1397 1783 ab
1449 1718 1531 1780 eriri
1552 1722 1580 1780 et
1600 1719 1747 1797 33311333,
1779 1713 1962 1799 33131333,
1996 1720 2039 1783 31
2065 1722 2276 1785 3333333133
2297 1724 2427 1803 3313331

420 1810 494 1870 3331
514 1826 535 1868 3
569 1804 633 1867 3313
650 1805 718 1868 3133
734 1824 829 1885 quarn
846 1805 1034 1868 sommendat
1049 1807 1172 1887 3331133
1189 1824 1298 1868 serrsu:
1320 1804 1397 1885 quie
1449 1821 1524 1885 erpa
1545 1822 1601 1866 333
1619 1805 1671 1866 331
1681 1805 1803 1884 saneris
1824 1807 2015 1882 memoriam,
2037 1826 2164 1870 cursum
2186 1807 2253 1871 eius
2272 1807 2425 1890 33133331.

420 1824 582 1973 3333131313
603 1888 669 1953 Dei
688 1910 811 1966 curam,
841 1909 880 1952 33
901 1910 964 1970 qua
986 1891 1109 1954 demum
1130 1891 1320 1971 3333333133
1336 1912 1398 1971 33
1451 1887 1545 1952 Nilril
1566 1890 1670 1970 maqis
1690 1891 1836 1954 naturale
1857 1896 1902 1954 est
1923 1912 2017 1970 quarn
2037 1892 2217 1973 33313331,
2240 1894 2305 1957 3331
2327 1900 2426 1958 aesta·

420 1981 527 2041 133333
546 1977 614 2040 3133
633 1975 733 2056 feam,
756 1976 884 2039 minime
904 1980 1037 2057 3331331.
1449 1978 1521 2050 tem,
1550 1976 1661 2038 3331311
1688 1981 1875 2039 autumnum
1896 1978 2038 2041 31313313
2058 1978 2221 2041 eamdem.
2266 1978 2368 2058 Atqui
2390 1981 2426 2044 13

508 2065 535 2125 2.
585 2061 650 2141 Quo
676 2062 788 2125 melius
810 2066 920 2142 pateat
946 2061 1000 2125 boc
1028 2056 1210 2138 discrimen,
1239 2061 1396 2125 sciendum
1448 2059 1506 2122 133
1533 2060 1613 2123 serie
1639 2065 1726 2132 tante
1747 2063 1941 2140 perspicitur
1969 2083 2006 2126 ac
2033 2069 2098 2127 tam
2126 2065 2303 2144 inaequalis
2324 2065 2425 2129 11333-

421 2152 472 2226 est,
499 2147 731 2227 providentiam
754 2146 831 2224 Dei,
864 2147 971 2226 qualis
1001 2147 1141 2211 traditur
1167 2147 1201 2208 in
1229 2147 1396 2227 scriptura,
1449 2146 1537 2221 sitas,
1558 2149 1591 2207 ut
1606 2147 1701 2226 facile
1718 2153 1873 2226 appareat
1892 2149 2033 2230 31333133
2050 2169 2156 2226 33333,
2178 2169 2297 2214 menses
2314 2156 2341 2213 rt
2357 2152 2425 2216 1133

389 2232 563 2314 'satanae
584 2238 612 2295 et
633 2232 757 2296 3331133
778 2232 918 2312 fortuitis
935 2233 1054 2313 3331331.
1095 2230 1170 2295 loru
1191 2251 1286 2311 quum
1306 2233 1396 2314 33133
1449 2251 1529 2294 noea
1551 2230 2031 2312 133331311113133331133113
2051 2236 2225 2314 temperari.

415 2338 606 2400 parnasum
631 2317 728 2400 fuerit
753 2317 894 2382 3331133
920 2319 1064 2395 saeculis,
1099 2322 1126 2380 31
1153 2318 1259 2381 eadem
1291 2318 1397 2396 opinio
1537 2319 1564 2379 3.
1610 2316 1754 2381 Eisone
1781 2319 2031 2398 crnnipotentiam
2059 2319 2121 2382 sibi
2147 2321 2287 2384 33311331
2313 2341 2349 2385 ae
2374 2321 2424 2386 de-

420 2409 540 2468 3333133
571 2403 637 2484 fere
669 2404 813 2468 mortales
845 2404 934 2468 bodie
961 2408 1236 2485 quoque‘occupet,
1268 2402 1397 2483 fortuito
1447 2401 1529 2481 ferri
1551 2423 1571 2465 a
1593 2402 1681 2466 nobis
1700 2403 1880 2481 nult'Deus,
1902 2426 1964 2468 333
1985 2407 2109 2486 qualem
2130 2405 2285 2485 sophistae
2304 2407 2425 2490 133331

418 2491 590 2572 3331133333
617 2490 738 2567 onmia,
766 2490 847 2570 qaod
868 2489 905 2553 de
920 2488 1120 2570 prouidentia
1140 2489 1302 2552 terrendum
1323 2494 1397 2566 3331,
1449 2488 1588 2565 inertem,
1616 2489 1747 2553 otiosam
1772 2494 1801 2552 et
1819 2490 1884 2569 fere
1905 2491 2054 2571 sopitam·
2081 2491 2295 2573 3313131133,
2321 2493 2425 2574 effico-

419 2596 482 2640 ncn
503 2576 591 2638 mado
612 2574 670 2638 133
686 2596 790 2654 prava
812 2576 955 2654 opinione
975 2574 1165 2652 obnubilari,
1192 2574 1246 2639 sed
1266 2573 1332 2654 fere
1353 2595 1397 2638 se
1448 2592 1520 2651 cem,
1543 2594 1718 2653 33333333,
1740 2579 1768 2639 31
1788 2595 1867 2655 quae
1888 2577 1924 2640 13
1942 2578 2083 2641 33311333
2105 2581 2175 2640 3313
2197 2583 2346 2656 easdam·
2374 2598 2426 2643 ne-

411 2661 651 2742 3311313331333
673 2665 724 2723 est.
769 2659 806 2723 Si
827 2661 898 2741 quis
919 2662 954 2724 13
974 2661 1110 2725 13133333
1131 2660 1265 2737 incitat,
1287 2661 1334 2724 331
1353 2660 1397 2741 fc-
1449 2678 1506 2737 que
1532 2660 1627 2722 etiarn
1655 2680 1734 2740 3333
1757 2662 1899 2743 33333313
1925 2666 2045 2726 tanturn
2070 2664 2114 2727 sit
2134 2664 2336 2743 principiam
2356 2684 2424 2728 cou-
2482 2732 2485 2737 ,

417 2767 476 2810 ras
498 2746 624 2822 bestias,
645 2746 675 2808 31
696 2751 783 2810 33313
803 2751 924 2825 repente
946 2751 1048 2810 333313
1069 2746 1279 2829 3331333133
1298 2745 1398 2826 faeiat
1447 2744 1515 2825 fusi
1536 2750 1650 2823 neotus,
1679 2766 1716 2809 33
1738 2748 1919 2825 3111331333
1940 2768 2002 2826 per
2023 2749 2126 2812 313333
2146 2750 2239 2813 semel
2260 2749 2424 2830 praefices

419 2833 454 2897 in
487 2832 587 2908 mori,
620 2832 650 2894 si
678 2832 789 2895 133333
814 2833 860 2895 331
889 2830 1012 2896 arboris
1038 2832 1136 2895 ruina
1168 2831 1334 2910 obruatur;
1366 2833 1397 2896 si
1444 2829 1542 2908 fluere
1568 2829 1696 2907 iuberet,
1725 2831 1780 2895 sed
1804 2832 1848 2895 ad
1874 2834 2015 2915 stapulas
2041 2840 2069 2897 et
2089 2836 2302 2913 particulares
2323 2839 2424 2900 motus

419 2917 506 2982 alius
522 2937 584 2996 per
605 2916 726 2981 1333313
748 2918 895 2982 oberrem
917 2917 1054 2981 13333131
1076 2917 1232 2996 penuriae
1254 2937 1330 2981 suae
1351 2939 1397 2982 33
1447 2917 1567 2979 1313313
1587 2917 1636 2978 sit.
1681 2915 1755 2979 Ideo
1776 2917 1859 2980 enim
1880 2924 2017 2982 censetur
2038 2920 2237 3000 omnipotens,
2261 2920 2425 3001 3333331

419 3003 570 3080 medinm,
597 3001 693 3066 randis
719 3003 856 3066 iactatus
883 3001 925 3066 ad
947 3007 1075 3081 portum
1090 3003 1270 3081 perueniat,
1298 3004 1397 3067 mira
1442 3002 1546 3080 possit
1562 3001 1686 3082 quiderm
1706 3002 1822 3083 faeere,
1848 3009 1940 3067 333331
1960 3009 2062 3068 tomen
2084 3006 2209 3068 interim
2230 3011 2257 3067 31
2278 3007 2424 3084 desideat,

419 3089 522 3152 biliter
544 3088 734 3172 3113133113
750 3093 871 3154 tanturn
888 3088 986 3151 rrnius
1007 3088 1101 3170 113111
1122 3087 1234 3151 euadat
1250 3109 1272 3150 3
1288 3094 1398 3153 morte:
1448 3087 1497 3150 331
1521 3107 1611 3166 quem
1625 3086 1782 3168 praeficit
1802 3093 1933 3152 3313333
1958 3090 2098 3154 ordinem
2117 3092 2255 3171 33333311
2276 3093 2425 3154 instinctu

420 3173 476 3239 bos
497 3193 601 3238 333333
621 3178 685 3237 tam
701 3194 871 3255 prosperos
891 3193 987 3254 quarn
1003 3173 1149 3237 31333333
1169 3192 1314 3238 33333333
1333 3174 1397 3255 fcr-
1448 3174 1601 3237 continuet
1607 3199 1617 3252 ,·
1643 3174 1697 3237 sm
1716 3175 1794 3254 quia
1814 3194 1876 3238 sua
1891 3174 2091 3254 procidentia
2117 3176 2233 3239 eoelum
2254 3181 2282 3239 et
2309 3182 2424 3241 terram

420 3265 514 3325 tunae
540 3260 649 3324 333313
675 3261 757 3324 33113
777 3260 945 3327 adscribet.
993 3258 1144 3339 Quisquis
1174 3277 1246 3322 3333
1277 3260 1398 3326 edoctus
1445 3258 1630 3341 33133333,
1651 3257 1698 3322 313
1714 3261 1819 3323 333313
1838 3260 2071 3324 333133313331
2090 3260 2172 3324 nibil
2192 3262 2257 3324 nisi
2273 3263 2341 3325 eius
2357 3281 2425 3324 con-

421 3351 467 3410 est
489 3343 607 3410 Christi
628 3365 680 3410 cre
697 3345 831 3427 (Matth.
854 3350 902 3423 10,
923 3345 988 3430 30),
1011 3345 1143 3424 capillos
1162 3364 1265 3408 333333
1285 3348 1399 3427 3331113
1448 3344 1522 3408 31113
1544 3346 1670 3408 3331131.
1708 3344 1912 3425 Numquam
1933 3347 1968 3410 in
1987 3345 2118 3411 Psalmo
2139 3346 2232 3431 (115,
2253 3349 2287 3429 3)
2305 3347 2424 3410 dicitur

422 3433 476 3495 sui
496 3450 559 3495 esse
578 3436 762 3509 numeratos,
785 3451 914 3495 causam
935 3431 1060 3513 1333133
1077 3435 1209 3511 quaeret,
1232 3451 1269 3494 ac
1285 3437 1398 3497 statuet
1446 3430 1550 3511 faeere
1570 3451 1768 3511 quaecunque
1788 3432 1866 3509 3311,
1889 3437 1970 3496 certa
1991 3438 2020 3497 31
2040 3432 2209 3496 deliberata
2229 3436 2354 3496 3313133
2374 3453 2425 3496 33-

422 3516 569 3599 quoslrbet
595 3522 718 3581 3333133
744 3518 857 3581 occulto
878 3516 943 3580 Dei
971 3516 1100 3580 33331113
1125 3516 1303 3599 3313333131.
1348 3520 1398 3583 Ac
1450 3518 1563 3581 133133.
1597 3517 1779 3596 [capidem
1800 3519 1884 3581 enim
1904 3523 1982 3582 esset
1995 3517 2208 3598 pbilosepbicc
2228 3538 2312 3581 urere
2332 3519 2425 3582 inter-

422 3602 462 3667 de
501 3602 598 3667 rebus
637 3602 768 3685 quidem
807 3602 997 3666 inanimatis
1036 3603 1082 3666 sio
1115 3601 1303 3667 habendum
1338 3611 1395 3682 est,
1443 3603 1568 3684 pretori
1593 3601 1763 3683 propbetas
1789 3604 1896 3681 uerba,
1929 3603 2032 3667 Deum
2061 3625 2126 3668 esse
2146 3604 2291 3683 primum
2318 3624 2422 3685 33333,

420 3688 570 3771 quamvis
609 3688 803 3752 naturaliter
835 3686 975 3771 singulis
1000 3686 1106 3751 indita
1144 3689 1187 3750 sit
1224 3691 1284 3754 sua
1322 3710 1397 3772 pro·
1450 3688 1527 3769 quia
1542 3689 1741 3769 principium
1762 3694 1790 3752 31
1810 3709 1908 3753 eausa
1929 3691 2229 3769 3313331333133,·
2252 3709 2349 3768 quum
2366 3710 2423 3769 pc

420 3775 557 3856 prietes,
601 3775 670 3837 vim
716 3781 825 3839 tamen
871 3794 966 3836 suam
1011 3794 1079 3837 non
1118 3794 1283 3853 exserere,
1332 3776 1397 3841 nisi
1450 3774 1514 3837 1133
1540 3772 1595 3836 boc
1622 3774 1732 3838 solatio
1756 3775 1790 3837 13
1816 3773 1908 3839 rebus
1934 3775 2134 3839 3133331333
2161 3776 2279 3840 leniant
2307 3774 2424 3856 fideles,

369 3894 379 3902 ·
420 3867 582 3941 quatenus
616 3861 780 3941 praesenti
817 3860 882 3923 Dei
921 3880 1021 3923 manu
1061 3858 1257 3942 diriguntur.
1309 3858 1399 3926 Sunt
1449 3857 1533 3923 nibil
1551 3879 1585 3922 se
1599 3860 1721 3941 perpeti
1741 3861 1805 3923 3131
1822 3858 1886 3924 Dei
1907 3861 2101 3925 ordinatione
2120 3866 2149 3924 31
2165 3861 2328 3926 mandate:
2348 3863 2425 3941 3313

394 3945 523 4028 igitur
549 3945 632 4008 nihil
656 3945 744 4009 aliud
777 3966 875 4027 quam
908 3945 1127 4009 instrumenta
1159 3946 1278 4028 quibus
1305 3947 1397 4012 Deus
1449 3950 1523 4009 3331
1542 3944 1599 4009 331
1619 3947 1688 4009 3133
1708 3965 1814 4008 33333.
1860 3947 1948 4027 Quod
1968 3947 1998 4009 si
2020 3946 2084 4011 Dei
2104 3947 2285 4029 3313333113
2306 3949 2352 4012 313
2373 3967 2425 4012 33-

420 4028 548 4095 assidue
570 4031 708 4096 instillat
730 4039 890 4113 quantum
911 4030 983 4094 vult
1002 4031 1179 4108 efficaciae,
1202 4039 1236 4096 et
1256 4053 1316 4115 pro
1338 4056 1396 4098 suo
1449 4031 1584 4094 13311133
1616 4032 1659 4095 31
1686 4033 1792 4095 emnia
1818 4032 1886 4095 3133
1913 4053 2020 4112 opera,
2044 4033 2168 4113 puerile
2195 4033 2343 4098 eccillum
2370 4038 2422 4111 est,

419 4115 555 4182 arbitrio
581 4117 733 4182 adhunc
760 4117 812 4181 vel
840 4116 932 4179 illam
954 4116 1114 4180 actionem
1136 4117 1238 4182 flectit
1260 4140 1297 4183 ac
1319 4140 1396 4184 con·
1448 4137 1518 4180 eam
1545 4116 1701 4180 includere
1727 4117 1762 4178 13
1788 4123 1922 4182 3313333
1949 4118 2081 4197 influxu.
2128 4117 2194 4181 Nee
2221 4139 2292 4182 3333
2321 4120 2425 4200 333313

418 4203 527 4266 vertit
577 4202 710 4268 Nullius
742 4209 911 4267 creaturae
944 4200 1124 4265 mirabilior
1154 4202 1206 4266 vel
1238 4203 1396 4270 illustrior
1449 4201 1552 4266 Deum
1579 4222 1640 4266 sua
1663 4203 1768 4283 313313
1792 4203 1946 4284 fraudant
1972 4224 2068 4283 quam
2093 4224 2126 4268 33
2146 4204 2423 4284 ipscsutilr'ssima

418 4290 470 4354 ris
492 4296 542 4353 est
563 4310 662 4370 quam
684 4288 769 4353 solis.
814 4288 1049 4368 Praeterquam
1074 4288 1161 4351 enim
1181 4287 1267 4369 quod
1289 4298 1395 4355 totum
1448 4288 1595 4365 13313133,
1618 4289 1673 4367 331
1690 4286 1754 4351 Dei
1769 4290 2001 4370 procidentiam
2022 4294 2177 4354 333331331
2197 4295 2262 4352 tarn
2283 4289 2425 4369 33333113

418 4375 531 4439 orbem
565 4374 731 4438 illuminat
763 4394 821 4437 suo
852 4372 994 4456 firlgore,
1028 4379 1190 4454 quantum
1223 4374 1313 4438 istud
1345 4386 1395 4441 est
1446 4372 1571 4453 finibus,
1601 4374 2314 4455 33311113333333,3333313333333313333
2335 4377 2424 4434 nctu-

416 4460 505 4543 quod
534 4460 689 4525 animalia
716 4460 827 4523 omnia
854 4479 913 4522 suo
941 4457 1047 4522 calore
1071 4458 1159 4523 fovet
1181 4480 1218 4522 ae
1240 4462 1392 4543 vegetat?
1448 4481 1504 4524 rae
1526 4460 1627 4541 133333,
1648 4461 1855 4541 [3331331313
1877 4457 2345 4542 3133331ς3313311111331133
2367 4457 2425 4520 mi-

417 4553 525 4611 terrae
546 4545 799 4611 foecunditatem
821 4545 888 4610 suis
910 4541 1011 4608 radiis
1032 4543 1192 4625 inspirat?
1217 4547 1394 4612 seminibus
1447 4546 1564 4623 serius,
1596 4547 1626 4610 si
1653 4547 1696 4610 31
1717 4547 1864 4627 quoslibet
1885 4548 1972 4623 33311,
2002 4548 2098 4622 33313,
2127 4549 2241 4619 133333,
2267 4562 2425 4620 aquarum

416 4632 453 4696 in
479 4633 550 4696 eius
577 4632 701 4716 gremio
724 4630 891 4712 tepefactis
912 4630 1159 4694 herbescentem
1184 4629 1261 4695 inde
1280 4633 1393 4697 viridi-
1447 4637 1547 4695 motus
1578 4634 1737 4713 expositus
1767 4633 1853 4712 soret.
1897 4633 1990 4696 Adde
2021 4631 2101 4713 qnod
2133 4627 2187 4690 boc
2212 4626 2300 4690 medo
2326 4629 2424 4693 nimis

418 4724 520 4782 tatem
547 4717 649 4795 elicit,
678 4738 776 4801 quam
805 4717 899 4780 novis
921 4715 1086 4780 alimentis
1108 4715 1276 4781 suffultam
1298 4728 1396 4802 auget
1447 4718 1573 4798 irnliqne
1593 4723 1778 4782 3313333133
1798 4719 1974 4800 3133313313
1994 4737 2067 4797 3333
2090 4732 2337 4793 unumquemque
2360 4713 2424 4778 Dei

416 4825 457 4868 ac
478 4806 664 4881 confirmat,
688 4803 790 4868 donec
811 4804 847 4867 in
869 4802 993 4867 culmos
1015 4801 1189 4886 assurgat?
1214 4803 1299 4885 quod
1321 4826 1395 4886 per·
1446 4804 1575 4867 bonitas.
1609 4803 1779 4869 Eaelamat
1798 4803 1908 4868 David
1926 4801 2028 4885 (Psal.
2048 4805 2076 4877 8,
2097 4799 2140 4881 3),
2163 4798 2300 4879 infantes
2321 4799 2424 4865 adbuc

415 4896 515 4972 petuo
537 4911 657 4972 vapore
678 4889 790 4973 pascit,
814 4888 915 4952 donec
936 4888 972 4951 in
993 4888 1118 4966 florem,
1139 4896 1173 4952 et
1193 4910 1235 4953 ex
1257 4889 1336 4955 flore
1358 4892 1394 4955 in
1442 4890 1610 4971 3333133133
1637 4912 1658 4954 3
1685 4895 1822 4954 matrum
1848 4888 1992 4953 uberibus
2012 4886 2093 4949 satis
2121 4885 2272 4966 faciendas
2293 4906 2358 4950 esse
2380 4887 2423 4950 ad

415 4975 547 5058 frugem
574 4975 758 5040 adolescat?
787 4973 874 5056 quod
899 4982 977 5038 tunc
1000 4975 1099 5038 etiam
1121 4975 1330 5057 excoquendo
1353 4977 1394 5043 ad
1447 4974 1660 5039 celebrandam
1672 4975 1735 5040 Dei
1754 4976 1904 5058 ploriam;
1925 4973 2001 5052 quia
2022 4971 2137 5035 33111331
2157 4972 2263 5035 statim
2282 4972 2320 5035 ab
2337 4977 2422 5036 utero

415 5062 640 5126 maturitatem
661 5059 833 5145 perducit?
857 5060 942 5142 quod
965 5060 1097 5126 arbores
1119 5061 1269 5137 similiter
1290 5071 1324 5126 et
1345 5065 1393 5128 vi·
1447 5062 1576 5143 epressi,
1611 5063 1731 5126 33313311
1758 5082 1836 5125 3333
1855 5062 2008 5139 paratam
2036 5057 2098 5120 sibi
2126 5057 2312 5122 alimoniam
2340 5060 2423 5122 inee-

415 5155 469 5211 tes
497 5147 538 5211 ab
566 5169 603 5212 eo
631 5147 810 5228 tepefactae
833 5152 988 5227 pemmoni
1013 5148 1158 5227 primum
1186 5168 1224 5214 ac
1246 5149 1393 5214 frondes·
1446 5148 1544 5210 niunt.
1588 5146 1649 5210 Est
1679 5148 1804 5227 3311333
1832 5145 1886 5208 bac
1915 5163 2021 5206 cerum
2053 5144 2089 5207 13
2113 5163 2236 5226 periere,
2269 5144 2358 5207 modo
2384 5163 2422 5208 33

416 5240 513 5311 cunt,
543 5225 661 5298 deinde
691 5232 806 5294 florem
833 5233 1002 5308 emittunt,
1031 5241 1064 5295 et
1086 5255 1128 5297 ex
1149 5235 1228 5299 flore
1251 5235 1393 5299 fructum
1446 5232 1547 5296 oeulos
1568 5237 1721 5297 31333333
1740 5235 1860 5296 nestros
1878 5228 1981 5310 133131
2002 5229 2082 5308 qued
2098 5231 2212 5311 polam
2229 5229 2421 5308 experientia

415 5319 597 5404 generant?
632 5319 679 5381 At
695 5317 866 5392 Dominus,
890 5323 926 5377 ut
948 5316 1084 5380 solidam
1107 5319 1227 5384 horum
1244 5322 1393 5384 omnium
1445 5317 1645 5396 1333331331,
1680 5318 1757 5381 31113
1789 5315 1941 5378 matribus
1966 5314 2081 5395 plenas
2112 5336 2177 5380 esse
2206 5333 2360 5376 mammas
2392 5316 2420 5374 et

413 5404 550 5470 laudem
575 5405 637 5470 sibi
660 5400 863 5476 vendicaret,
892 5406 968 5463 ante
996 5413 1028 5463 et
1055 5402 1164 5468 lucem
1185 5414 1315 5470 exstare
1336 5428 1392 5472 vo·
1444 5403 1559 5480 uberes,
1590 5403 1665 5466 aliis
1685 5403 1750 5482 fere
1772 5400 1904 5479 aridas,
1925 5406 2024 5480 33331
2046 5400 2207 5465 1113331133
2227 5397 2309 5460 bunc
2330 5395 2420 5460 Deus

413 5489 495 5570 luit,
522 5498 556 5555 et
576 5499 700 5555 terram
720 5486 810 5551 omni
831 5484 1008 5550 herbarum
1030 5495 1063 5549 et
1084 5486 1250 5554 fructuum
1273 5513 1393 5574 genere
1446 5487 1630 5565 313333311,
1650 5488 1787 5565 3333133
1811 5507 1883 5551 3333
1904 5486 2012 5552 aliurn.
2060 5480 2421 5566 03133311313331·

414 5576 571 5642 refertam
589 5597 669 5653 esse,
692 5594 789 5658 quam
807 5572 908 5637 solem
925 5578 1052 5633 crearet
1069 5569 1167 5656 (Gen.
1192 5579 1217 5650 l,
1238 5578 1256 5636 3
1275 5584 1308 5639 et
1328 5577 1391 5660 11).
1439 5573 1595 5651 poterrtiae
1618 5573 1732 5634 iustam
1751 5573 1875 5638 lauden
1895 5572 2049 5649 tribuunt,
2078 5569 2232 5649 duplicem
2259 5567 2331 5632 inde
2348 5588 2419 5648 per-

414 5663 493 5729 Non
520 5683 600 5747 ergo
626 5661 728 5727 solem
754 5659 850 5724 faciet
877 5656 952 5740 pins
979 5654 1077 5719 homo
1105 5656 1158 5721 rel
1179 5658 1393 5741 principalem
1445 5657 1565 5737 cipiunt
1583 5656 1734 5736 feudum,
1763 5660 1844 5740 3331
1863 5660 1943 5724 33113
1964 5657 2072 5739 ampla
2093 5653 2300 5734 benefaciendi
2318 5652 2420 5733 facul·

525 5764 635 5818 Oalninr'
649 5777 740 5830 opera.
782 5760 837 5815 Vol.
857 5757 900 5812 11.
1242 5772 1254 5783 ·
2182 5753 2216 5806 10
