5600 6809
341 780 404 839 509
595 774 685 839 LIB.
708 773 771 835 ΠΙ
815 774 880 837 DE
901 773 1038 840 MODO
1059 773 1411 840 PERCIPIDDAE
1433 772 1625 839 CHRISTI
1646 772 1865 838 Geumi:
1909 771 2010 837 CAP.
2035 773 2113 837 m
2295 777 2382 837 510·

339 962 417 1028 bilia
442 965 674 1043 experiuntur.
719 962 764 1022 At
788 982 865 1023 vero
888 963 943 1041 qui
965 961 1108 1025 eundem
1128 981 1236 1026 servet
1258 985 1327 1026 mo-
1380 963 1518 1027 Nullum
1538 963 1721 1026 membrum
1743 981 1837 1025 suam
1858 959 2046 1023 facultatem
2069 961 2130 1025 sibi
2153 962 2268 1031 habet.
2297 984 2358 1027 nec

338 1048 470 1112 destiae
493 1066 657 1111 tenorem.
685 1045 740 1107 nbi
766 1045 925 1126 pungitur
950 1064 982 1109 et
1005 1048 1169 1113 irritatur.
1196 1066 1328 1130 quotus-
1381 1051 1418 1112 in
1444 1051 1610 1130 privatum
1639 1069 1734 1111 nsum
1762 1046 1919 1128 applicat.
1953 1046 2011 1109 sed
2038 1047 2081 1110 ad
2103 1048 2188 1112 socia
2211 1047 2358 1112 membra

337 1136 486 1216 queque
517 1132 593 1196 est?
643 1130 711 1193 Nec
744 1128 833 1191 aliud
866 1131 1045 1194 remedium
1079 1150 1128 1195 est
1161 1154 1258 1214 quam
1292 1152 1327 1197 ut
1381 1133 1590 1198 transfundit.
1634 1134 1703 1197 Nec
1730 1132 1831 1195 ullam
1859 1130 1936 1194 inde
1962 1132 2139 1196 utilitatem
2161 1134 2264 1215 capit.
2294 1135 2357 1198 nisi

339 1220 530 1284 revellatur
568 1238 609 1279 ex
650 1216 725 1276 imis
764 1215 942 1278 visceribus
979 1217 1059 1281 haee
1092 1221 1327 1287 noxioeisema
1381 1242 1465 1301 quae
1493 1241 1535 1282 ex
1562 1220 1726 1284 communi
1749 1219 1893 1298 corporis
1914 1219 2013 1280 totius
2033 1218 2261 1282 commoditate
2283 1241 2358 1301 pro-

338 1307 392 1382 ιῐς
418 1309 615 1383 ,ἀσωτίας
646 1304 697 1359 ml
723 1305 882 1379 ςιλαιιίας
909 1304 1022 1381 pestis:
1056 1303 1328 1383 quemadmodum
1381 1305 1476 1370 cedit
1510 1303 1567 1369 Sic
1589 1305 1662 1385 pius
1684 1305 1744 1369 vir.
1763 1302 1920 1384 quidquid
1938 1320 2061 1383 potest.
2084 1304 2241 1367 hatribns
2262 1304 2358 1369 debet

337 1392 441 1455 etiam
469 1388 660 1468 scripturae
687 1383 835 1448 doctrina
862 1386 1040 1450 revellitur.
1085 1386 1142 1452 Sic
1168 1390 1257 1452 euim
1277 1391 1328 1452 in·
1352 1450 1356 1461 ,
1379 1413 1482 1472 posse.
1497 1391 1636 1454 sibinen
1654 1389 1751 1452 aliter
1763 1388 1919 1469 privatim
1936 1387 2137 1452 consulendo
2154 1411 2253 1470 quim
2266 1390 2357 1454 utad

338 1476 533 1540 sfituimur.
568 1489 604 1534 ut
637 1491 720 1550 quas
742 1471 834 1533 Dee
861 1470 955 1534 nobis
983 1473 1122 1555 largitus
1147 1490 1197 1538 est
1225 1474 1327 1543 dotes.
1379 1497 1585 1540 communem
1601 1475 1756 1539 eeclesiae
1777 1472 2035 1538 aedilieauonem
2053 1476 2200 1538 intentus
2221 1476 2263 1537 sit
2286 1478 2357 1541 ani·

338 1560 599 1624 meminerimus
630 1577 695 1617 non
728 1572 839 1618 nostra
865 1577 936 1619 esse
963 1557 1062 1625 bona.
1094 1559 1153 1622 sed
1184 1562 1328 1641 gratuita
1378 1583 1462 1625 mus
1506 1561 1598 1624 Haec
1621 1562 1730 1641 itaque
1754 1560 1796 1623 sit
1819 1559 1913 1622 uobis
1934 1558 1977 1622 ud
1999 1560 2236 1642 benignitatem
2258 1560 2357 1624 bene·

339 1647 404 1711 ne·
427 1645 536 1711 dona:
566 1640 686 1722 quibus
707 1642 734 1703 si
756 1643 813 1720 qui
831 1641 1035 1738 superbiant.
1059 1643 1329 1741 ingratitudinem
1352 1708 1355 1739 ζ
1378 1649 1607 1744 fieenuamque
1629 1644 1816 1742 methodus:
1844 1644 2001 1726 quidquid
2029 1647 2063 1743 in
2084 1667 2146 1708 nos
2166 1644 2259 1742 Deus
2280 1669 2358 1711 etin·

340 1726 630 1895 ffid'ffi
648 1726 1330 1895 ffifil'hmif'ibffsse'iiiibii
1351 1776 1357 1900 ξ
1379 1733 1779 1897 &ww
1806 1729 2358 1898 walmes

339 1901 497 1986 gloriaris
518 1919 558 1961 uc
573 1899 605 1960 si
626 1895 684 1959 obt·
704 1896 779 1959 doto
803 1916 861 1958 ttott
883 1898 1005 1960 seete?
1049 1899 1178 1963 Deinde
1199 1901 1329 1964 assidua
1380 1906 1540 1966 rationem
1571 1903 1794 1983 astringimur.
1838 1901 1923 1964 Eam
1948 1922 2046 1984 porro
2073 1900 2207 1964 demum
2234 1918 2356 1966 rectam

342 1989 504 2052 vitiem
528 1997 717 2047 nostrornm
738 1983 959 2063 recognitione
975 1982 1016 2045 ad
1037 1983 1255 2048 humilitatem
1269 2008 1329 2050 nos
1351 2000 1357 2047 ε
1380 2011 1451 2053 eaee
1483 1988 1774 2069 dispensationem,
1805 2007 1888 2068 quae
1920 1985 1963 2050 ad
1993 1986 2175 2051 dilectionis
2204 1988 2357 2070 exigatur

343 2092 550 2138 revocemus
601 2067 656 2130 Ita
679 2066 762 2129 nihil
790 2067 826 2129 in
855 2066 949 2131 nobis
970 2070 1104 2132 restabit
1131 2092 1195 2152 quo
1216 2088 1328 2154 turge-
1380 2074 1538 2157 reginam.
1593 2073 1646 2136 Ita
1679 2073 1735 2135 fiet
1766 2087 1804 2134 ut
1837 2093 1904 2136 non
1935 2071 2032 2135 modo
2064 2072 2161 2136 alieni
2194 2072 2356 2136 commodi

343 2179 448 2234 arnus,
471 2155 582 2219 multa
604 2174 684 2216 tero
706 2153 768 2214 erit
790 2151 979 2216 deiectionis
1000 2156 1145 2219 materia
1181 2157 1328 2221 Rursum
1380 2159 1526 2223 studium
1558 2180 1633 2223 cum
1662 2159 1813 2239 propriae
1839 2158 1992 2221 utilitatis
2018 2178 2097 2223 cura
2123 2179 2252 2240 semper
2277 2179 2355 2223 con·

344 2243 515 2315 iubemur,
544 2258 760 2320 quaecunque
781 2238 818 2299 in
839 2237 912 2301 aliis
932 2239 1125 2320 respicimus
1145 2241 1209 2304 Dei
1231 2241 1328 2319 dona¹
1352 2252 1357 2321 ξ
1381 2248 1570 2328 iungamus,
1598 2243 1655 2306 sed
1684 2243 1768 2307 hanc
1796 2243 1845 2306 illi
1874 2243 2093 2308 subiiciamus
2138 2245 2188 2306 Ac
2209 2265 2252 2307 ne
2272 2245 2356 2309 forte

346 2330 392 2395 u'c
413 2327 564 2392 revereri
592 2344 630 2388 ac
652 2324 818 2403 auspicem
846 2338 882 2386 ut
909 2345 965 2387 eos
985 2344 1112 2406 quoque
1132 2326 1329 2391 honoremus
1353 2326 1357 2349 ‘
1381 2353 1440 2394 nos
1458 2331 1583 2397 lateret.
1605 2350 1678 2392 eam
1700 2350 1772 2392 esse
1793 2329 1898 2412 legem
1911 2330 1973 2392 rite
1985 2328 2236 2393 administrandi
2256 2351 2355 2411 quae·

346 2436 446 2498 penes
468 2434 553 2494 quos
570 2409 726 2474 resident
759 2408 856 2483 Nam,
878 2430 942 2490 quo
963 2411 1051 2491 ipsos
1069 2411 1192 2474 honore
1212 2412 1328 2496 digna·
1353 2420 1358 2487 ,
1381 2437 1512 2497 cunque
1532 2437 1551 2478 a
1572 2415 1645 2478 Deo
1666 2413 1754 2478 dona
1774 2416 1984 2497 suscipimus.
2007 2415 2043 2478 in
2065 2416 2208 2478 minimis
2228 2437 2356 2496 quoque

347 2514 400 2564 tm
428 2516 479 2563 est
508 2497 689 2571 Dominus,
723 2514 862 2575 magnae
895 2495 1113 2577 improbitatis
1138 2497 1220 2560 foret
1252 2520 1328 2561 eum
1353 2492 1357 2549 Ϊ
1380 2501 1594 2583 benignitatis
1615 2521 1693 2563 suae
1714 2501 1904 2564 muneribus
1924 2521 1998 2563 eam
2019 2501 2098 2564 olim
2119 2503 2237 2581 posuit.
2280 2501 2356 2564 Pri·

347 2585 413 2650 illis
440 2584 598 2648 adnuere.
643 2579 698 2643 Ad
727 2580 806 2642 vitia
833 2596 943 2643 autem
971 2580 1126 2646 docemur
1146 2584 1328 2659 connivere,
1353 2616 1356 2621 ·
1380 2589 1491 2650 mitias
1522 2587 1610 2649 enim
1643 2586 1775 2666 frugum
1806 2585 1917 2649 offerri
1950 2586 2012 2649 sibi
2039 2583 2207 2649 mandavit
2234 2586 2355 2669 (Exod

348 2693 415 2736 non
436 2667 590 2752 equidem
609 2680 647 2730 ut
668 2664 833 2728 adulando
853 2666 1036 2743 foveamus,
1059 2666 1116 2730 sed
1138 2689 1179 2730 ne
1199 2668 1329 2732 illorum
1353 2654 1358 2741 i
1382 2676 1554 2743 2129111
1576 2674 1633 2745 23,
1654 2671 1724 2751 19),
1751 2672 1870 2751 quibus
1896 2684 2071 2735 testaretur
2099 2671 2237 2753 populus
2264 2673 2356 2736 nefas

349 2779 448 2822 eausa
481 2754 680 2819 insultemus
711 2752 753 2814 iis
785 2771 866 2832 quos
893 2751 1120 2816 benevolentia
1146 2766 1180 2816 et
1208 2753 1330 2817 honore
1353 2812 1358 2827 .
1381 2759 1443 2823 sibi
1474 2778 1546 2821 esse
1571 2755 1713 2836 aliquem
1741 2758 1908 2838 percipere
1937 2758 2081 2820 fructum
2106 2778 2148 2819 ex
2176 2757 2270 2821 bonis
2291 2779 2356 2821 non

348 2844 460 2906 fovere
484 2840 649 2906 convenit
693 2837 748 2900 Ita
768 2837 824 2900 fiet
845 2852 897 2903 ut.
926 2858 1001 2900 cum
1023 2859 1214 2920 quoeunque
1242 2860 1329 2903 mor-
1353 2906 1358 2915 ,
1381 2844 1429 2907 ilh'
1458 2858 1535 2906 ante
1560 2842 1765 2905 consecratis
1809 2840 1908 2920 Quod
1936 2844 1964 2905 si
1991 2843 2036 2904 ita
2058 2842 2191 2905 demum
2213 2844 2357 2907 sanctifi·

348 2929 468 2992 talinm
500 2925 671 3008 negotium
697 2923 791 2986 nobis
817 2924 874 2991 sit.
907 2944 976 2985 non
1003 2938 1132 2987 tantum
1162 2924 1330 2989 moderate
1353 2990 1358 3017 ἰ
1381 2934 1499 2995 eantur
1520 2927 1615 2991 nobis
1635 2925 1700 2989 Dei
1722 2923 1822 3000 dona,
1851 2938 2024 3009 postqum
2046 2928 2109 3008 ipsi
2125 2929 2232 2991 autori
2255 2951 2355 2992 manu
2452 3004 2457 3014 .

348 3035 409 3078 ruis
436 3029 470 3076 et
498 3009 662 3086 modeste,
694 3006 752 3072 sed
783 3010 919 3072 comiter
950 3022 984 3072 et
1011 3010 1114 3073 amice
1146 3011 1247 3072 etiarn
1273 3031 1329 3092 ge-
1353 3034 1357 3059 =
1381 3026 1493 3079 nostra
1514 3033 1553 3077 ea
1574 3011 1811 3087 dedicavimus,
1834 3013 2002 3093 impurum
2027 3034 2098 3076 esse
2120 3011 2257 3075 abusum
2279 3034 2357 3077 con·

349 3121 471 3164 ramus.
522 3093 810 3177 Quemadmodum
837 3094 878 3157 ad
906 3116 1018 3158 veram
1044 3093 1329 3159 mansuetudinem
1353 3144 1358 3185 Ι
1381 3110 1460 3167 sut.
1487 3101 1545 3181 qni
1571 3119 1638 3161 non
1659 3097 1817 3161 eiusmodi
1838 3097 2075 3162 dedicationem
2096 3096 2249 3161 redoleat.
2296 3102 2355 3161 ht-

350 3205 520 3266 uunquam
553 3182 620 3246 alia
653 3183 706 3244 via
732 3181 919 3262 pervenies,
951 3203 1049 3262 qnam
1076 3181 1106 3244 si
1131 3194 1166 3243 et
1191 3181 1239 3243 tui
1272 3181 1329 3244 de-
1353 3190 1357 3273 }
1380 3187 1438 3269 qui
1451 3185 1629 3249 Dominum
1651 3183 1775 3247 frustra
1796 3184 2356 3249 rerumtuanrmcommnnicatione

351 3272 490 3336 iectione
517 3280 552 3333 et
578 3267 713 3331 altenns
734 3267 919 3330 reverentia
945 3268 1108 3330 imbutum
1125 3279 1240 3348 peetus
1268 3266 1329 3331 ha·
1353 3284 1357 3303 ¹
1380 3271 1578 3353 locupletare
1604 3268 1792 3333 contendas.
1836 3268 1889 3333 ad
1915 3290 1992 3332 eum
2017 3270 2120 3351 igitur
2147 3288 2250 3348 quum
2278 3290 2353 3351 per-

351 3356 470 3423 bueris
1380 3359 1494 3421 venire
1522 3355 1708 3437 benignitas
1736 3368 1878 3436 nequeat
1899 3366 1971 3431 tua,
2005 3367 2043 3417 ut
2063 3353 2223 3437 propheta
2246 3355 2353 3435 inquit

439 3448 467 3505 5.
504 3442 577 3505 Iam
599 3439 636 3501 in
652 3437 840 3520 quaerenda
861 3438 1002 3520 proximi
1024 3437 1165 3501 utilitate
1186 3439 1328 3503 officium
1380 3442 1484 3527 (Psal
1508 3446 1564 3518 16,
1582 3442 1632 3522 ⁸2).
1654 3460 1694 3504 ea
1711 3440 1769 3504 tihi
1791 3462 1870 3523 erga
1891 3448 2020 3504 sanctoe
2041 3441 2112 3502 eius
2132 3439 2187 3520 qui
2209 3441 2245 3502 in
2266 3454 2355 3504 terra

351 3540 519 3614 praestare
550 3538 710 3608 qnantum
745 3524 843 3587 habet
869 3521 1090 3588 difficultatis?
1132 3524 1205 3587 h'isi
1233 3546 1253 3588 a
1279 3526 1328 3587 tui
1381 3542 1459 3593 sunt
1480 3523 1663 3591 exercenda
1684 3536 1743 3589 est.
1777 3525 1912 3607 Ideoque
1931 3526 2033 3589 souis
2052 3525 2258 3589 oblationibus
2277 3545 2355 3589 ωηι-

352 3613 610 3682 consideratione
643 3609 806 3677 discedas.
840 3620 874 3673 et
900 3624 933 3673 te
956 3608 1194 3690 quodammodo
1215 3630 1328 3687 exuas,
1375 3619 1537 3697 parantur
1555 3612 1776 3692 eleemosynae,
1804 3618 1839 3675 td
1863 3611 2015 3695 leyolt'bus
2043 3611 2109 3675 tlte
2129 3630 2211 3673 ιιιιιιι
2233 3632 2356 3691 reapon-

352 3701 435 3766 nihil
463 3699 517 3764 hie
545 3698 674 3762 efficies
720 3695 893 3773 Quomodo
919 3696 1006 3759 enim
1033 3717 1134 3777 opera
1164 3695 1328 3772 exhibeas,
1353 3716 1357 3777 3
1380 3701 1473 3764 deaut
1494 3697 1611 3781 (Hebr.
1634 3701 1683 3769 13.
1704 3698 1769 3778 16).

352 3808 435 3870 quae
456 3785 605 3852 caritatis
626 3803 697 3847 esse
718 3781 845 3845 Paulus
865 3781 967 3851 docet.
994 3781 1058 3845 uisi
1079 3781 1139 3845 tibi
1160 3782 1357 3871 renuntia-5
1468 3788 1498 3847 6.
1552 3783 1657 3847 Porro
1694 3804 1737 3846 ne
1769 3780 2000 3847 mneaoendo
2030 3781 2235 3855 eumue.
2269 3780 2355 3864 qnod

352 3874 456 3947 veris,
481 3882 520 3935 ut
547 3870 620 3933 aliis
647 3880 753 3930 totum
783 3875 816 3930 te
843 3865 994 3931 additas?
1046 3866 1190 3945 Caritas,
1221 3868 1328 3949 inquit
1353 3888 1358 3951 g
1381 3870 1533 3954 protinus
1553 3869 1626 3932 fieri
1642 3867 1761 3950 alioqui
1785 3888 1918 3932 necesse
1934 3868 2035 3944 foret,
2056 3866 2210 3930 accedere
2227 3876 2357 3949 oportet

353 3959 386 4041 (1
407 3958 482 4023 Cor.
505 3960 559 4033 13,
580 3959 630 4037 l),
664 3954 794 4034 patiens
822 3968 886 4023 est.
921 3953 1076 4035 benigna,
1104 3974 1170 4016 non
1197 3973 1328 4035 procax,
1353 3958 1357 4039 J
1380 3957 1521 4020 alterum
1542 3953 1625 4017 illud
1645 3951 1733 4034 quod
1754 3955 1848 4035 ponit
1869 3953 2053 4036 apostolus,
2077 3952 2260 4034 patientem
2285 3973 2357 4017 esse

352 4064 420 4109 non
441 4042 619 4115 fastidiosa,
644 4061 711 4103 non
732 4038 867 4114 invidet,
890 4059 957 4102 non
976 4039 1120 4107 inflatur.
1141 4061 1208 4102 non
1229 4059 1329 4120 quae-
1353 4068 1357 4125 ;
1381 4042 1568 4117 caritatem,
1595 4058 1656 4102 nee
1677 4039 1801 4102 irritari
1823 4040 1856 4124 (l
1877 4038 1953 4103 Cor.
1977 4041 2025 4115 13,
2043 4038 2089 4121 1).
2135 4024 2299 4103 Omnibus
2320 4039 2356 4101 in

353 4131 397 4196 rit
422 4151 506 4212 quae
526 4149 588 4192 sna
609 4138 705 4202 sunt,
739 4145 804 4187 non
832 4124 995 4201 irritatur,
1022 4138 1081 4187 ete
1125 4125 1199 4188 Hoc
1225 4145 1328 4187 unum
1380 4128 1572 4191 universum
1600 4124 1789 4189 benefacere
1816 4125 1982 4189 Dominus
2009 4124 2183 4207 praecipit,
2216 4144 2356 4205 quorum

352 4218 383 4282 si
406 4218 573 4300 exigatur,
607 4234 649 4276 ne
677 4231 872 4293 quaeramus
899 4231 983 4291 quae
1008 4222 1122 4274 nostra
1143 4223 1235 4278 sunt.
1263 4231 1329 4273 non
1380 4233 1501 4296 magna
1527 4230 1605 4293 pars
1631 4210 1700 4273 in'
1752 4210 1760 4222 '
1798 4211 1805 4222 '
1844 4210 1852 4222 ’
1887 4219 1982 4287 sunt,
2016 4211 2044 4273 si
2075 4210 2208 4291 proprio
2239 4209 2357 4271 merito

353 4314 463 4367 tamen
484 4301 624 4364 minima
645 4299 696 4361 vis
722 4297 785 4359 erit
810 4283 977 4359 dfferenda
996 4308 1149 4359 naturae:
1178 4315 1262 4377 quac
1282 4297 1329 4360 sic
1380 4298 1611 4374 aesfrmentur;
1633 4295 1692 4360 sed
1739 4296 1767 4359 'c
1787 4296 1912 4378 optima
1933 4295 2060 4359 ratione
2081 4294 2233 4359 subvenit
2254 4293 2357 4375 scrip·

352 4391 389 4454 iu
410 4388 513 4453 solam
533 4386 638 4449 nostri
659 4382 866 4446 dilectionem
887 4403 946 4445 nos
963 4381 1109 4457 inclinat,
1131 4390 1169 4445 ut
1184 4394 1329 4445 nontam
1380 4398 1472 4460 tura,
1506 4403 1607 4465 quum
1633 4371 1728 4445 docet
1755 4402 1823 4446 non
1850 4403 1922 4446 esse
1949 4378 2188 4463 respiciendum
2215 4376 2293 4459 quid
2314 4398 2356 4441 ea

353 4475 448 4540 facile
473 4472 620 4555 patiatur
650 4490 712 4532 nos
727 4476 730 4481 “
744 4489 782 4533 ae
809 4480 922 4532 nostra
946 4467 1152 4551 negligenter·
1177 4469 1328 4542 transire,
1353 4466 1358 4597 1
1381 4469 1518 4551 seipsis
1538 4476 1729 4531 mereantur
1756 4467 1922 4545 homines,
1951 4465 2009 4532 sed
2035 4464 2212 4547 imaginem
2234 4462 2298 4558 Dei
2320 4463 2357 4526 in

353 4583 418 4642 quo
439 4558 555 4622 alienis
576 4553 754 4621 commodis
775 4554 1001 4636 invigilemus,
1029 4555 1094 4616 imo
1123 4555 1195 4617 iure
1218 4566 1329 4617 nostro
1353 4600 1357 4615 .
1382 4555 1508 4619 cunctis
1529 4553 1814 4631 considerandam,
1841 4554 1894 4617 cui
1914 4552 1998 4616 nihil
2020 4568 2087 4612 uon
2109 4562 2142 4609 ct
2165 4547 2300 4611 honoris
2322 4557 2356 4612 et

355 4655 472 4728 sponte
496 4643 626 4719 cedere,
654 4639 741 4723 quod
770 4641 863 4704 alteri
892 4641 1105 4724 resignemus.
1156 4639 1203 4704 At
1227 4640 1328 4721 serip-
1353 4625 1357 4705 i
1381 4640 1567 4704 dilectionis
1598 4638 1783 4704 debeamus
1838 4639 1881 4703 In
1912 4634 2098 4702 domesticis
2129 4649 2239 4695 autem
2279 4633 2355 4698 fidei

354 4743 440 4807 tura,
462 4742 501 4793 ut
521 4750 560 4792 eo
580 4750 640 4792 nos
660 4747 761 4790 manu
781 4726 888 4803 ducat,
909 4738 1110 4809 praemonet,
1132 4724 1287 4808 quidquid
1309 4747 1329 4789 a
1353 4712 1358 4807 Ι
1381 4727 1474 4790 illam
1495 4724 1632 4789 eandem
1654 4724 1845 4809 diligentius
1866 4718 2100 4788 euertendam
2122 4717 2212 4800 (Gal.
2233 4720 2354 4803 ti,10)‚

354 4818 500 4883 Domino
526 4815 707 4897 gratiam
733 4811 931 4891 obtinemus,
959 4833 1030 4876 esse
1057 4812 1150 4876 nobis
1175 4813 1236 4876 hac
1257 4812 1330 4894 lege
1353 4814 1357 4889 l
1380 4824 1543 4895 quatenns
1559 4833 1620 4894 per
1630 4811 1757 4877 Christi
1773 4810 1924 4892 spiritum
1935 4816 2091 4867 renovata
2109 4814 2210 4868 estet
2229 4815 2356 4870 instatu-

352 4900 592 4978 concreditum,
619 4912 659 4962 nt
686 4900 721 4962 iu
742 4920 915 4964 commune
936 4898 1089 4963 ecclesiae
1109 4899 1231 4962 boumn
1252 4919 1330 4963 con·
1353 4916 1357 4927 ‘
1381 4908 1460 4963 rata
1504 4899 1596 4981 Ergo
1624 4899 1770 4980 quisquis
1797 4894 1967 4958 hominum
1996 4888 2056 4952 tibi
2083 4909 2172 4953 nuno
2197 4890 2357 4956 offeratur

352 4990 487 5054 feratur.
522 4986 664 5068 Ideoque
681 4985 864 5069 legitimum
883 4986 1063 5068 gratiarum
1077 4987 1329 5049 omniumusum
1353 4938 1358 5017 ι
1381 4987 1438 5070 qui
1460 4984 1566 5048 officio
1595 4996 1652 5047 tuo
1673 4981 1833 5064 indigeat,
1862 4995 1992 5073 αιιιειιιιι
2015 4995 2082 5037 non
2104 4973 2205 5040 habes
2227 4998 2286 5042 cur
2307 4979 2356 5042 illi

354 5097 440 5152 esse,
471 5071 640 5136 liberalem
666 5093 704 5136 ae
725 5072 901 5152 benignam
923 5092 997 5134 cum
1019 5071 1093 5135 aliis
1111 5072 1330 5136 communica-
1353 5024 1358 5139 i
1382 5085 1416 5135 te
1443 5069 1634 5153 impendere
1663 5069 1830 5131 detrectes.
1875 5061 1938 5124 Drc
1969 5072 2163 5125 exutmeum
2197 5082 2282 5129 csse:
2322 5076 2356 5128 at

352 5163 487 5226 tionem.
532 5157 633 5222 Nulla
655 5179 716 5222 nec
744 5156 863 5219 certior
890 5156 1017 5237 regula,
1046 5178 1106 5220 neo
1129 5156 1267 5221 validior
1288 5157 1329 5221 ad
1353 5155 1357 5205 Ι
1381 5158 1546 5221 Dominus
1567 5171 1678 5218 notam
1700 5152 1747 5214 illi
1768 5147 1947 5230 impressit,
1975 5167 2059 5229 quae
2087 5147 2259 5214 familiaris
2284 5172 2355 5214 esse
2487 5189 2493 5200 .

353 5269 428 5314 eam
450 5243 627 5310 tenendam
648 5242 835 5307 exhortatio
860 5242 1037 5322 excogitari
1061 5254 1201 5322 potem,
1229 5265 1328 5324 qnam
1354 5276 1357 5288 ·
1383 5245 1442 5310 tibi
1464 5242 1575 5316 debet;
1601 5260 1663 5319 quo
1692 5237 1810 5298 rollone
1835 5239 1917 5297 utut
1941 5253 2064 5296 αιηιαιι
2092 5238 2178 5298 nom
2201 5235 2355 5315 deam

353 5333 411 5397 uhi
432 5331 594 5409 doeemur,
618 5350 731 5393 omnes
749 5324 866 5408 quibus
883 5325 1042 5405 pollemus
1058 5323 1158 5399 dotes,
1177 5329 1241 5391 Dei
1259 5351 1329 5392 esse
1353 5331 1357 5379 ἔ
1382 5331 1459 5412 (les.
1481 5331 1536 5396 58.
1557 5327 1599 5403 7).
1644 5322 1706 5385 Dic
1728 5317 2007 5402 contemptibilem
2029 5341 2067 5383 ac
2089 5319 2199 5382 nihili:
2222 5330 2256 5381 at
2278 5341 2352 5382 eum

355 5418 511 5502 deposita,
533 5438 573 5481 ea
593 5416 666 5498 lege
687 5412 763 5479 fidei
783 5426 914 5475 nostrae
935 5413 1116 5484 commissa,
1138 5414 1232 5475 utin
1254 5435 1329 5495 pro-
1353 5408 1357 5449 ⁷
1380 5413 1545 5476 Dominus
1566 5429 1636 5471 esse
1658 5405 1874 5482 demonstrat,
1900 5425 1998 5488 quem
2025 5405 2178 5487 imagin'u
2198 5425 2277 5468 suae
2296 5403 2353 5469 de-

355 5505 519 5569 limorum
540 5503 662 5566 bonum
684 5500 920 5581 dispensentur·
965 5494 1032 5560 Sed
1054 5495 1192 5559 ulterius
1213 5498 1329 5559 etiam·
1353 5502 1357 5577 l
1380 5519 1455 5563 core
1483 5495 1637 5576 dignatus
1664 5491 1715 5555 sit.
1760 5488 1825 5557 Dic
1839 5491 1953 5556 -nullis
1981 5493 2051 5556 eius
2080 5489 2193 5553 officiis
2221 5498 2255 5553 te
2281 5511 2353 5556 esse

353 5610 438 5654 rrum
464 5589 573 5672 pergit-
600 5589 775 5668 scriptura.
805 5583 882 5647 dnm
907 5582 980 5645 illas
1006 5579 1213 5645 facultatibus
1241 5600 1328 5643 eom-
1353 5598 1356 5615 ·
1380 5584 1582 5646 obaeratum:
1613 5594 1647 5642 ot
1673 5599 1750 5641 euru
1772 5577 1862 5640 velut
1884 5578 1920 5641 in
1940 5578 2046 5642 vicem
2068 5595 2161 5639 suam
2184 5576 2353 5641 substituit

353 5688 451 5759 parat
466 5675 585 5758 quibus
601 5672 750 5754 praedita
765 5681 844 5735 sunt
861 5669 996 5733 humani
1013 5665 1155 5748 corporis
1172 5665 1327 5729 membra
1353 5674 1357 5697 ‘
1380 5667 1482 5733 Deru.
1504 5684 1583 5744 erga
1604 5683 1702 5744 quem
1723 5672 1772 5726 tot
1795 5684 1833 5729 ac
1854 5674 1948 5729 tanta
1969 5680 2180 5746 recognoscas
2195 5660 2354 5727 beneficia
