<?xml version="1.0" encoding="UTF-8"?>
<!DOCTYPE html PUBLIC "-//W3C//DTD XHTML 1.0 Transitional//EN"
    "http://www.w3.org/TR/xhtml1/DTD/xhtml1-transitional.dtd">
<html xmlns="http://www.w3.org/1999/xhtml" xml:lang="en" lang="en">
 <head>
  <title>
</title>
<meta http-equiv="Content-Type" content="text/html;charset=utf-8" />
  <meta name='ocr-system' content='tesseract 3.04.00' />
  <meta name='ocr-capabilities' content='ocr_page ocr_carea ocr_par ocr_line ocrx_word'/>
</head>
<body>
  <div class='ocr_page' id='page_1' title='image "./ioanniscalvinio10calvgoog_0368.png"; bbox 0 0 5600 6809; ppageno 0'>
   <div class='ocr_carea' id='block_1_1' title="bbox 444 713 2449 790">
    <p class='ocr_par' dir='ltr' id='par_1_1' title="bbox 444 713 2449 790">
     <span class='ocr_line' id='line_1_1' title="bbox 444 713 2449 790; baseline -0.007 0"><span class='ocrx_word' id='word_1_1' title='bbox 444 728 506 790; x_wconf 84' lang='grc'>767</span> <span class='ocrx_word' id='word_1_2' title='bbox 2385 713 2449 775; x_wconf 80' lang='grc'>768</span> 
     </span>
    </p>
   </div>
   <div class='ocr_carea' id='block_1_2' title="bbox 1050 709 1807 789">
    <p class='ocr_par' dir='ltr' id='par_1_2' title="bbox 1050 709 1807 789">
     <span class='ocr_line' id='line_1_2' title="bbox 1050 709 1807 789; baseline -0.007 -9"><span class='ocrx_word' id='word_1_3' title='bbox 1050 739 1053 743; x_wconf 96' lang='grc'><strong><em>·</em></strong></span> <span class='ocrx_word' id='word_1_4' title='bbox 1093 711 1359 780; x_wconf 68' lang='lat' dir='ltr'>mamutium</span> <span class='ocrx_word' id='word_1_5' title='bbox 1381 713 1486 780; x_wconf 80' lang='lat' dir='ltr'>RDL.</span> <span class='ocrx_word' id='word_1_6' title='bbox 1510 709 1691 778; x_wconf 76' lang='lat' dir='ltr'>OHRIS&#39;P.</span> <span class='ocrx_word' id='word_1_7' title='bbox 1716 715 1807 789; x_wconf 73' lang='lat'>1559.</span> 
     </span>
    </p>
   </div>
   <div class='ocr_carea' id='block_1_3' title="bbox 443 899 2535 2951">
    <p class='ocr_par' dir='ltr' id='par_1_3' title="bbox 443 899 2535 2951">
     <span class='ocr_line' id='line_1_3' title="bbox 443 899 2450 993; baseline -0.006 -17"><span class='ocrx_word' id='word_1_8' title='bbox 443 912 573 993; x_wconf 84' lang='lat' dir='ltr'>saepius</span> <span class='ocrx_word' id='word_1_9' title='bbox 596 907 738 972; x_wconf 89' lang='lat' dir='ltr'>titubare</span> <span class='ocrx_word' id='word_1_10' title='bbox 764 914 909 982; x_wconf 87' lang='lat' dir='ltr'>sanctos,</span> <span class='ocrx_word' id='word_1_11' title='bbox 936 904 1122 968; x_wconf 86' lang='lat' dir='ltr'>iuramenta</span> <span class='ocrx_word' id='word_1_12' title='bbox 1144 922 1346 984; x_wconf 85' lang='lat' dir='ltr'>supervacua</span> <span class='ocrx_word' id='word_1_13' title='bbox 1367 903 1418 965; x_wconf 93' lang='lat' dir='ltr'>in·</span> <span class='ocrx_word' id='word_1_14' title='bbox 1471 921 1509 965; x_wconf 87' lang='lat' dir='ltr'>ac</span> <span class='ocrx_word' id='word_1_15' title='bbox 1526 902 1771 963; x_wconf 87' lang='lat' dir='ltr'>firmamentum</span> <span class='ocrx_word' id='word_1_16' title='bbox 1787 900 1935 963; x_wconf 83' lang='lat' dir='ltr'>veritatis</span> <span class='ocrx_word' id='word_1_17' title='bbox 1958 899 1990 984; x_wconf 93' lang='lat' dir='ltr'>(l</span> <span class='ocrx_word' id='word_1_18' title='bbox 2011 899 2094 962; x_wconf 78' lang='lat' dir='ltr'>Tim.</span> <span class='ocrx_word' id='word_1_19' title='bbox 2116 905 2143 975; x_wconf 82' lang='lat'>3,</span> <span class='ocrx_word' id='word_1_20' title='bbox 2166 902 2229 981; x_wconf 80' lang='lat'>15),</span> <span class='ocrx_word' id='word_1_21' title='bbox 2253 907 2378 963; x_wconf 90' lang='lat' dir='ltr'>certum</span> <span class='ocrx_word' id='word_1_22' title='bbox 2397 906 2450 964; x_wconf 91' lang='lat' dir='ltr'>est</span> 
     </span>
     <span class='ocr_line' id='line_1_4' title="bbox 444 983 2448 1071; baseline -0.006 -10"><span class='ocrx_word' id='word_1_23' title='bbox 444 995 573 1062; x_wconf 82' lang='lat' dir='ltr'>tardum</span> <span class='ocrx_word' id='word_1_24' title='bbox 602 993 768 1071; x_wconf 79' lang='lat' dir='ltr'>excidere,</span> <span class='ocrx_word' id='word_1_25' title='bbox 800 992 837 1055; x_wconf 92' lang='lat' dir='ltr'>in</span> <span class='ocrx_word' id='word_1_26' title='bbox 869 992 953 1055; x_wconf 91' lang='lat' dir='ltr'>iram</span> <span class='ocrx_word' id='word_1_27' title='bbox 984 1010 1218 1070; x_wconf 85' lang='lat' dir='ltr'>nonnunquam</span> <span class='ocrx_word' id='word_1_28' title='bbox 1250 988 1417 1065; x_wconf 85' lang='lat' dir='ltr'>effervere,</span> <span class='ocrx_word' id='word_1_29' title='bbox 1470 1006 1538 1049; x_wconf 93' lang='lat' dir='ltr'>non</span> <span class='ocrx_word' id='word_1_30' title='bbox 1555 1006 1625 1049; x_wconf 92' lang='lat' dir='ltr'>esse</span> <span class='ocrx_word' id='word_1_31' title='bbox 1641 985 1810 1050; x_wconf 89' lang='lat' dir='ltr'>ecclesiam</span> <span class='ocrx_word' id='word_1_32' title='bbox 1826 985 1882 1049; x_wconf 90' lang='lat' dir='ltr'>ubi</span> <span class='ocrx_word' id='word_1_33' title='bbox 1896 1005 2036 1068; x_wconf 89' lang='lat' dir='ltr'>regnum</span> <span class='ocrx_word' id='word_1_34' title='bbox 2054 985 2223 1066; x_wconf 82' lang='lat' dir='ltr'>occupavit</span> <span class='ocrx_word' id='word_1_35' title='bbox 2238 983 2448 1051; x_wconf 86' lang='lat' dir='ltr'>mendacium</span> 
     </span>
     <span class='ocr_line' id='line_1_5' title="bbox 444 1070 2143 1162; baseline -0.009 -17"><span class='ocrx_word' id='word_1_36' title='bbox 444 1083 509 1146; x_wconf 92' lang='lat' dir='ltr'>imo</span> <span class='ocrx_word' id='word_1_37' title='bbox 532 1099 742 1162; x_wconf 84' lang='lat' dir='ltr'><strong>prorumpere</strong></span> <span class='ocrx_word' id='word_1_38' title='bbox 765 1078 807 1142; x_wconf 90' lang='lat' dir='ltr'>ad</span> <span class='ocrx_word' id='word_1_39' title='bbox 833 1078 1006 1142; x_wconf 83' lang='lat' dir='ltr'>manifesta</span> <span class='ocrx_word' id='word_1_40' title='bbox 1032 1095 1135 1156; x_wconf 94' lang='lat' dir='ltr'>usque</span> <span class='ocrx_word' id='word_1_41' title='bbox 1162 1074 1317 1150; x_wconf 86' lang='lat' dir='ltr'>convitia,</span> <span class='ocrx_word' id='word_1_42' title='bbox 1346 1072 1419 1137; x_wconf 87' lang='lat' dir='ltr'>aliis</span> <span class='ocrx_word' id='word_1_43' title='bbox 1471 1079 1504 1135; x_wconf 91' lang='lat' dir='ltr'>et</span> <span class='ocrx_word' id='word_1_44' title='bbox 1525 1070 1661 1135; x_wconf 85' lang='lat' dir='ltr'>falsitas.</span> <span class='ocrx_word' id='word_1_45' title='bbox 2141 1103 2143 1106; x_wconf 92' lang='lat'><em>-</em></span> 
     </span>
     <span class='ocr_line' id='line_1_6' title="bbox 443 1155 2448 1250; baseline -0.005 -20"><span class='ocrx_word' id='word_1_46' title='bbox 443 1174 613 1250; x_wconf 82' lang='lat' dir='ltr'>praeterea</span> <span class='ocrx_word' id='word_1_47' title='bbox 639 1164 735 1228; x_wconf 88' lang='lat' dir='ltr'>malis</span> <span class='ocrx_word' id='word_1_48' title='bbox 756 1163 903 1228; x_wconf 90' lang='lat' dir='ltr'>laborare</span> <span class='ocrx_word' id='word_1_49' title='bbox 924 1183 1008 1243; x_wconf 89' lang='lat' dir='ltr'>quae</span> <span class='ocrx_word' id='word_1_50' title='bbox 1030 1160 1192 1225; x_wconf 79' lang='lat' dir='ltr'>Dominus</span> <span class='ocrx_word' id='word_1_51' title='bbox 1214 1179 1280 1222; x_wconf 91' lang='lat' dir='ltr'>non</span> <span class='ocrx_word' id='word_1_52' title='bbox 1302 1157 1419 1223; x_wconf 87' lang='lat' dir='ltr'>leviter</span> <span class='ocrx_word' id='word_1_53' title='bbox 1559 1160 1587 1220; x_wconf 83' lang='lat'>2.</span> <span class='ocrx_word' id='word_1_54' title='bbox 1633 1156 1675 1230; x_wconf 88' lang='lat' dir='ltr'>In</span> <span class='ocrx_word' id='word_1_55' title='bbox 1703 1178 1778 1220; x_wconf 91' lang='lat' dir='ltr'>oum</span> <span class='ocrx_word' id='word_1_56' title='bbox 1806 1156 1940 1220; x_wconf 93' lang='lat' dir='ltr'>modum</span> <span class='ocrx_word' id='word_1_57' title='bbox 1968 1177 2070 1238; x_wconf 93' lang='lat' dir='ltr'>quum</span> <span class='ocrx_word' id='word_1_58' title='bbox 2093 1176 2145 1218; x_wconf 92' lang='lat' dir='ltr'>res</span> <span class='ocrx_word' id='word_1_59' title='bbox 2166 1156 2286 1220; x_wconf 88' lang='lat' dir='ltr'>habeat</span> <span class='ocrx_word' id='word_1_60' title='bbox 2307 1155 2367 1220; x_wconf 90' lang='lat' dir='ltr'>sub</span> <span class='ocrx_word' id='word_1_61' title='bbox 2389 1177 2448 1240; x_wconf 90' lang='lat' dir='ltr'>pa·</span> 
     </span>
     <span class='ocr_line' id='line_1_7' title="bbox 445 1239 2447 1328; baseline -0.006 -10"><span class='ocrx_word' id='word_1_62' title='bbox 445 1251 666 1328; x_wconf 61' lang='lat' dir='ltr'>abominatum</span> <span class='ocrx_word' id='word_1_63' title='bbox 699 1249 756 1314; x_wconf 92' lang='lat' dir='ltr'>sed</span> <span class='ocrx_word' id='word_1_64' title='bbox 782 1250 829 1312; x_wconf 89' lang='lat' dir='ltr'>ita</span> <span class='ocrx_word' id='word_1_65' title='bbox 860 1246 1033 1323; x_wconf 87' lang='lat' dir='ltr'>vocabant,</span> <span class='ocrx_word' id='word_1_66' title='bbox 1068 1253 1105 1310; x_wconf 92' lang='lat' dir='ltr'>ut</span> <span class='ocrx_word' id='word_1_67' title='bbox 1132 1245 1372 1327; x_wconf 81' lang='lat' dir='ltr'>distinguerent</span> <span class='ocrx_word' id='word_1_68' title='bbox 1400 1265 1420 1307; x_wconf 96' lang='lat' dir='ltr'>a</span> <span class='ocrx_word' id='word_1_69' title='bbox 1471 1243 1592 1325; x_wconf 90' lang='lat' dir='ltr'>pismo,</span> <span class='ocrx_word' id='word_1_70' title='bbox 1621 1241 1803 1324; x_wconf 90' lang='lat' dir='ltr'>intelligere</span> <span class='ocrx_word' id='word_1_71' title='bbox 1832 1242 1908 1306; x_wconf 92' lang='lat' dir='ltr'>licet</span> <span class='ocrx_word' id='word_1_72' title='bbox 1929 1239 2008 1323; x_wconf 91' lang='lat' dir='ltr'>quid</span> <span class='ocrx_word' id='word_1_73' title='bbox 2029 1241 2183 1306; x_wconf 87' lang='lat' dir='ltr'>ecclesiae</span> <span class='ocrx_word' id='word_1_74' title='bbox 2205 1241 2272 1304; x_wconf 93' lang='lat' dir='ltr'>illic</span> <span class='ocrx_word' id='word_1_75' title='bbox 2295 1244 2447 1323; x_wconf 80' lang='lat' dir='ltr'>supersit.</span> 
     </span>
     <span class='ocr_line' id='line_1_8' title="bbox 444 1325 2449 1421; baseline -0.004 -19"><span class='ocrx_word' id='word_1_76' title='bbox 444 1337 583 1421; x_wconf 90' lang='lat' dir='ltr'>publicis</span> <span class='ocrx_word' id='word_1_77' title='bbox 605 1335 806 1412; x_wconf 79' lang='lat' dir='ltr'>criminibus,</span> <span class='ocrx_word' id='word_1_78' title='bbox 828 1353 1005 1416; x_wconf 87' lang='lat' dir='ltr'>quaecum</span> <span class='ocrx_word' id='word_1_79' title='bbox 1027 1353 1147 1415; x_wconf 89' lang='lat' dir='ltr'>magno</span> <span class='ocrx_word' id='word_1_80' title='bbox 1169 1328 1362 1395; x_wconf 84' lang='lat' dir='ltr'>offendiculo</span> <span class='ocrx_word' id='word_1_81' title='bbox 1383 1330 1419 1392; x_wconf 93' lang='lat' dir='ltr'>in</span> <span class='ocrx_word' id='word_1_82' title='bbox 1471 1328 1538 1392; x_wconf 91' lang='lat' dir='ltr'>Pro</span> <span class='ocrx_word' id='word_1_83' title='bbox 1560 1328 1652 1393; x_wconf 87' lang='lat' dir='ltr'>verbi</span> <span class='ocrx_word' id='word_1_84' title='bbox 1672 1327 1855 1392; x_wconf 87' lang='lat' dir='ltr'>ministerio</span> <span class='ocrx_word' id='word_1_85' title='bbox 1877 1347 2031 1409; x_wconf 87' lang='lat' dir='ltr'>perversa</span> <span class='ocrx_word' id='word_1_86' title='bbox 2052 1335 2086 1390; x_wconf 93' lang='lat' dir='ltr'>et</span> <span class='ocrx_word' id='word_1_87' title='bbox 2106 1325 2449 1393; x_wconf 77' lang='lat' dir='ltr'>mendaciis-conflata</span> 
     </span>
     <span class='ocr_line' id='line_1_9' title="bbox 445 1412 2450 1504; baseline -0.005 -16"><span class='ocrx_word' id='word_1_88' title='bbox 445 1423 600 1488; x_wconf 88' lang='lat' dir='ltr'>eeclesiae</span> <span class='ocrx_word' id='word_1_89' title='bbox 622 1421 840 1504; x_wconf 89' lang='lat' dir='ltr'>cognitionem</span> <span class='ocrx_word' id='word_1_90' title='bbox 861 1418 1043 1483; x_wconf 87' lang='lat' dir='ltr'>veniebant.</span> <span class='ocrx_word' id='word_1_91' title='bbox 1089 1415 1183 1497; x_wconf 80' lang='lat' dir='ltr'>Quod</span> <span class='ocrx_word' id='word_1_92' title='bbox 1207 1424 1317 1481; x_wconf 90' lang='lat' dir='ltr'>autom</span> <span class='ocrx_word' id='word_1_93' title='bbox 1339 1415 1419 1479; x_wconf 87' lang='lat' dir='ltr'>adeo</span> <span class='ocrx_word' id='word_1_94' title='bbox 1470 1413 1539 1476; x_wconf 89' lang='lat' dir='ltr'>illic</span> <span class='ocrx_word' id='word_1_95' title='bbox 1561 1420 1678 1497; x_wconf 88' lang='lat' dir='ltr'>regnat</span> <span class='ocrx_word' id='word_1_96' title='bbox 1697 1412 1888 1495; x_wconf 69' lang='lat' dir='ltr'>palaestin</span> <span class='ocrx_word' id='word_1_97' title='bbox 1910 1434 1989 1494; x_wconf 81' lang='lat' dir='ltr'>quae</span> <span class='ocrx_word' id='word_1_98' title='bbox 2004 1433 2123 1494; x_wconf 79' lang='lat' dir='ltr'>parum</span> <span class='ocrx_word' id='word_1_99' title='bbox 2144 1412 2240 1477; x_wconf 81' lang='lat' dir='ltr'>lacem</span> <span class='ocrx_word' id='word_1_100' title='bbox 2255 1414 2374 1493; x_wconf 79' lang='lat' dir='ltr'>partim</span> <span class='ocrx_word' id='word_1_101' title='bbox 2397 1435 2450 1477; x_wconf 77' lang='lat' dir='ltr'>aa·</span> 
     </span>
     <span class='ocr_line' id='line_1_10' title="bbox 445 1498 2449 1589; baseline -0.005 -17"><span class='ocrx_word' id='word_1_102' title='bbox 445 1509 620 1573; x_wconf 89' lang='lat' dir='ltr'>difficulter</span> <span class='ocrx_word' id='word_1_103' title='bbox 647 1505 859 1589; x_wconf 80' lang='lat' dir='ltr'>ignoscebant</span> <span class='ocrx_word' id='word_1_104' title='bbox 886 1505 927 1567; x_wconf 90' lang='lat' dir='ltr'>iis</span> <span class='ocrx_word' id='word_1_105' title='bbox 955 1504 1011 1585; x_wconf 92' lang='lat' dir='ltr'>qui</span> <span class='ocrx_word' id='word_1_106' title='bbox 1039 1502 1175 1585; x_wconf 90' lang='lat' dir='ltr'>dignum</span> <span class='ocrx_word' id='word_1_107' title='bbox 1204 1501 1326 1584; x_wconf 89' lang='lat' dir='ltr'>aliquid</span> <span class='ocrx_word' id='word_1_108' title='bbox 1348 1501 1419 1564; x_wconf 93' lang='lat' dir='ltr'>ani-</span> <span class='ocrx_word' id='word_1_109' title='bbox 1471 1500 1615 1581; x_wconf 67' lang='lat' dir='ltr'>stiapuit,</span> <span class='ocrx_word' id='word_1_110' title='bbox 1636 1499 1759 1578; x_wconf 73' lang='lat' dir='ltr'>partim</span> <span class='ocrx_word' id='word_1_111' title='bbox 1785 1500 1923 1579; x_wconf 72' lang='lat' dir='ltr'>suffocat.</span> <span class='ocrx_word' id='word_1_112' title='bbox 1965 1498 2008 1562; x_wconf 95' lang='lat' dir='ltr'>In</span> <span class='ocrx_word' id='word_1_113' title='bbox 2036 1499 2142 1563; x_wconf 93' lang='lat' dir='ltr'>locum</span> <span class='ocrx_word' id='word_1_114' title='bbox 2171 1519 2291 1563; x_wconf 89' lang='lat' dir='ltr'>coenae</span> <span class='ocrx_word' id='word_1_115' title='bbox 2311 1500 2449 1563; x_wconf 89' lang='lat' dir='ltr'>Domini</span> 
     </span>
     <span class='ocr_line' id='line_1_11' title="bbox 444 1583 2449 1672; baseline -0.005 -13"><span class='ocrx_word' id='word_1_116' title='bbox 444 1592 673 1659; x_wconf 85' lang='lat' dir='ltr'>madversione</span> <span class='ocrx_word' id='word_1_117' title='bbox 709 1591 925 1656; x_wconf 84' lang='lat' dir='ltr'>ecclesiastica</span> <span class='ocrx_word' id='word_1_118' title='bbox 958 1595 1206 1672; x_wconf 88' lang='lat' dir='ltr'>perpetrarant,</span> <span class='ocrx_word' id='word_1_119' title='bbox 1247 1608 1313 1650; x_wconf 94' lang='lat' dir='ltr'>non</span> <span class='ocrx_word' id='word_1_120' title='bbox 1347 1584 1420 1650; x_wconf 92' lang='lat' dir='ltr'>ideo</span> <span class='ocrx_word' id='word_1_121' title='bbox 1472 1585 1694 1649; x_wconf 85' lang='lat' dir='ltr'>foedissimum</span> <span class='ocrx_word' id='word_1_122' title='bbox 1726 1584 1933 1667; x_wconf 88' lang='lat' dir='ltr'>sacrilegium</span> <span class='ocrx_word' id='word_1_123' title='bbox 1966 1583 2072 1649; x_wconf 90' lang='lat' dir='ltr'>subiit.</span> <span class='ocrx_word' id='word_1_124' title='bbox 2118 1583 2236 1649; x_wconf 77' lang='lat' dir='ltr'>Cultus</span> <span class='ocrx_word' id='word_1_125' title='bbox 2265 1585 2328 1647; x_wconf 92' lang='lat' dir='ltr'>Dei</span> <span class='ocrx_word' id='word_1_126' title='bbox 2355 1587 2449 1649; x_wconf 87' lang='lat' dir='ltr'>varia</span> 
     </span>
     <span class='ocr_line' id='line_1_12' title="bbox 445 1669 2447 1760; baseline -0.005 -16"><span class='ocrx_word' id='word_1_127' title='bbox 445 1680 546 1744; x_wconf 87' lang='lat' dir='ltr'>fiebat</span> <span class='ocrx_word' id='word_1_128' title='bbox 572 1676 655 1760; x_wconf 90' lang='lat' dir='ltr'>quod</span> <span class='ocrx_word' id='word_1_129' title='bbox 683 1676 848 1740; x_wconf 89' lang='lat' dir='ltr'>difficilem</span> <span class='ocrx_word' id='word_1_130' title='bbox 874 1675 939 1739; x_wconf 91' lang='lat' dir='ltr'>illis</span> <span class='ocrx_word' id='word_1_131' title='bbox 967 1672 1055 1757; x_wconf 91' lang='lat' dir='ltr'>apud</span> <span class='ocrx_word' id='word_1_132' title='bbox 1082 1674 1262 1738; x_wconf 89' lang='lat' dir='ltr'>Dominum</span> <span class='ocrx_word' id='word_1_133' title='bbox 1289 1673 1421 1750; x_wconf 84' lang='lat' dir='ltr'>reniam</span> <span class='ocrx_word' id='word_1_134' title='bbox 1473 1679 1507 1735; x_wconf 91' lang='lat' dir='ltr'>et</span> <span class='ocrx_word' id='word_1_135' title='bbox 1532 1692 1599 1735; x_wconf 92' lang='lat' dir='ltr'>non</span> <span class='ocrx_word' id='word_1_136' title='bbox 1618 1669 1754 1735; x_wconf 85' lang='lat' dir='ltr'>ferenda</span> <span class='ocrx_word' id='word_1_137' title='bbox 1775 1670 2042 1752; x_wconf 82' lang='lat' dir='ltr'>superstitionum</span> <span class='ocrx_word' id='word_1_138' title='bbox 2064 1670 2215 1753; x_wconf 89' lang='lat' dir='ltr'>congerie</span> <span class='ocrx_word' id='word_1_139' title='bbox 2238 1669 2447 1734; x_wconf 83' lang='lat' dir='ltr'>deformatus</span> 
     </span>
     <span class='ocr_line' id='line_1_13' title="bbox 446 1755 2446 1847; baseline -0.005 -18"><span class='ocrx_word' id='word_1_140' title='bbox 446 1773 614 1847; x_wconf 89' lang='lat' dir='ltr'>putarent;</span> <span class='ocrx_word' id='word_1_141' title='bbox 638 1761 693 1828; x_wconf 89' lang='lat' dir='ltr'>scd</span> <span class='ocrx_word' id='word_1_142' title='bbox 713 1761 774 1826; x_wconf 88' lang='lat' dir='ltr'>hac</span> <span class='ocrx_word' id='word_1_143' title='bbox 792 1764 965 1826; x_wconf 85' lang='lat' dir='ltr'>severitate</span> <span class='ocrx_word' id='word_1_144' title='bbox 982 1761 1137 1825; x_wconf 86' lang='lat' dir='ltr'>volebant</span> <span class='ocrx_word' id='word_1_145' title='bbox 1155 1758 1234 1823; x_wconf 93' lang='lat' dir='ltr'>alios</span> <span class='ocrx_word' id='word_1_146' title='bbox 1256 1758 1420 1822; x_wconf 86' lang='lat' dir='ltr'>deterrere</span> <span class='ocrx_word' id='word_1_147' title='bbox 1474 1756 1645 1834; x_wconf 90' lang='lat' dir='ltr'>Doctrina,</span> <span class='ocrx_word' id='word_1_148' title='bbox 1680 1756 1763 1820; x_wconf 89' lang='lat' dir='ltr'>citra</span> <span class='ocrx_word' id='word_1_149' title='bbox 1794 1776 1891 1837; x_wconf 89' lang='lat' dir='ltr'>quam</span> <span class='ocrx_word' id='word_1_150' title='bbox 1925 1755 2185 1820; x_wconf 76' lang='lat' dir='ltr'>christianismus</span> <span class='ocrx_word' id='word_1_151' title='bbox 2215 1776 2282 1819; x_wconf 94' lang='lat' dir='ltr'>non</span> <span class='ocrx_word' id='word_1_152' title='bbox 2310 1766 2446 1833; x_wconf 88' lang='lat' dir='ltr'>constat,</span> 
     </span>
     <span class='ocr_line' id='line_1_14' title="bbox 446 1840 2449 1930; baseline -0.004 -16"><span class='ocrx_word' id='word_1_153' title='bbox 446 1871 488 1914; x_wconf 94' lang='lat' dir='ltr'>ne</span> <span class='ocrx_word' id='word_1_154' title='bbox 508 1858 629 1913; x_wconf 90' lang='lat' dir='ltr'>temere</span> <span class='ocrx_word' id='word_1_155' title='bbox 650 1853 845 1930; x_wconf 90' lang='lat' dir='ltr'>proruerent</span> <span class='ocrx_word' id='word_1_156' title='bbox 867 1848 902 1910; x_wconf 92' lang='lat' dir='ltr'>in</span> <span class='ocrx_word' id='word_1_157' title='bbox 923 1847 1057 1929; x_wconf 88' lang='lat' dir='ltr'>flagitia,</span> <span class='ocrx_word' id='word_1_158' title='bbox 1080 1865 1219 1927; x_wconf 91' lang='lat' dir='ltr'>quorum</span> <span class='ocrx_word' id='word_1_159' title='bbox 1240 1845 1357 1907; x_wconf 87' lang='lat' dir='ltr'>merito</span> <span class='ocrx_word' id='word_1_160' title='bbox 1380 1842 1421 1906; x_wconf 92' lang='lat' dir='ltr'>ab</span> <span class='ocrx_word' id='word_1_161' title='bbox 1473 1849 1541 1905; x_wconf 88' lang='lat' dir='ltr'>tota</span> <span class='ocrx_word' id='word_1_162' title='bbox 1562 1842 1690 1924; x_wconf 89' lang='lat' dir='ltr'>sepulta</span> <span class='ocrx_word' id='word_1_163' title='bbox 1711 1850 1744 1905; x_wconf 91' lang='lat' dir='ltr'>et</span> <span class='ocrx_word' id='word_1_164' title='bbox 1765 1841 1906 1922; x_wconf 80' lang='lat' dir='ltr'>explosa.</span> <span class='ocrx_word' id='word_1_165' title='bbox 1950 1840 2079 1905; x_wconf 92' lang='lat' dir='ltr'>Publici</span> <span class='ocrx_word' id='word_1_166' title='bbox 2100 1850 2290 1920; x_wconf 89' lang='lat' dir='ltr'>conventus,</span> <span class='ocrx_word' id='word_1_167' title='bbox 2313 1840 2449 1905; x_wconf 84' lang='lat' dir='ltr'>idolola-</span> 
     </span>
     <span class='ocr_line' id='line_1_15' title="bbox 446 1925 2448 2012; baseline -0.004 -13"><span class='ocrx_word' id='word_1_168' title='bbox 446 1935 599 2000; x_wconf 86' lang='lat' dir='ltr'>ecclesiae</span> <span class='ocrx_word' id='word_1_169' title='bbox 620 1933 847 1998; x_wconf 89' lang='lat' dir='ltr'>communione</span> <span class='ocrx_word' id='word_1_170' title='bbox 866 1932 1097 1996; x_wconf 86' lang='lat' dir='ltr'>alienarentur.</span> <span class='ocrx_word' id='word_1_171' title='bbox 1133 1929 1330 2012; x_wconf 80' lang='lat' dir='ltr'>Quanquam</span> <span class='ocrx_word' id='word_1_172' title='bbox 1347 1950 1421 1993; x_wconf 83' lang='lat' dir='ltr'>ver·</span> <span class='ocrx_word' id='word_1_173' title='bbox 1473 1928 1556 1991; x_wconf 88' lang='lat' dir='ltr'>triae</span> <span class='ocrx_word' id='word_1_174' title='bbox 1578 1936 1611 1990; x_wconf 90' lang='lat' dir='ltr'>et</span> <span class='ocrx_word' id='word_1_175' title='bbox 1631 1927 1808 2010; x_wconf 87' lang='lat' dir='ltr'>impietatis</span> <span class='ocrx_word' id='word_1_176' title='bbox 1831 1926 1967 1991; x_wconf 90' lang='lat' dir='ltr'>scholae.</span> <span class='ocrx_word' id='word_1_177' title='bbox 2005 1925 2116 2006; x_wconf 78' lang='lat' dir='ltr'>Quare</span> <span class='ocrx_word' id='word_1_178' title='bbox 2139 1927 2269 1990; x_wconf 93' lang='lat' dir='ltr'>nullum</span> <span class='ocrx_word' id='word_1_179' title='bbox 2290 1936 2341 1992; x_wconf 91' lang='lat' dir='ltr'>est</span> <span class='ocrx_word' id='word_1_180' title='bbox 2362 1930 2448 2009; x_wconf 91' lang='lat' dir='ltr'>peri·</span> 
     </span>
     <span class='ocr_line' id='line_1_16' title="bbox 446 2012 2447 2100; baseline -0.004 -15"><span class='ocrx_word' id='word_1_181' title='bbox 446 2021 525 2085; x_wconf 92' lang='lat' dir='ltr'>bum</span> <span class='ocrx_word' id='word_1_182' title='bbox 547 2018 692 2096; x_wconf 87' lang='lat' dir='ltr'>Domini,</span> <span class='ocrx_word' id='word_1_183' title='bbox 716 2018 803 2100; x_wconf 94' lang='lat' dir='ltr'>quod</span> <span class='ocrx_word' id='word_1_184' title='bbox 825 2017 879 2083; x_wconf 91' lang='lat' dir='ltr'>hio</span> <span class='ocrx_word' id='word_1_185' title='bbox 900 2038 960 2100; x_wconf 91' lang='lat' dir='ltr'>pro</span> <span class='ocrx_word' id='word_1_186' title='bbox 982 2017 1079 2081; x_wconf 89' lang='lat' dir='ltr'>unica</span> <span class='ocrx_word' id='word_1_187' title='bbox 1100 2015 1214 2100; x_wconf 85' lang='lat' dir='ltr'>regula</span> <span class='ocrx_word' id='word_1_188' title='bbox 1235 2015 1329 2079; x_wconf 91' lang='lat' dir='ltr'>nobis</span> <span class='ocrx_word' id='word_1_189' title='bbox 1352 2034 1421 2078; x_wconf 88' lang='lat' dir='ltr'>esse</span> <span class='ocrx_word' id='word_1_190' title='bbox 1474 2012 1598 2091; x_wconf 92' lang='lat' dir='ltr'>culum,</span> <span class='ocrx_word' id='word_1_191' title='bbox 1620 2034 1663 2077; x_wconf 94' lang='lat' dir='ltr'>ne</span> <span class='ocrx_word' id='word_1_192' title='bbox 1686 2013 1726 2076; x_wconf 93' lang='lat' dir='ltr'>ab</span> <span class='ocrx_word' id='word_1_193' title='bbox 1748 2012 1872 2077; x_wconf 81' lang='lat' dir='ltr'>exitiali</span> <span class='ocrx_word' id='word_1_194' title='bbox 1899 2020 1949 2076; x_wconf 87' lang='lat' dir='ltr'>tot</span> <span class='ocrx_word' id='word_1_195' title='bbox 1974 2013 2173 2095; x_wconf 90' lang='lat' dir='ltr'>flagitiorum</span> <span class='ocrx_word' id='word_1_196' title='bbox 2194 2013 2369 2094; x_wconf 84' lang='lat' dir='ltr'>partitione</span> <span class='ocrx_word' id='word_1_197' title='bbox 2393 2013 2447 2077; x_wconf 92' lang='lat' dir='ltr'>de-</span> 
     </span>
     <span class='ocr_line' id='line_1_17' title="bbox 446 2097 2449 2183; baseline -0.003 -15"><span class='ocrx_word' id='word_1_198' title='bbox 446 2103 550 2183; x_wconf 85' lang='lat' dir='ltr'>debat,</span> <span class='ocrx_word' id='word_1_199' title='bbox 572 2104 729 2169; x_wconf 89' lang='lat' dir='ltr'>maiorem</span> <span class='ocrx_word' id='word_1_200' title='bbox 751 2111 839 2168; x_wconf 86' lang='lat' dir='ltr'>certe</span> <span class='ocrx_word' id='word_1_201' title='bbox 860 2103 1116 2167; x_wconf 88' lang='lat' dir='ltr'>moderationem</span> <span class='ocrx_word' id='word_1_202' title='bbox 1134 2101 1334 2183; x_wconf 90' lang='lat' dir='ltr'>praescribit.</span> <span class='ocrx_word' id='word_1_203' title='bbox 1368 2098 1422 2164; x_wconf 83' lang='lat' dir='ltr'>Si·</span> <span class='ocrx_word' id='word_1_204' title='bbox 1474 2098 1639 2163; x_wconf 86' lang='lat' dir='ltr'>sciscendo</span> <span class='ocrx_word' id='word_1_205' title='bbox 1661 2097 1702 2163; x_wconf 91' lang='lat' dir='ltr'>ab</span> <span class='ocrx_word' id='word_1_206' title='bbox 1724 2099 1860 2163; x_wconf 88' lang='lat' dir='ltr'>ecclesia</span> <span class='ocrx_word' id='word_1_207' title='bbox 1881 2097 2005 2163; x_wconf 80' lang='lat' dir='ltr'>Christi</span> <span class='ocrx_word' id='word_1_208' title='bbox 2034 2097 2237 2163; x_wconf 81' lang='lat' dir='ltr'>divellamur.</span> <span class='ocrx_word' id='word_1_209' title='bbox 2282 2099 2449 2163; x_wconf 86' lang='lat' dir='ltr'>Ecclesiae</span> 
     </span>
     <span class='ocr_line' id='line_1_18' title="bbox 445 2184 2450 2273; baseline -0.003 -18"><span class='ocrx_word' id='word_1_210' title='bbox 445 2188 576 2273; x_wconf 92' lang='lat' dir='ltr'>quidem</span> <span class='ocrx_word' id='word_1_211' title='bbox 599 2210 742 2271; x_wconf 89' lang='lat' dir='ltr'>eousque</span> <span class='ocrx_word' id='word_1_212' title='bbox 765 2187 1000 2253; x_wconf 92' lang='lat' dir='ltr'>intendendum</span> <span class='ocrx_word' id='word_1_213' title='bbox 1018 2187 1111 2252; x_wconf 91' lang='lat' dir='ltr'>docet</span> <span class='ocrx_word' id='word_1_214' title='bbox 1129 2184 1318 2268; x_wconf 87' lang='lat' dir='ltr'>disciplinae</span> <span class='ocrx_word' id='word_1_215' title='bbox 1335 2186 1422 2268; x_wconf 86' lang='lat' dir='ltr'>rigo·</span> <span class='ocrx_word' id='word_1_216' title='bbox 1474 2185 1659 2248; x_wconf 88' lang='lat' dir='ltr'>communio</span> <span class='ocrx_word' id='word_1_217' title='bbox 1675 2205 1742 2248; x_wconf 91' lang='lat' dir='ltr'>non</span> <span class='ocrx_word' id='word_1_218' title='bbox 1762 2206 1801 2248; x_wconf 93' lang='lat' dir='ltr'>ea</span> <span class='ocrx_word' id='word_1_219' title='bbox 1820 2184 1892 2267; x_wconf 88' lang='lat' dir='ltr'>lege</span> <span class='ocrx_word' id='word_1_220' title='bbox 1913 2184 2065 2249; x_wconf 89' lang='lat' dir='ltr'>instituta</span> <span class='ocrx_word' id='word_1_221' title='bbox 2087 2191 2137 2248; x_wconf 89' lang='lat' dir='ltr'>est</span> <span class='ocrx_word' id='word_1_222' title='bbox 2158 2191 2196 2247; x_wconf 93' lang='lat' dir='ltr'>ut</span> <span class='ocrx_word' id='word_1_223' title='bbox 2217 2184 2383 2248; x_wconf 84' lang='lat' dir='ltr'>vinculum</span> <span class='ocrx_word' id='word_1_224' title='bbox 2405 2185 2450 2249; x_wconf 89' lang='lat' dir='ltr'>sit</span> 
     </span>
     <span class='ocr_line' id='line_1_19' title="bbox 445 2268 2449 2355; baseline -0.003 -15"><span class='ocrx_word' id='word_1_225' title='bbox 445 2297 525 2353; x_wconf 89' lang='lat' dir='ltr'>rem,</span> <span class='ocrx_word' id='word_1_226' title='bbox 548 2297 590 2340; x_wconf 93' lang='lat' dir='ltr'>ne</span> <span class='ocrx_word' id='word_1_227' title='bbox 607 2275 819 2340; x_wconf 89' lang='lat' dir='ltr'>absorbeatur</span> <span class='ocrx_word' id='word_1_228' title='bbox 836 2296 856 2338; x_wconf 99' lang='lat' dir='ltr'>a</span> <span class='ocrx_word' id='word_1_229' title='bbox 873 2274 1007 2338; x_wconf 87' lang='lat' dir='ltr'>tristitia</span> <span class='ocrx_word' id='word_1_230' title='bbox 1028 2275 1057 2337; x_wconf 90' lang='lat' dir='ltr'>is</span> <span class='ocrx_word' id='word_1_231' title='bbox 1079 2273 1131 2338; x_wconf 91' lang='lat' dir='ltr'>cui</span> <span class='ocrx_word' id='word_1_232' title='bbox 1152 2271 1325 2355; x_wconf 90' lang='lat' dir='ltr'>praecipue</span> <span class='ocrx_word' id='word_1_233' title='bbox 1345 2291 1421 2336; x_wconf 93' lang='lat' dir='ltr'>con-</span> <span class='ocrx_word' id='word_1_234' title='bbox 1475 2289 1539 2350; x_wconf 91' lang='lat' dir='ltr'>quo</span> <span class='ocrx_word' id='word_1_235' title='bbox 1565 2268 1761 2348; x_wconf 88' lang='lat' dir='ltr'>idololatria,</span> <span class='ocrx_word' id='word_1_236' title='bbox 1795 2270 1978 2352; x_wconf 86' lang='lat' dir='ltr'>impietate,</span> <span class='ocrx_word' id='word_1_237' title='bbox 2007 2269 2195 2353; x_wconf 83' lang='lat' dir='ltr'>ignorantia</span> <span class='ocrx_word' id='word_1_238' title='bbox 2222 2270 2286 2334; x_wconf 88' lang='lat' dir='ltr'>Dei</span> <span class='ocrx_word' id='word_1_239' title='bbox 2314 2269 2449 2352; x_wconf 87' lang='lat' dir='ltr'>aliisque</span> 
     </span>
     <span class='ocr_line' id='line_1_20' title="bbox 445 2354 2448 2442; baseline -0.004 -15"><span class='ocrx_word' id='word_1_240' title='bbox 445 2362 569 2427; x_wconf 92' lang='lat' dir='ltr'>sultum</span> <span class='ocrx_word' id='word_1_241' title='bbox 592 2368 732 2442; x_wconf 91' lang='lat' dir='ltr'>oportet:</span> <span class='ocrx_word' id='word_1_242' title='bbox 757 2366 794 2422; x_wconf 95' lang='lat' dir='ltr'>ut</span> <span class='ocrx_word' id='word_1_243' title='bbox 815 2359 920 2423; x_wconf 71' lang='lat' dir='ltr'>insius</span> <span class='ocrx_word' id='word_1_244' title='bbox 941 2381 1043 2442; x_wconf 87' lang='lat' dir='ltr'>supra</span> <span class='ocrx_word' id='word_1_245' title='bbox 1064 2358 1284 2422; x_wconf 90' lang='lat' dir='ltr'>disseruimus.</span> <span class='ocrx_word' id='word_1_246' title='bbox 1475 2354 1636 2419; x_wconf 89' lang='lat' dir='ltr'>malorum</span> <span class='ocrx_word' id='word_1_247' title='bbox 1658 2356 1833 2438; x_wconf 89' lang='lat' dir='ltr'>generibus</span> <span class='ocrx_word' id='word_1_248' title='bbox 1854 2355 2058 2435; x_wconf 82' lang='lat' dir='ltr'>irretiamur3</span> <span class='ocrx_word' id='word_1_249' title='bbox 2086 2355 2142 2419; x_wconf 90' lang='lat' dir='ltr'>sed</span> <span class='ocrx_word' id='word_1_250' title='bbox 2169 2357 2292 2436; x_wconf 89' lang='lat' dir='ltr'>potius,</span> <span class='ocrx_word' id='word_1_251' title='bbox 2322 2376 2387 2437; x_wconf 94' lang='lat' dir='ltr'>quo</span> <span class='ocrx_word' id='word_1_252' title='bbox 2414 2357 2448 2419; x_wconf 92' lang='lat' dir='ltr'>in</span> 
     </span>
     <span class='ocr_line' id='line_1_21' title="bbox 527 2439 2449 2525; baseline 0.003 -25"><span class='ocrx_word' id='word_1_253' title='bbox 527 2443 530 2471; x_wconf 85' lang='lat'><strong>¹</strong></span> <span class='ocrx_word' id='word_1_254' title='bbox 1474 2440 1591 2505; x_wconf 90' lang='lat' dir='ltr'>timore</span> <span class='ocrx_word' id='word_1_255' title='bbox 1609 2439 1673 2504; x_wconf 93' lang='lat' dir='ltr'>Dei</span> <span class='ocrx_word' id='word_1_256' title='bbox 1692 2452 1725 2504; x_wconf 92' lang='lat' dir='ltr'>ot</span> <span class='ocrx_word' id='word_1_257' title='bbox 1743 2441 1890 2505; x_wconf 87' lang='lat' dir='ltr'>veritatis</span> <span class='ocrx_word' id='word_1_258' title='bbox 1907 2439 2090 2506; x_wconf 90' lang='lat' dir='ltr'>obedientia</span> <span class='ocrx_word' id='word_1_259' title='bbox 2106 2442 2316 2505; x_wconf 89' lang='lat' dir='ltr'>retineamur.</span> <span class='ocrx_word' id='word_1_260' title='bbox 2353 2442 2449 2525; x_wconf 88' lang='lat' dir='ltr'>Mag·</span> 
     </span>
     <span class='ocr_line' id='line_1_22' title="bbox 1474 2525 2535 2608; baseline 0.002 -19"><span class='ocrx_word' id='word_1_261' title='bbox 1474 2527 1569 2590; x_wconf 94' lang='lat' dir='ltr'>nifice</span> <span class='ocrx_word' id='word_1_262' title='bbox 1585 2525 1633 2589; x_wconf 89' lang='lat' dir='ltr'>illi</span> <span class='ocrx_word' id='word_1_263' title='bbox 1650 2525 1782 2608; x_wconf 91' lang='lat' dir='ltr'>quidem</span> <span class='ocrx_word' id='word_1_264' title='bbox 1799 2547 1893 2591; x_wconf 86' lang='lat' dir='ltr'>suam</span> <span class='ocrx_word' id='word_1_265' title='bbox 1910 2526 2003 2591; x_wconf 94' lang='lat' dir='ltr'>nobis</span> <span class='ocrx_word' id='word_1_266' title='bbox 2021 2527 2191 2592; x_wconf 90' lang='lat' dir='ltr'>ecclesiam</span> <span class='ocrx_word' id='word_1_267' title='bbox 2209 2527 2448 2605; x_wconf 77' lang='lat' dir='ltr'>commendant,</span> <span class='ocrx_word' id='word_1_268' title='bbox 2533 2533 2535 2536; x_wconf 80' lang='grc'><strong>’</strong></span> 
     </span>
     <span class='ocr_line' id='line_1_23' title="bbox 1474 2610 2449 2695; baseline 0.002 -20"><span class='ocrx_word' id='word_1_269' title='bbox 1474 2632 1516 2675; x_wconf 91' lang='lat' dir='ltr'>ne</span> <span class='ocrx_word' id='word_1_270' title='bbox 1537 2632 1603 2692; x_wconf 92' lang='lat' dir='ltr'>qua</span> <span class='ocrx_word' id='word_1_271' title='bbox 1624 2611 1689 2676; x_wconf 88' lang='lat' dir='ltr'>alia</span> <span class='ocrx_word' id='word_1_272' title='bbox 1711 2613 1746 2676; x_wconf 91' lang='lat' dir='ltr'>in</span> <span class='ocrx_word' id='word_1_273' title='bbox 1767 2611 1891 2676; x_wconf 93' lang='lat' dir='ltr'>mundo</span> <span class='ocrx_word' id='word_1_274' title='bbox 1913 2632 1984 2677; x_wconf 86' lang='lat' dir='ltr'>esse</span> <span class='ocrx_word' id='word_1_275' title='bbox 2005 2610 2172 2691; x_wconf 64' lang='lat' dir='ltr'>viduatum</span> <span class='ocrx_word' id='word_1_276' title='bbox 2200 2620 2326 2695; x_wconf 88' lang='lat' dir='ltr'>postea,</span> <span class='ocrx_word' id='word_1_277' title='bbox 2357 2613 2449 2694; x_wconf 92' lang='lat' dir='ltr'>quasi</span> 
     </span>
     <span class='ocr_line' id='line_1_24' title="bbox 1475 2697 2449 2781; baseline 0.002 -20"><span class='ocrx_word' id='word_1_278' title='bbox 1475 2718 1510 2761; x_wconf 91' lang='lat' dir='ltr'>re</span> <span class='ocrx_word' id='word_1_279' title='bbox 1528 2697 1681 2774; x_wconf 82' lang='lat' dir='ltr'>confecta,</span> <span class='ocrx_word' id='word_1_280' title='bbox 1704 2718 1816 2763; x_wconf 91' lang='lat' dir='ltr'>omnes</span> <span class='ocrx_word' id='word_1_281' title='bbox 1834 2697 2058 2763; x_wconf 84' lang='lat' dir='ltr'>schismaticos</span> <span class='ocrx_word' id='word_1_282' title='bbox 2076 2718 2147 2762; x_wconf 88' lang='lat' dir='ltr'>esse</span> <span class='ocrx_word' id='word_1_283' title='bbox 2169 2699 2380 2776; x_wconf 91' lang='lat' dir='ltr'>constituunt,</span> <span class='ocrx_word' id='word_1_284' title='bbox 2393 2699 2449 2781; x_wconf 91' lang='lat' dir='ltr'>qui</span> 
     </span>
     <span class='ocr_line' id='line_1_25' title="bbox 1474 2781 2451 2866; baseline 0.002 -19"><span class='ocrx_word' id='word_1_285' title='bbox 1474 2781 1516 2847; x_wconf 88' lang='lat' dir='ltr'>ab</span> <span class='ocrx_word' id='word_1_286' title='bbox 1533 2783 1603 2847; x_wconf 90' lang='lat' dir='ltr'>eius</span> <span class='ocrx_word' id='word_1_287' title='bbox 1619 2804 1719 2864; x_wconf 90' lang='lat' dir='ltr'>quam</span> <span class='ocrx_word' id='word_1_288' title='bbox 1735 2783 1879 2866; x_wconf 91' lang='lat' dir='ltr'>pingunt</span> <span class='ocrx_word' id='word_1_289' title='bbox 1895 2783 2049 2850; x_wconf 88' lang='lat' dir='ltr'>ecclesiae</span> <span class='ocrx_word' id='word_1_290' title='bbox 2066 2782 2250 2848; x_wconf 91' lang='lat' dir='ltr'>obedientia</span> <span class='ocrx_word' id='word_1_291' title='bbox 2270 2784 2451 2849; x_wconf 88' lang='lat' dir='ltr'>subducere</span> 
     </span>
     <span class='ocr_line' id='line_1_26' title="bbox 1475 2869 2449 2951; baseline 0.002 -19"><span class='ocrx_word' id='word_1_292' title='bbox 1475 2889 1525 2945; x_wconf 93' lang='lat' dir='ltr'>se,</span> <span class='ocrx_word' id='word_1_293' title='bbox 1558 2888 1672 2933; x_wconf 92' lang='lat' dir='ltr'>omnes</span> <span class='ocrx_word' id='word_1_294' title='bbox 1703 2869 1898 2947; x_wconf 89' lang='lat' dir='ltr'>haereticos,</span> <span class='ocrx_word' id='word_1_295' title='bbox 1931 2869 1988 2951; x_wconf 91' lang='lat' dir='ltr'>qui</span> <span class='ocrx_word' id='word_1_296' title='bbox 2019 2877 2136 2934; x_wconf 90' lang='lat' dir='ltr'>contra</span> <span class='ocrx_word' id='word_1_297' title='bbox 2168 2871 2237 2934; x_wconf 90' lang='lat' dir='ltr'>eius</span> <span class='ocrx_word' id='word_1_298' title='bbox 2267 2869 2449 2934; x_wconf 90' lang='lat' dir='ltr'>doctrinam</span> 
     </span>
    </p>
   </div>
   <div class='ocr_carea' id='block_1_4' title="bbox 474 2647 1405 2902">
    <p class='ocr_par' dir='ltr' id='par_1_4' title="bbox 474 2647 1405 2902">
     <span class='ocr_line' id='line_1_27' title="bbox 806 2647 1064 2732; baseline -0.008 -18"><span class='ocrx_word' id='word_1_299' title='bbox 806 2648 958 2714; x_wconf 76' lang='lat' dir='ltr'>onrur</span> <span class='ocrx_word' id='word_1_300' title='bbox 979 2648 1023 2713; x_wconf 87' lang='lat'>11.</span> <span class='ocrx_word' id='word_1_301' title='bbox 1039 2647 1064 2732; x_wconf 83' lang='grc' dir='ltr'>ι)</span> 
     </span>
     <span class='ocr_line' id='line_1_28' title="bbox 474 2789 1405 2902; baseline -0.005 -28"><span class='ocrx_word' id='word_1_302' title='bbox 474 2790 742 2902; x_wconf 78' lang='lat' dir='ltr'>Comparatio</span> <span class='ocrx_word' id='word_1_303' title='bbox 773 2790 905 2871; x_wconf 86' lang='lat' dir='ltr'>falsae</span> <span class='ocrx_word' id='word_1_304' title='bbox 937 2789 1136 2872; x_wconf 89' lang='lat' dir='ltr'>ecclesiae</span> <span class='ocrx_word' id='word_1_305' title='bbox 1169 2819 1264 2871; x_wconf 91' lang='lat' dir='ltr'>cum</span> <span class='ocrx_word' id='word_1_306' title='bbox 1295 2817 1405 2871; x_wconf 86' lang='lat' dir='ltr'>vera.</span> 
     </span>
    </p>
   </div>
   <div class='ocr_carea' id='block_1_5' title="bbox 409 2954 1425 5431">
    <p class='ocr_par' dir='ltr' id='par_1_5' title="bbox 409 2954 1425 5431">
     <span class='ocr_line' id='line_1_29' title="bbox 535 2954 1422 3038; baseline 0 -20"><span class='ocrx_word' id='word_1_307' title='bbox 535 2961 561 3019; x_wconf 95' lang='grc'>1.</span> <span class='ocrx_word' id='word_1_308' title='bbox 606 2955 731 3035; x_wconf 79' lang='lat' dir='ltr'>Quanti</span> <span class='ocrx_word' id='word_1_309' title='bbox 766 2954 853 3038; x_wconf 91' lang='lat' dir='ltr'>apud</span> <span class='ocrx_word' id='word_1_310' title='bbox 892 2975 952 3019; x_wconf 91' lang='lat' dir='ltr'>nos</span> <span class='ocrx_word' id='word_1_311' title='bbox 983 2955 1093 3019; x_wconf 84' lang='lat' dir='ltr'>valere</span> <span class='ocrx_word' id='word_1_312' title='bbox 1126 2955 1219 3020; x_wconf 82' lang='lat' dir='ltr'>verbi</span> <span class='ocrx_word' id='word_1_313' title='bbox 1250 2964 1284 3018; x_wconf 89' lang='lat' dir='ltr'>et</span> <span class='ocrx_word' id='word_1_314' title='bbox 1315 2975 1422 3020; x_wconf 88' lang='lat' dir='ltr'>saera·</span> 
     </span>
     <span class='ocr_line' id='line_1_30' title="bbox 446 3039 1423 3123; baseline -0.001 -16"><span class='ocrx_word' id='word_1_315' title='bbox 446 3051 632 3107; x_wconf 91' lang='lat' dir='ltr'>mentorum</span> <span class='ocrx_word' id='word_1_316' title='bbox 653 3041 886 3116; x_wconf 89' lang='lat' dir='ltr'>ministerium,</span> <span class='ocrx_word' id='word_1_317' title='bbox 914 3046 948 3103; x_wconf 91' lang='lat' dir='ltr'>et</span> <span class='ocrx_word' id='word_1_318' title='bbox 968 3060 1134 3122; x_wconf 89' lang='lat' dir='ltr'>quousque</span> <span class='ocrx_word' id='word_1_319' title='bbox 1156 3039 1330 3123; x_wconf 90' lang='lat' dir='ltr'>procedere</span> <span class='ocrx_word' id='word_1_320' title='bbox 1352 3042 1423 3106; x_wconf 90' lang='lat' dir='ltr'>eius</span> 
     </span>
     <span class='ocr_line' id='line_1_31' title="bbox 446 3126 1424 3208; baseline -0.001 -16"><span class='ocrx_word' id='word_1_321' title='bbox 446 3127 631 3192; x_wconf 87' lang='lat' dir='ltr'>reverentia</span> <span class='ocrx_word' id='word_1_322' title='bbox 663 3126 799 3203; x_wconf 89' lang='lat' dir='ltr'>debeat,</span> <span class='ocrx_word' id='word_1_323' title='bbox 836 3132 875 3189; x_wconf 94' lang='lat' dir='ltr'>ut</span> <span class='ocrx_word' id='word_1_324' title='bbox 907 3126 951 3191; x_wconf 92' lang='lat' dir='ltr'>sit</span> <span class='ocrx_word' id='word_1_325' title='bbox 984 3126 1078 3191; x_wconf 91' lang='lat' dir='ltr'>nobis</span> <span class='ocrx_word' id='word_1_326' title='bbox 1110 3132 1269 3208; x_wconf 90' lang='lat' dir='ltr'>perpetua</span> <span class='ocrx_word' id='word_1_327' title='bbox 1301 3133 1424 3191; x_wconf 89' lang='lat' dir='ltr'>tessera</span> 
     </span>
     <span class='ocr_line' id='line_1_32' title="bbox 445 3210 1424 3296; baseline -0.002 -19"><span class='ocrx_word' id='word_1_328' title='bbox 445 3210 685 3296; x_wconf 87' lang='lat' dir='ltr'>dignoscendae</span> <span class='ocrx_word' id='word_1_329' title='bbox 723 3211 896 3290; x_wconf 86' lang='lat' dir='ltr'>ecelesiae,</span> <span class='ocrx_word' id='word_1_330' title='bbox 941 3210 1139 3294; x_wconf 82' lang='lat' dir='ltr'>explicatum</span> <span class='ocrx_word' id='word_1_331' title='bbox 1183 3221 1240 3277; x_wconf 90' lang='lat' dir='ltr'>est</span> <span class='ocrx_word' id='word_1_332' title='bbox 1295 3211 1424 3295; x_wconf 91' lang='lat' dir='ltr'>Nempe</span> 
     </span>
     <span class='ocr_line' id='line_1_33' title="bbox 445 3296 1423 3381; baseline -0.001 -18"><span class='ocrx_word' id='word_1_333' title='bbox 445 3299 632 3380; x_wconf 87' lang='lat' dir='ltr'>ubicunque</span> <span class='ocrx_word' id='word_1_334' title='bbox 654 3298 820 3381; x_wconf 91' lang='lat' dir='ltr'>integrum</span> <span class='ocrx_word' id='word_1_335' title='bbox 843 3304 951 3362; x_wconf 83' lang='lat' dir='ltr'>exstat</span> <span class='ocrx_word' id='word_1_336' title='bbox 971 3305 1004 3361; x_wconf 94' lang='lat' dir='ltr'>et</span> <span class='ocrx_word' id='word_1_337' title='bbox 1024 3296 1202 3376; x_wconf 89' lang='lat' dir='ltr'>illibatum,</span> <span class='ocrx_word' id='word_1_338' title='bbox 1230 3297 1331 3362; x_wconf 93' lang='lat' dir='ltr'>nullis</span> <span class='ocrx_word' id='word_1_339' title='bbox 1351 3319 1423 3362; x_wconf 93' lang='lat' dir='ltr'>mo·</span> 
     </span>
     <span class='ocr_line' id='line_1_34' title="bbox 445 3381 1423 3465; baseline 0.001 -17"><span class='ocrx_word' id='word_1_340' title='bbox 445 3405 522 3448; x_wconf 92' lang='lat' dir='ltr'>rum</span> <span class='ocrx_word' id='word_1_341' title='bbox 544 3382 634 3448; x_wconf 85' lang='lat' dir='ltr'>vitiis</span> <span class='ocrx_word' id='word_1_342' title='bbox 657 3390 715 3447; x_wconf 91' lang='lat' dir='ltr'>aut</span> <span class='ocrx_word' id='word_1_343' title='bbox 741 3383 863 3448; x_wconf 88' lang='lat' dir='ltr'>morbis</span> <span class='ocrx_word' id='word_1_344' title='bbox 889 3381 1050 3465; x_wconf 90' lang='lat' dir='ltr'>impediri,</span> <span class='ocrx_word' id='word_1_345' title='bbox 1073 3383 1247 3464; x_wconf 87' lang='lat' dir='ltr'>quominus</span> <span class='ocrx_word' id='word_1_346' title='bbox 1268 3383 1423 3448; x_wconf 85' lang='lat' dir='ltr'>ecclesiae</span> 
     </span>
     <span class='ocr_line' id='line_1_35' title="bbox 445 3465 1422 3550; baseline 0 -16"><span class='ocrx_word' id='word_1_347' title='bbox 445 3489 567 3534; x_wconf 92' lang='lat' dir='ltr'>nomen</span> <span class='ocrx_word' id='word_1_348' title='bbox 594 3469 763 3533; x_wconf 88' lang='lat' dir='ltr'>sustineat</span> <span class='ocrx_word' id='word_1_349' title='bbox 807 3467 950 3546; x_wconf 89' lang='lat' dir='ltr'>Deinde,</span> <span class='ocrx_word' id='word_1_350' title='bbox 983 3465 1065 3531; x_wconf 90' lang='lat' dir='ltr'>illud</span> <span class='ocrx_word' id='word_1_351' title='bbox 1097 3469 1204 3550; x_wconf 91' lang='lat' dir='ltr'>ipsum</span> <span class='ocrx_word' id='word_1_352' title='bbox 1235 3468 1422 3534; x_wconf 89' lang='lat' dir='ltr'>leviusculis</span> 
     </span>
     <span class='ocr_line' id='line_1_36' title="bbox 447 3554 1422 3636; baseline -0.001 -17"><span class='ocrx_word' id='word_1_353' title='bbox 447 3555 615 3620; x_wconf 89' lang='lat' dir='ltr'>erroribus</span> <span class='ocrx_word' id='word_1_354' title='bbox 640 3575 708 3618; x_wconf 91' lang='lat' dir='ltr'>non</span> <span class='ocrx_word' id='word_1_355' title='bbox 728 3554 849 3632; x_wconf 78' lang='lat' dir='ltr'>vitiari,</span> <span class='ocrx_word' id='word_1_356' title='bbox 872 3554 1045 3636; x_wconf 89' lang='lat' dir='ltr'>quominus</span> <span class='ocrx_word' id='word_1_357' title='bbox 1067 3554 1097 3618; x_wconf 91' lang='lat' dir='ltr'>le</span> <span class='ocrx_word' id='word_1_358' title='bbox 1123 3554 1251 3618; x_wconf 90' lang='lat' dir='ltr'>&#39;timum</span> <span class='ocrx_word' id='word_1_359' title='bbox 1272 3555 1422 3619; x_wconf 87' lang='lat' dir='ltr'>aestime-</span> 
     </span>
     <span class='ocr_line' id='line_1_37' title="bbox 445 3639 1422 3722; baseline 0 -17"><span class='ocrx_word' id='word_1_360' title='bbox 445 3647 509 3705; x_wconf 90' lang='lat' dir='ltr'>tur.</span> <span class='ocrx_word' id='word_1_361' title='bbox 547 3640 801 3705; x_wconf 76' lang='lat' dir='ltr'>Porro&#39;errores</span> <span class='ocrx_word' id='word_1_362' title='bbox 824 3639 941 3722; x_wconf 90' lang='lat' dir='ltr'>quibus</span> <span class='ocrx_word' id='word_1_363' title='bbox 962 3639 1039 3704; x_wconf 85' lang='lat' dir='ltr'>talis</span> <span class='ocrx_word' id='word_1_364' title='bbox 1060 3639 1101 3704; x_wconf 93' lang='lat' dir='ltr'>de</span> <span class='ocrx_word' id='word_1_365' title='bbox 1124 3646 1218 3704; x_wconf 90' lang='lat' dir='ltr'>eatur</span> <span class='ocrx_word' id='word_1_366' title='bbox 1238 3640 1344 3719; x_wconf 88' lang='lat' dir='ltr'>venia,</span> <span class='ocrx_word' id='word_1_367' title='bbox 1367 3661 1422 3705; x_wconf 90' lang='lat' dir='ltr'>eos</span> 
     </span>
     <span class='ocr_line' id='line_1_38' title="bbox 446 3724 1421 3808; baseline 0.001 -18"><span class='ocrx_word' id='word_1_368' title='bbox 446 3746 518 3790; x_wconf 89' lang='lat' dir='ltr'>esse</span> <span class='ocrx_word' id='word_1_369' title='bbox 539 3724 719 3790; x_wconf 90' lang='lat' dir='ltr'>indicatum</span> <span class='ocrx_word' id='word_1_370' title='bbox 741 3732 791 3790; x_wconf 93' lang='lat' dir='ltr'>est</span> <span class='ocrx_word' id='word_1_371' title='bbox 811 3726 929 3807; x_wconf 93' lang='lat' dir='ltr'>quibus</span> <span class='ocrx_word' id='word_1_372' title='bbox 950 3726 1125 3808; x_wconf 90' lang='lat' dir='ltr'>praecipua</span> <span class='ocrx_word' id='word_1_373' title='bbox 1151 3724 1318 3808; x_wconf 88' lang='lat' dir='ltr'>religionis</span> <span class='ocrx_word' id='word_1_374' title='bbox 1346 3724 1421 3791; x_wconf 93' lang='lat' dir='ltr'>doc-</span> 
     </span>
     <span class='ocr_line' id='line_1_39' title="bbox 446 3809 1421 3895; baseline 0.003 -21"><span class='ocrx_word' id='word_1_375' title='bbox 446 3811 536 3874; x_wconf 90' lang='lat' dir='ltr'>trina</span> <span class='ocrx_word' id='word_1_376' title='bbox 562 3831 628 3874; x_wconf 94' lang='lat' dir='ltr'>non</span> <span class='ocrx_word' id='word_1_377' title='bbox 653 3809 816 3890; x_wconf 91' lang='lat' dir='ltr'>laedatur,</span> <span class='ocrx_word' id='word_1_378' title='bbox 845 3810 961 3892; x_wconf 90' lang='lat' dir='ltr'>quibus</span> <span class='ocrx_word' id='word_1_379' title='bbox 990 3832 1069 3875; x_wconf 89' lang='lat' dir='ltr'>non·</span> <span class='ocrx_word' id='word_1_380' title='bbox 1082 3811 1309 3893; x_wconf 90' lang='lat' dir='ltr'>opprimantur</span> <span class='ocrx_word' id='word_1_381' title='bbox 1337 3832 1421 3895; x_wconf 88' lang='lat' dir='ltr'>quae</span> 
     </span>
     <span class='ocr_line' id='line_1_40' title="bbox 445 3894 1421 3981; baseline 0.002 -21"><span class='ocrx_word' id='word_1_382' title='bbox 445 3896 534 3960; x_wconf 91' lang='lat' dir='ltr'>inter</span> <span class='ocrx_word' id='word_1_383' title='bbox 561 3894 673 3961; x_wconf 88' lang='lat' dir='ltr'>fideles</span> <span class='ocrx_word' id='word_1_384' title='bbox 700 3917 813 3962; x_wconf 91' lang='lat' dir='ltr'>omnes</span> <span class='ocrx_word' id='word_1_385' title='bbox 842 3897 1016 3962; x_wconf 83' lang='lat' dir='ltr'>convenire</span> <span class='ocrx_word' id='word_1_386' title='bbox 1038 3895 1158 3961; x_wconf 86' lang='lat' dir='ltr'>debent</span> <span class='ocrx_word' id='word_1_387' title='bbox 1178 3897 1345 3981; x_wconf 90' lang='lat' dir='ltr'>religionis</span> <span class='ocrx_word' id='word_1_388' title='bbox 1367 3919 1421 3962; x_wconf 89' lang='lat' dir='ltr'>ca-</span> 
     </span>
     <span class='ocr_line' id='line_1_41' title="bbox 446 3981 1422 4066; baseline 0.004 -22"><span class='ocrx_word' id='word_1_389' title='bbox 446 3981 530 4063; x_wconf 90' lang='lat' dir='ltr'>pita;</span> <span class='ocrx_word' id='word_1_390' title='bbox 563 3982 598 4045; x_wconf 92' lang='lat' dir='ltr'>in</span> <span class='ocrx_word' id='word_1_391' title='bbox 628 3983 841 4047; x_wconf 87' lang='lat' dir='ltr'>sacramentis</span> <span class='ocrx_word' id='word_1_392' title='bbox 874 4003 965 4060; x_wconf 87' lang='lat' dir='ltr'>vero,</span> <span class='ocrx_word' id='word_1_393' title='bbox 1000 3982 1055 4064; x_wconf 93' lang='lat' dir='ltr'>qui</span> <span class='ocrx_word' id='word_1_394' title='bbox 1085 3982 1267 4066; x_wconf 88' lang='lat' dir='ltr'>legitimam</span> <span class='ocrx_word' id='word_1_395' title='bbox 1299 3984 1422 4048; x_wconf 89' lang='lat' dir='ltr'>autoris</span> 
     </span>
     <span class='ocr_line' id='line_1_42' title="bbox 446 4066 1421 4152; baseline 0.003 -21"><span class='ocrx_word' id='word_1_396' title='bbox 446 4066 685 4131; x_wconf 90' lang='lat' dir='ltr'>institutionem</span> <span class='ocrx_word' id='word_1_397' title='bbox 713 4088 780 4132; x_wconf 93' lang='lat' dir='ltr'>non</span> <span class='ocrx_word' id='word_1_398' title='bbox 806 4066 959 4132; x_wconf 89' lang='lat' dir='ltr'>aboleant</span> <span class='ocrx_word' id='word_1_399' title='bbox 979 4089 1041 4133; x_wconf 94' lang='lat' dir='ltr'>nec</span> <span class='ocrx_word' id='word_1_400' title='bbox 1061 4067 1265 4134; x_wconf 74' lang='lat' dir='ltr'>labefactent</span> <span class='ocrx_word' id='word_1_401' title='bbox 1310 4070 1421 4152; x_wconf 82' lang='lat' dir='ltr'>Atqui,</span> 
     </span>
     <span class='ocr_line' id='line_1_43' title="bbox 446 4151 1422 4237; baseline 0 -20"><span class='ocrx_word' id='word_1_402' title='bbox 446 4152 544 4217; x_wconf 86' lang='lat' dir='ltr'>simul</span> <span class='ocrx_word' id='word_1_403' title='bbox 577 4173 615 4217; x_wconf 88' lang='lat' dir='ltr'>ac</span> <span class='ocrx_word' id='word_1_404' title='bbox 647 4155 682 4216; x_wconf 93' lang='lat' dir='ltr'>in</span> <span class='ocrx_word' id='word_1_405' title='bbox 716 4173 825 4217; x_wconf 91' lang='lat' dir='ltr'>arcem</span> <span class='ocrx_word' id='word_1_406' title='bbox 857 4151 1024 4237; x_wconf 82' lang='lat' dir='ltr'>religionis</span> <span class='ocrx_word' id='word_1_407' title='bbox 1055 4152 1262 4220; x_wconf 89' lang='lat' dir='ltr'>mendacium</span> <span class='ocrx_word' id='word_1_408' title='bbox 1294 4155 1422 4237; x_wconf 89' lang='lat' dir='ltr'>irrupit,</span> 
     </span>
     <span class='ocr_line' id='line_1_44' title="bbox 446 4236 1422 4319; baseline 0.002 -17"><span class='ocrx_word' id='word_1_409' title='bbox 446 4259 576 4303; x_wconf 91' lang='lat' dir='ltr'>summa</span> <span class='ocrx_word' id='word_1_410' title='bbox 597 4239 799 4303; x_wconf 87' lang='lat' dir='ltr'>necessariae</span> <span class='ocrx_word' id='word_1_411' title='bbox 820 4236 986 4304; x_wconf 90' lang='lat' dir='ltr'>doctrinae</span> <span class='ocrx_word' id='word_1_412' title='bbox 1007 4240 1140 4305; x_wconf 84' lang='lat' dir='ltr'>inversa</span> <span class='ocrx_word' id='word_1_413' title='bbox 1156 4246 1215 4319; x_wconf 91' lang='lat' dir='ltr'>est,</span> <span class='ocrx_word' id='word_1_414' title='bbox 1238 4261 1422 4306; x_wconf 89' lang='lat' dir='ltr'>sacramen-</span> 
     </span>
     <span class='ocr_line' id='line_1_45' title="bbox 409 4324 1422 4391; baseline 0.003 -4"><span class='ocrx_word' id='word_1_415' title='bbox 409 4333 411 4345; x_wconf 90' lang='lat'>&#39;</span> <span class='ocrx_word' id='word_1_416' title='bbox 445 4330 555 4388; x_wconf 91' lang='lat' dir='ltr'>torum</span> <span class='ocrx_word' id='word_1_417' title='bbox 577 4345 657 4388; x_wconf 90' lang='lat' dir='ltr'>usus</span> <span class='ocrx_word' id='word_1_418' title='bbox 686 4324 822 4388; x_wconf 91' lang='lat' dir='ltr'>corruit:</span> <span class='ocrx_word' id='word_1_419' title='bbox 851 4333 939 4389; x_wconf 90' lang='lat' dir='ltr'>certe</span> <span class='ocrx_word' id='word_1_420' title='bbox 960 4324 1114 4390; x_wconf 86' lang='lat' dir='ltr'>ecelesiae</span> <span class='ocrx_word' id='word_1_421' title='bbox 1135 4326 1288 4391; x_wconf 85' lang='lat' dir='ltr'>interitus</span> <span class='ocrx_word' id='word_1_422' title='bbox 1310 4346 1422 4390; x_wconf 91' lang='lat' dir='ltr'>conse-</span> 
     </span>
     <span class='ocr_line' id='line_1_46' title="bbox 446 4407 1422 4492; baseline 0.001 -18"><span class='ocrx_word' id='word_1_423' title='bbox 446 4410 572 4492; x_wconf 90' lang='lat' dir='ltr'>quitur;</span> <span class='ocrx_word' id='word_1_424' title='bbox 605 4407 741 4491; x_wconf 92' lang='lat' dir='ltr'>perinde</span> <span class='ocrx_word' id='word_1_425' title='bbox 769 4416 866 4491; x_wconf 93' lang='lat' dir='ltr'>atque</span> <span class='ocrx_word' id='word_1_426' title='bbox 894 4408 935 4474; x_wconf 92' lang='lat' dir='ltr'>de</span> <span class='ocrx_word' id='word_1_427' title='bbox 960 4411 1030 4475; x_wconf 80' lang='lat' dir='ltr'>vita</span> <span class='ocrx_word' id='word_1_428' title='bbox 1058 4410 1199 4477; x_wconf 88' lang='lat' dir='ltr'>hominis</span> <span class='ocrx_word' id='word_1_429' title='bbox 1225 4420 1336 4476; x_wconf 88' lang='lat' dir='ltr'>actum</span> <span class='ocrx_word' id='word_1_430' title='bbox 1363 4419 1422 4488; x_wconf 91' lang='lat' dir='ltr'>est,</span> 
     </span>
     <span class='ocr_line' id='line_1_47' title="bbox 445 4494 1423 4584; baseline 0.002 -25"><span class='ocrx_word' id='word_1_431' title='bbox 445 4494 561 4577; x_wconf 89' lang='lat' dir='ltr'>iugulo</span> <span class='ocrx_word' id='word_1_432' title='bbox 582 4495 760 4575; x_wconf 84' lang='lat' dir='ltr'>transfixo,</span> <span class='ocrx_word' id='word_1_433' title='bbox 782 4494 835 4560; x_wconf 88' lang='lat' dir='ltr'>vel</span> <span class='ocrx_word' id='word_1_434' title='bbox 856 4495 1055 4584; x_wconf 76' lang='lat' dir='ltr'>praecordiis</span> <span class='ocrx_word' id='word_1_435' title='bbox 1077 4495 1241 4562; x_wconf 89' lang='lat' dir='ltr'>lethaliter</span> <span class='ocrx_word' id='word_1_436' title='bbox 1262 4498 1423 4562; x_wconf 88' lang='lat' dir='ltr'>sauciatis.</span> 
     </span>
     <span class='ocr_line' id='line_1_48' title="bbox 446 4578 1423 4665; baseline 0.001 -20"><span class='ocrx_word' id='word_1_437' title='bbox 446 4581 557 4663; x_wconf 81' lang='lat' dir='ltr'>Atque</span> <span class='ocrx_word' id='word_1_438' title='bbox 582 4578 617 4643; x_wconf 93' lang='lat' dir='ltr'>id</span> <span class='ocrx_word' id='word_1_439' title='bbox 645 4601 687 4644; x_wconf 86' lang='lat' dir='ltr'>ex</span> <span class='ocrx_word' id='word_1_440' title='bbox 707 4580 805 4644; x_wconf 90' lang='lat' dir='ltr'>Pauli</span> <span class='ocrx_word' id='word_1_441' title='bbox 831 4580 940 4646; x_wconf 87' lang='lat' dir='ltr'>verbis</span> <span class='ocrx_word' id='word_1_442' title='bbox 966 4580 1089 4664; x_wconf 90' lang='lat' dir='ltr'>liquido</span> <span class='ocrx_word' id='word_1_443' title='bbox 1115 4582 1293 4661; x_wconf 85' lang='lat' dir='ltr'>evincitur,</span> <span class='ocrx_word' id='word_1_444' title='bbox 1321 4604 1423 4665; x_wconf 89' lang='lat' dir='ltr'>quum</span> 
     </span>
     <span class='ocr_line' id='line_1_49' title="bbox 449 4664 1425 4751; baseline 0.002 -21"><span class='ocrx_word' id='word_1_445' title='bbox 449 4666 545 4731; x_wconf 89' lang='lat' dir='ltr'>docet</span> <span class='ocrx_word' id='word_1_446' title='bbox 567 4664 667 4750; x_wconf 83' lang='lat' dir='ltr'>(Eph.</span> <span class='ocrx_word' id='word_1_447' title='bbox 692 4669 721 4745; x_wconf 81' lang='lat'>2,</span> <span class='ocrx_word' id='word_1_448' title='bbox 746 4665 812 4750; x_wconf 79' lang='lat'>20),</span> <span class='ocrx_word' id='word_1_449' title='bbox 834 4667 1004 4732; x_wconf 91' lang='lat' dir='ltr'>ecclesiam</span> <span class='ocrx_word' id='word_1_450' title='bbox 1029 4667 1198 4732; x_wconf 84' lang='lat' dir='ltr'>fundatam</span> <span class='ocrx_word' id='word_1_451' title='bbox 1226 4683 1297 4733; x_wconf 89' lang='lat' dir='ltr'>esse</span> <span class='ocrx_word' id='word_1_452' title='bbox 1322 4689 1425 4751; x_wconf 90' lang='lat' dir='ltr'>super</span> 
     </span>
     <span class='ocr_line' id='line_1_50' title="bbox 448 4750 1424 4837; baseline 0.004 -22"><span class='ocrx_word' id='word_1_453' title='bbox 448 4750 632 4817; x_wconf 88' lang='lat' dir='ltr'>doctrinam</span> <span class='ocrx_word' id='word_1_454' title='bbox 651 4751 869 4834; x_wconf 88' lang='lat' dir='ltr'>apostolorum</span> <span class='ocrx_word' id='word_1_455' title='bbox 887 4761 920 4817; x_wconf 94' lang='lat' dir='ltr'>et</span> <span class='ocrx_word' id='word_1_456' title='bbox 959 4754 1181 4837; x_wconf 88' lang='lat' dir='ltr'>rophetarum,</span> <span class='ocrx_word' id='word_1_457' title='bbox 1200 4754 1272 4836; x_wconf 91' lang='lat' dir='ltr'>ipso</span> <span class='ocrx_word' id='word_1_458' title='bbox 1290 4753 1424 4820; x_wconf 86' lang='lat' dir='ltr'>Ohristo</span> 
     </span>
     <span class='ocr_line' id='line_1_51' title="bbox 448 4774 1424 4920; baseline 0.005 -20"><span class='ocrx_word' id='word_1_459' title='bbox 448 4854 577 4900; x_wconf 90' lang='lat' dir='ltr'>summo</span> <span class='ocrx_word' id='word_1_460' title='bbox 601 4837 750 4919; x_wconf 85' lang='lat' dir='ltr'>angulari</span> <span class='ocrx_word' id='word_1_461' title='bbox 772 4836 888 4920; x_wconf 91' lang='lat' dir='ltr'>lapide.</span> <span class='ocrx_word' id='word_1_462' title='bbox 934 4774 973 4903; x_wconf 64' lang='lat' dir='ltr'>Di</span> <span class='ocrx_word' id='word_1_463' title='bbox 992 4839 1146 4904; x_wconf 87' lang='lat' dir='ltr'>eeclesiae</span> <span class='ocrx_word' id='word_1_464' title='bbox 1174 4839 1424 4905; x_wconf 85' lang='lat' dir='ltr'>fundamentum</span> 
     </span>
     <span class='ocr_line' id='line_1_52' title="bbox 438 4921 1424 5008; baseline 0.007 -23"><span class='ocrx_word' id='word_1_465' title='bbox 438 4929 499 4985; x_wconf 52' lang='lat' dir='ltr'>*est</span> <span class='ocrx_word' id='word_1_466' title='bbox 520 4921 755 5003; x_wconf 87' lang='lat' dir='ltr'>prophetamm</span> <span class='ocrx_word' id='word_1_467' title='bbox 775 4931 808 4988; x_wconf 89' lang='lat' dir='ltr'>et</span> <span class='ocrx_word' id='word_1_468' title='bbox 829 4924 1049 5006; x_wconf 88' lang='lat' dir='ltr'>apostolorum</span> <span class='ocrx_word' id='word_1_469' title='bbox 1070 4923 1227 5003; x_wconf 90' lang='lat' dir='ltr'>doctrina,</span> <span class='ocrx_word' id='word_1_470' title='bbox 1250 4946 1315 5008; x_wconf 90' lang='lat' dir='ltr'>qna</span> <span class='ocrx_word' id='word_1_471' title='bbox 1336 4928 1424 4992; x_wconf 90' lang='lat' dir='ltr'>salu·</span> 
     </span>
     <span class='ocr_line' id='line_1_53' title="bbox 450 5008 1422 5092; baseline 0.009 -23"><span class='ocrx_word' id='word_1_472' title='bbox 450 5015 518 5069; x_wconf 93' lang='lat' dir='ltr'>tem</span> <span class='ocrx_word' id='word_1_473' title='bbox 539 5026 633 5070; x_wconf 92' lang='lat' dir='ltr'>suam</span> <span class='ocrx_word' id='word_1_474' title='bbox 654 5008 690 5072; x_wconf 92' lang='lat' dir='ltr'>in</span> <span class='ocrx_word' id='word_1_475' title='bbox 706 5030 773 5074; x_wconf 91' lang='lat' dir='ltr'>uno</span> <span class='ocrx_word' id='word_1_476' title='bbox 791 5008 923 5074; x_wconf 77' lang='lat' dir='ltr'>Christo</span> <span class='ocrx_word' id='word_1_477' title='bbox 945 5031 1103 5092; x_wconf 90' lang='lat' dir='ltr'>reponere</span> <span class='ocrx_word' id='word_1_478' title='bbox 1124 5008 1237 5075; x_wconf 91' lang='lat' dir='ltr'>fideles</span> <span class='ocrx_word' id='word_1_479' title='bbox 1258 5011 1422 5091; x_wconf 89' lang='lat' dir='ltr'>iubentur,</span> 
     </span>
     <span class='ocr_line' id='line_1_54' title="bbox 448 5089 1424 5179; baseline 0.01 -26"><span class='ocrx_word' id='word_1_480' title='bbox 448 5089 540 5154; x_wconf 87' lang='lat' dir='ltr'>illam</span> <span class='ocrx_word' id='word_1_481' title='bbox 568 5091 747 5160; x_wconf 89' lang='lat' dir='ltr'>doctrinam</span> <span class='ocrx_word' id='word_1_482' title='bbox 769 5094 864 5171; x_wconf 89' lang='lat' dir='ltr'>tolle,</span> <span class='ocrx_word' id='word_1_483' title='bbox 894 5095 1055 5176; x_wconf 92' lang='lat' dir='ltr'>quomodo</span> <span class='ocrx_word' id='word_1_484' title='bbox 1078 5095 1218 5179; x_wconf 91' lang='lat' dir='ltr'>amplius</span> <span class='ocrx_word' id='word_1_485' title='bbox 1240 5097 1424 5165; x_wconf 87' lang='lat' dir='ltr'>aedificium</span> 
     </span>
     <span class='ocr_line' id='line_1_55' title="bbox 448 5176 1424 5264; baseline 0.004 -22"><span class='ocrx_word' id='word_1_486' title='bbox 448 5176 632 5243; x_wconf 87' lang='lat' dir='ltr'>constabit?</span> <span class='ocrx_word' id='word_1_487' title='bbox 677 5179 819 5245; x_wconf 87' lang='lat' dir='ltr'>Oorruat</span> <span class='ocrx_word' id='word_1_488' title='bbox 841 5200 918 5264; x_wconf 88' lang='lat' dir='ltr'>ergo</span> <span class='ocrx_word' id='word_1_489' title='bbox 944 5181 1080 5247; x_wconf 88' lang='lat' dir='ltr'>ccclesia</span> <span class='ocrx_word' id='word_1_490' title='bbox 1100 5201 1232 5247; x_wconf 89' lang='lat' dir='ltr'>necesse</span> <span class='ocrx_word' id='word_1_491' title='bbox 1265 5193 1330 5261; x_wconf 88' lang='lat' dir='ltr'>est,</span> <span class='ocrx_word' id='word_1_492' title='bbox 1367 5184 1424 5247; x_wconf 92' lang='lat' dir='ltr'>ubi</span> 
     </span>
     <span class='ocr_line' id='line_1_56' title="bbox 448 5261 1424 5350; baseline 0.007 -24"><span class='ocrx_word' id='word_1_493' title='bbox 448 5261 614 5329; x_wconf 88' lang='lat' dir='ltr'>intercidit</span> <span class='ocrx_word' id='word_1_494' title='bbox 640 5263 698 5330; x_wconf 90' lang='lat' dir='ltr'>illa</span> <span class='ocrx_word' id='word_1_495' title='bbox 721 5264 889 5348; x_wconf 90' lang='lat' dir='ltr'>religionis</span> <span class='ocrx_word' id='word_1_496' title='bbox 917 5287 1046 5331; x_wconf 87' lang='lat' dir='ltr'>summe</span> <span class='ocrx_word' id='word_1_497' title='bbox 1066 5288 1150 5350; x_wconf 90' lang='lat' dir='ltr'>quae</span> <span class='ocrx_word' id='word_1_498' title='bbox 1171 5269 1242 5333; x_wconf 91' lang='lat' dir='ltr'>sola</span> <span class='ocrx_word' id='word_1_499' title='bbox 1263 5270 1424 5333; x_wconf 90' lang='lat' dir='ltr'>sustinere</span> 
     </span>
     <span class='ocr_line' id='line_1_57' title="bbox 449 5348 1425 5431; baseline 0.004 -18"><span class='ocrx_word' id='word_1_500' title='bbox 449 5368 522 5413; x_wconf 90' lang='lat' dir='ltr'>eam</span> <span class='ocrx_word' id='word_1_501' title='bbox 554 5355 669 5431; x_wconf 92' lang='lat' dir='ltr'>potest.</span> <span class='ocrx_word' id='word_1_502' title='bbox 714 5348 861 5429; x_wconf 88' lang='lat' dir='ltr'>Deinde,</span> <span class='ocrx_word' id='word_1_503' title='bbox 884 5351 911 5414; x_wconf 92' lang='lat' dir='ltr'>si</span> <span class='ocrx_word' id='word_1_504' title='bbox 938 5371 1018 5417; x_wconf 81' lang='lat' dir='ltr'>vera</span> <span class='ocrx_word' id='word_1_505' title='bbox 1039 5353 1176 5418; x_wconf 90' lang='lat' dir='ltr'>ecclesia</span> <span class='ocrx_word' id='word_1_506' title='bbox 1197 5353 1350 5420; x_wconf 82' lang='lat' dir='ltr'>columna</span> <span class='ocrx_word' id='word_1_507' title='bbox 1374 5364 1425 5418; x_wconf 94' lang='lat' dir='ltr'>est</span> 
     </span>
    </p>
   </div>
   <div class='ocr_carea' id='block_1_6' title="bbox 451 5522 654 5532">
    <p class='ocr_par' dir='ltr' id='par_1_6' title="bbox 451 5522 654 5532">
     <span class='ocr_line' id='line_1_58' title="bbox 451 5522 654 5532; baseline 0 -3"><span class='ocrx_word' id='word_1_508' title='bbox 451 5523 515 5530; x_wconf 74' lang='grc'><strong>...-</strong></span> <span class='ocrx_word' id='word_1_509' title='bbox 525 5525 569 5532; x_wconf 58' lang='grc'>..,</span> <span class='ocrx_word' id='word_1_510' title='bbox 591 5522 654 5530; x_wconf 71' lang='grc'><strong><em>...-</em></strong></span> 
     </span>
    </p>
   </div>
   <div class='ocr_carea' id='block_1_7' title="bbox 431 5596 1277 5694">
    <p class='ocr_par' dir='ltr' id='par_1_7' title="bbox 431 5596 1277 5694">
     <span class='ocr_line' id='line_1_59' title="bbox 431 5596 1277 5694; baseline 0.008 -21"><span class='ocrx_word' id='word_1_511' title='bbox 431 5596 435 5603; x_wconf 85' lang='grc'><strong>“</strong></span> <span class='ocrx_word' id='word_1_512' title='bbox 519 5622 549 5689; x_wconf 74' lang='lat'>1)</span> <span class='ocrx_word' id='word_1_513' title='bbox 568 5619 711 5676; x_wconf 72' lang='lat' dir='ltr'>muoso</span> <span class='ocrx_word' id='word_1_514' title='bbox 726 5622 912 5690; x_wconf 64' lang='lat' dir='ltr'>prmum</span> <span class='ocrx_word' id='word_1_515' title='bbox 932 5624 997 5694; x_wconf 68' lang='lat' dir='ltr'>cap.</span> <span class='ocrx_word' id='word_1_516' title='bbox 1022 5624 1107 5679; x_wconf 79' lang='lat' dir='ltr'>riri.</span> <span class='ocrx_word' id='word_1_517' title='bbox 1125 5626 1149 5694; x_wconf 70' lang='lat' dir='ltr'>s.</span> <span class='ocrx_word' id='word_1_518' title='bbox 1165 5625 1277 5681; x_wconf 80' lang='lat' dir='ltr'>rr-ea.</span> 
     </span>
    </p>
   </div>
   <div class='ocr_carea' id='block_1_8' title="bbox 1473 2953 2451 5694">
    <p class='ocr_par' dir='ltr' id='par_1_8' title="bbox 1473 2953 2451 5694">
     <span class='ocr_line' id='line_1_60' title="bbox 1474 2953 2448 3037; baseline 0.002 -20"><span class='ocrx_word' id='word_1_519' title='bbox 1474 2954 1597 3018; x_wconf 90' lang='lat' dir='ltr'>mutire</span> <span class='ocrx_word' id='word_1_520' title='bbox 1628 2954 1758 3019; x_wconf 89' lang='lat' dir='ltr'>audent.</span> <span class='ocrx_word' id='word_1_521' title='bbox 1804 2953 1871 3019; x_wconf 83' lang='lat' dir='ltr'>Sed</span> <span class='ocrx_word' id='word_1_522' title='bbox 1907 2955 2024 3037; x_wconf 91' lang='lat' dir='ltr'>quibus</span> <span class='ocrx_word' id='word_1_523' title='bbox 2056 2955 2235 3020; x_wconf 87' lang='lat' dir='ltr'>rationibus</span> <span class='ocrx_word' id='word_1_524' title='bbox 2267 2976 2379 3019; x_wconf 88' lang='lat' dir='ltr'>veram</span> <span class='ocrx_word' id='word_1_525' title='bbox 2413 2976 2448 3019; x_wconf 86' lang='lat' dir='ltr'>se</span> 
     </span>
     <span class='ocr_line' id='line_1_61' title="bbox 1475 3038 2449 3106; baseline 0.002 -2"><span class='ocrx_word' id='word_1_526' title='bbox 1475 3039 1644 3104; x_wconf 80' lang='lat' dir='ltr'>ecclesiam</span> <span class='ocrx_word' id='word_1_527' title='bbox 1666 3038 1786 3105; x_wconf 90' lang='lat' dir='ltr'>habere</span> <span class='ocrx_word' id='word_1_528' title='bbox 1808 3041 2024 3106; x_wconf 82' lang='lat' dir='ltr'>confirmant?</span> <span class='ocrx_word' id='word_1_529' title='bbox 2068 3041 2125 3105; x_wconf 88' lang='lat' dir='ltr'>All</span> <span class='ocrx_word' id='word_1_530' title='bbox 2186 3047 2225 3104; x_wconf 92' lang='lat' dir='ltr'>nt</span> <span class='ocrx_word' id='word_1_531' title='bbox 2246 3061 2287 3104; x_wconf 86' lang='lat' dir='ltr'>ex</span> <span class='ocrx_word' id='word_1_532' title='bbox 2309 3043 2449 3106; x_wconf 89' lang='lat' dir='ltr'>vetustis</span> 
     </span>
     <span class='ocr_line' id='line_1_62' title="bbox 1476 3124 2450 3208; baseline 0 -19"><span class='ocrx_word' id='word_1_533' title='bbox 1476 3125 1650 3190; x_wconf 90' lang='lat' dir='ltr'>annalibus</span> <span class='ocrx_word' id='word_1_534' title='bbox 1667 3124 1745 3208; x_wconf 91' lang='lat' dir='ltr'>quid</span> <span class='ocrx_word' id='word_1_535' title='bbox 1763 3127 1841 3191; x_wconf 89' lang='lat' dir='ltr'>olim</span> <span class='ocrx_word' id='word_1_536' title='bbox 1858 3126 1893 3190; x_wconf 92' lang='lat' dir='ltr'>in</span> <span class='ocrx_word' id='word_1_537' title='bbox 1910 3127 2016 3206; x_wconf 87' lang='lat' dir='ltr'>Italia,</span> <span class='ocrx_word' id='word_1_538' title='bbox 2039 3127 2074 3190; x_wconf 92' lang='lat' dir='ltr'>in</span> <span class='ocrx_word' id='word_1_539' title='bbox 2092 3126 2146 3191; x_wconf 74' lang='lat' dir='ltr'>(ia</span> <span class='ocrx_word' id='word_1_540' title='bbox 2174 3128 2211 3204; x_wconf 73' lang='lat' dir='ltr'>&#39;a</span> <span class='ocrx_word' id='word_1_541' title='bbox 2233 3126 2270 3189; x_wconf 90' lang='lat' dir='ltr'>in</span> <span class='ocrx_word' id='word_1_542' title='bbox 2286 3127 2450 3208; x_wconf 87' lang='lat' dir='ltr'>Hispania</span> 
     </span>
     <span class='ocr_line' id='line_1_63' title="bbox 1474 3210 2448 3295; baseline -0.001 -19"><span class='ocrx_word' id='word_1_543' title='bbox 1474 3211 1588 3289; x_wconf 81' lang='lat' dir='ltr'>fuerit;</span> <span class='ocrx_word' id='word_1_544' title='bbox 1612 3233 1632 3275; x_wconf 93' lang='lat' dir='ltr'>a</span> <span class='ocrx_word' id='word_1_545' title='bbox 1653 3213 1773 3277; x_wconf 89' lang='lat' dir='ltr'>sanctis</span> <span class='ocrx_word' id='word_1_546' title='bbox 1794 3211 1860 3276; x_wconf 90' lang='lat' dir='ltr'>illis</span> <span class='ocrx_word' id='word_1_547' title='bbox 1881 3213 1961 3277; x_wconf 85' lang='lat' dir='ltr'>viris</span> <span class='ocrx_word' id='word_1_548' title='bbox 1983 3214 2039 3295; x_wconf 92' lang='lat' dir='ltr'>qui</span> <span class='ocrx_word' id='word_1_549' title='bbox 2060 3234 2141 3276; x_wconf 88' lang='lat' dir='ltr'>sana</span> <span class='ocrx_word' id='word_1_550' title='bbox 2161 3211 2308 3277; x_wconf 90' lang='lat' dir='ltr'>doctrina</span> <span class='ocrx_word' id='word_1_551' title='bbox 2329 3210 2448 3276; x_wconf 87' lang='lat' dir='ltr'>funda-</span> 
     </span>
     <span class='ocr_line' id='line_1_64' title="bbox 1474 3297 2449 3380; baseline 0.001 -19"><span class='ocrx_word' id='word_1_552' title='bbox 1474 3304 1554 3361; x_wconf 91' lang='lat' dir='ltr'>runt</span> <span class='ocrx_word' id='word_1_553' title='bbox 1571 3298 1819 3380; x_wconf 86' lang='lat' dir='ltr'>excitaruntque</span> <span class='ocrx_word' id='word_1_554' title='bbox 1837 3298 1998 3376; x_wconf 89' lang='lat' dir='ltr'>eeclesias,</span> <span class='ocrx_word' id='word_1_555' title='bbox 2020 3297 2267 3380; x_wconf 88' lang='lat' dir='ltr'>doctrinamque</span> <span class='ocrx_word' id='word_1_556' title='bbox 2287 3299 2394 3379; x_wconf 89' lang='lat' dir='ltr'>ipsam</span> <span class='ocrx_word' id='word_1_557' title='bbox 2416 3305 2449 3362; x_wconf 90' lang='lat' dir='ltr'>et</span> 
     </span>
     <span class='ocr_line' id='line_1_65' title="bbox 1474 3381 2446 3466; baseline -0.002 -17"><span class='ocrx_word' id='word_1_558' title='bbox 1474 3382 1629 3449; x_wconf 88' lang='lat' dir='ltr'>eeclesiae</span> <span class='ocrx_word' id='word_1_559' title='bbox 1660 3381 1918 3448; x_wconf 88' lang='lat' dir='ltr'>aedificationem</span> <span class='ocrx_word' id='word_1_560' title='bbox 1952 3405 2010 3448; x_wconf 88' lang='lat' dir='ltr'>suo</span> <span class='ocrx_word' id='word_1_561' title='bbox 2043 3385 2203 3466; x_wconf 89' lang='lat' dir='ltr'>sanguine</span> <span class='ocrx_word' id='word_1_562' title='bbox 2231 3384 2446 3461; x_wconf 89' lang='lat' dir='ltr'>stabilierunt,</span> 
     </span>
     <span class='ocr_line' id='line_1_66' title="bbox 1474 3468 2447 3552; baseline 0 -18"><span class='ocrx_word' id='word_1_563' title='bbox 1474 3490 1509 3534; x_wconf 90' lang='lat' dir='ltr'>se</span> <span class='ocrx_word' id='word_1_564' title='bbox 1531 3469 1692 3552; x_wconf 85' lang='lat' dir='ltr'>originem</span> <span class='ocrx_word' id='word_1_565' title='bbox 1714 3468 1849 3549; x_wconf 71' lang='lat' dir='ltr'>ducere,</span> <span class='ocrx_word' id='word_1_566' title='bbox 1878 3468 2049 3534; x_wconf 89' lang='lat' dir='ltr'>eeclesiam</span> <span class='ocrx_word' id='word_1_567' title='bbox 2069 3490 2147 3535; x_wconf 87' lang='lat' dir='ltr'>vcro</span> <span class='ocrx_word' id='word_1_568' title='bbox 2170 3471 2217 3534; x_wconf 90' lang='lat' dir='ltr'>sic</span> <span class='ocrx_word' id='word_1_569' title='bbox 2239 3480 2273 3534; x_wconf 91' lang='lat' dir='ltr'>et</span> <span class='ocrx_word' id='word_1_570' title='bbox 2294 3470 2447 3552; x_wconf 88' lang='lat' dir='ltr'>spiritua·</span> 
     </span>
     <span class='ocr_line' id='line_1_67' title="bbox 1473 3553 2447 3640; baseline 0.001 -21"><span class='ocrx_word' id='word_1_571' title='bbox 1473 3555 1559 3619; x_wconf 88' lang='lat' dir='ltr'>libus</span> <span class='ocrx_word' id='word_1_572' title='bbox 1586 3553 1694 3633; x_wconf 85' lang='lat' dir='ltr'>donis,</span> <span class='ocrx_word' id='word_1_573' title='bbox 1725 3563 1759 3619; x_wconf 94' lang='lat' dir='ltr'>et</span> <span class='ocrx_word' id='word_1_574' title='bbox 1784 3561 1968 3640; x_wconf 85' lang='lat' dir='ltr'>martyrum</span> <span class='ocrx_word' id='word_1_575' title='bbox 1990 3555 2149 3638; x_wconf 84' lang='lat' dir='ltr'>sanguine</span> <span class='ocrx_word' id='word_1_576' title='bbox 2172 3554 2259 3637; x_wconf 90' lang='lat' dir='ltr'>apud</span> <span class='ocrx_word' id='word_1_577' title='bbox 2281 3576 2316 3619; x_wconf 91' lang='lat' dir='ltr'>se</span> <span class='ocrx_word' id='word_1_578' title='bbox 2337 3576 2447 3620; x_wconf 85' lang='lat' dir='ltr'>conse·</span> 
     </span>
     <span class='ocr_line' id='line_1_68' title="bbox 1473 3642 2447 3724; baseline 0 -20"><span class='ocrx_word' id='word_1_579' title='bbox 1473 3648 1615 3720; x_wconf 81' lang='lat' dir='ltr'>oratam,</span> <span class='ocrx_word' id='word_1_580' title='bbox 1649 3648 1808 3724; x_wconf 89' lang='lat' dir='ltr'>perpetua</span> <span class='ocrx_word' id='word_1_581' title='bbox 1836 3642 2060 3722; x_wconf 90' lang='lat' dir='ltr'>episcoporum</span> <span class='ocrx_word' id='word_1_582' title='bbox 2087 3642 2291 3705; x_wconf 88' lang='lat' dir='ltr'>successione</span> <span class='ocrx_word' id='word_1_583' title='bbox 2318 3660 2447 3706; x_wconf 88' lang='lat' dir='ltr'>conser-</span> 
     </span>
     <span class='ocr_line' id='line_1_69' title="bbox 1473 3725 2448 3808; baseline -0.002 -17"><span class='ocrx_word' id='word_1_584' title='bbox 1473 3733 1585 3791; x_wconf 87' lang='lat' dir='ltr'>vatam</span> <span class='ocrx_word' id='word_1_585' title='bbox 1605 3726 1706 3791; x_wconf 86' lang='lat' dir='ltr'>fuisse</span> <span class='ocrx_word' id='word_1_586' title='bbox 1726 3748 1769 3791; x_wconf 93' lang='lat' dir='ltr'>ne</span> <span class='ocrx_word' id='word_1_587' title='bbox 1789 3726 2007 3792; x_wconf 86' lang='lat' dir='ltr'>intercideret</span> <span class='ocrx_word' id='word_1_588' title='bbox 2047 3725 2315 3791; x_wconf 78' lang='lat' dir='ltr'>Commemorant</span> <span class='ocrx_word' id='word_1_589' title='bbox 2335 3728 2448 3808; x_wconf 85' lang='lat' dir='ltr'>quanti</span> 
     </span>
     <span class='ocr_line' id='line_1_70' title="bbox 1474 3812 2446 3890; baseline 0 -13"><span class='ocrx_word' id='word_1_590' title='bbox 1474 3812 1560 3877; x_wconf 89' lang='lat' dir='ltr'>hanc</span> <span class='ocrx_word' id='word_1_591' title='bbox 1593 3813 1829 3877; x_wconf 86' lang='lat' dir='ltr'>successionem</span> <span class='ocrx_word' id='word_1_592' title='bbox 1855 3813 1993 3878; x_wconf 84' lang='lat' dir='ltr'>fecerint</span> <span class='ocrx_word' id='word_1_593' title='bbox 2017 3813 2189 3890; x_wconf 88' lang='lat' dir='ltr'>Irenaeus,</span> <span class='ocrx_word' id='word_1_594' title='bbox 2226 3813 2446 3890; x_wconf 71' lang='lat' dir='ltr'>Tertullianus,</span> 
     </span>
     <span class='ocr_line' id='line_1_71' title="bbox 1478 3897 2448 3981; baseline -0.002 -18"><span class='ocrx_word' id='word_1_595' title='bbox 1478 3898 1638 3980; x_wconf 57' lang='lat' dir='ltr'>Origenes</span> <span class='ocrx_word' id='word_1_596' title='bbox 1667 3899 1888 3981; x_wconf 80' lang='lat' dir='ltr'>Augustinus,</span> <span class='ocrx_word' id='word_1_597' title='bbox 1922 3898 2047 3963; x_wconf 88' lang='lat' dir='ltr'>etalii.</span> <span class='ocrx_word' id='word_1_598' title='bbox 2098 3897 2207 3978; x_wconf 78' lang='lat' dir='ltr'>Quam</span> <span class='ocrx_word' id='word_1_599' title='bbox 2235 3898 2353 3963; x_wconf 85' lang='lat' dir='ltr'>frivola</span> <span class='ocrx_word' id='word_1_600' title='bbox 2382 3899 2448 3964; x_wconf 89' lang='lat' dir='ltr'>sint</span> 
     </span>
     <span class='ocr_line' id='line_1_72' title="bbox 1473 3982 2448 4067; baseline 0 -20"><span class='ocrx_word' id='word_1_601' title='bbox 1473 3984 1538 4048; x_wconf 89' lang='lat' dir='ltr'>ista</span> <span class='ocrx_word' id='word_1_602' title='bbox 1559 3991 1593 4047; x_wconf 93' lang='lat' dir='ltr'>et</span> <span class='ocrx_word' id='word_1_603' title='bbox 1613 3983 1710 4066; x_wconf 89' lang='lat' dir='ltr'>plane</span> <span class='ocrx_word' id='word_1_604' title='bbox 1731 3982 1866 4063; x_wconf 88' lang='lat' dir='ltr'>ludicra,</span> <span class='ocrx_word' id='word_1_605' title='bbox 1888 3985 2006 4050; x_wconf 83' lang='lat' dir='ltr'>faciam</span> <span class='ocrx_word' id='word_1_606' title='bbox 2027 3995 2066 4049; x_wconf 91' lang='lat' dir='ltr'>ut</span> <span class='ocrx_word' id='word_1_607' title='bbox 2085 3984 2178 4048; x_wconf 90' lang='lat' dir='ltr'>nullo</span> <span class='ocrx_word' id='word_1_608' title='bbox 2199 3985 2330 4067; x_wconf 90' lang='lat' dir='ltr'>negotio</span> <span class='ocrx_word' id='word_1_609' title='bbox 2352 3984 2448 4048; x_wconf 90' lang='lat' dir='ltr'>intel·</span> 
     </span>
     <span class='ocr_line' id='line_1_73' title="bbox 1474 4068 2447 4154; baseline -0.001 -21"><span class='ocrx_word' id='word_1_610' title='bbox 1474 4068 1580 4153; x_wconf 88' lang='lat' dir='ltr'>ligant</span> <span class='ocrx_word' id='word_1_611' title='bbox 1600 4069 1624 4132; x_wconf 92' lang='lat' dir='ltr'>ii</span> <span class='ocrx_word' id='word_1_612' title='bbox 1645 4070 1700 4150; x_wconf 91' lang='lat' dir='ltr'>qui</span> <span class='ocrx_word' id='word_1_613' title='bbox 1721 4090 1850 4134; x_wconf 86' lang='lat' dir='ltr'>mecum</span> <span class='ocrx_word' id='word_1_614' title='bbox 1871 4091 1911 4135; x_wconf 91' lang='lat' dir='ltr'>ea</span> <span class='ocrx_word' id='word_1_615' title='bbox 1931 4070 2101 4154; x_wconf 91' lang='lat' dir='ltr'>paululum</span> <span class='ocrx_word' id='word_1_616' title='bbox 2123 4069 2306 4152; x_wconf 84' lang='lat' dir='ltr'>expendere</span> <span class='ocrx_word' id='word_1_617' title='bbox 2327 4070 2447 4135; x_wconf 83' lang='lat' dir='ltr'>volent.</span> 
     </span>
     <span class='ocr_line' id='line_1_74' title="bbox 1474 4154 2449 4239; baseline 0.002 -21"><span class='ocrx_word' id='word_1_618' title='bbox 1474 4154 1637 4237; x_wconf 82' lang='lat' dir='ltr'>Equidem</span> <span class='ocrx_word' id='word_1_619' title='bbox 1655 4176 1709 4220; x_wconf 90' lang='lat' dir='ltr'>eos</span> <span class='ocrx_word' id='word_1_620' title='bbox 1730 4176 1857 4239; x_wconf 89' lang='lat' dir='ltr'>quoque</span> <span class='ocrx_word' id='word_1_621' title='bbox 1879 4156 2030 4221; x_wconf 84' lang='lat' dir='ltr'>hortarer</span> <span class='ocrx_word' id='word_1_622' title='bbox 2051 4164 2089 4221; x_wconf 94' lang='lat' dir='ltr'>ut</span> <span class='ocrx_word' id='word_1_623' title='bbox 2109 4157 2174 4220; x_wconf 90' lang='lat' dir='ltr'>huo</span> <span class='ocrx_word' id='word_1_624' title='bbox 2196 4157 2342 4220; x_wconf 92' lang='lat' dir='ltr'>animum</span> <span class='ocrx_word' id='word_1_625' title='bbox 2364 4158 2449 4220; x_wconf 90' lang='lat' dir='ltr'>serio</span> 
     </span>
     <span class='ocr_line' id='line_1_75' title="bbox 1475 4239 2450 4325; baseline -0.002 -20"><span class='ocrx_word' id='word_1_626' title='bbox 1475 4241 1694 4320; x_wconf 82' lang='lat' dir='ltr'>adverterunt,</span> <span class='ocrx_word' id='word_1_627' title='bbox 1717 4241 1845 4324; x_wconf 92' lang='lat' dir='ltr'>siquid</span> <span class='ocrx_word' id='word_1_628' title='bbox 1867 4242 2011 4309; x_wconf 90' lang='lat' dir='ltr'>docendo</span> <span class='ocrx_word' id='word_1_629' title='bbox 2032 4243 2188 4325; x_wconf 90' lang='lat' dir='ltr'>proficere</span> <span class='ocrx_word' id='word_1_630' title='bbox 2210 4263 2262 4304; x_wconf 90' lang='lat' dir='ltr'>me</span> <span class='ocrx_word' id='word_1_631' title='bbox 2284 4239 2370 4322; x_wconf 88' lang='lat' dir='ltr'>apud</span> <span class='ocrx_word' id='word_1_632' title='bbox 2393 4262 2450 4304; x_wconf 91' lang='lat' dir='ltr'>eos</span> 
     </span>
     <span class='ocr_line' id='line_1_76' title="bbox 1474 4325 2451 4411; baseline 0.001 -21"><span class='ocrx_word' id='word_1_633' title='bbox 1474 4346 1569 4409; x_wconf 89' lang='lat' dir='ltr'>posse</span> <span class='ocrx_word' id='word_1_634' title='bbox 1591 4326 1796 4392; x_wconf 89' lang='lat' dir='ltr'>confiderem.</span> <span class='ocrx_word' id='word_1_635' title='bbox 1829 4325 1897 4393; x_wconf 80' lang='lat' dir='ltr'>Sed</span> <span class='ocrx_word' id='word_1_636' title='bbox 1914 4328 2043 4411; x_wconf 87' lang='lat' dir='ltr'>quando</span> <span class='ocrx_word' id='word_1_637' title='bbox 2063 4328 2138 4406; x_wconf 90' lang='lat' dir='ltr'>illis,</span> <span class='ocrx_word' id='word_1_638' title='bbox 2161 4328 2280 4390; x_wconf 89' lang='lat' dir='ltr'>omissa</span> <span class='ocrx_word' id='word_1_639' title='bbox 2301 4325 2451 4391; x_wconf 85' lang='lat' dir='ltr'>veritatis</span> 
     </span>
     <span class='ocr_line' id='line_1_77' title="bbox 1475 4412 2450 4496; baseline 0.001 -21"><span class='ocrx_word' id='word_1_640' title='bbox 1475 4412 1620 4490; x_wconf 86' lang='lat' dir='ltr'>ratione,</span> <span class='ocrx_word' id='word_1_641' title='bbox 1649 4414 1711 4478; x_wconf 95' lang='lat' dir='ltr'>hoc</span> <span class='ocrx_word' id='word_1_642' title='bbox 1732 4435 1837 4478; x_wconf 90' lang='lat' dir='ltr'>unum</span> <span class='ocrx_word' id='word_1_643' title='bbox 1858 4415 2059 4496; x_wconf 91' lang='lat' dir='ltr'>propositum</span> <span class='ocrx_word' id='word_1_644' title='bbox 2081 4421 2139 4490; x_wconf 75' lang='lat' dir='ltr'>est,</span> <span class='ocrx_word' id='word_1_645' title='bbox 2161 4431 2353 4494; x_wconf 88' lang='lat' dir='ltr'>quacunque</span> <span class='ocrx_word' id='word_1_646' title='bbox 2375 4433 2450 4492; x_wconf 91' lang='lat' dir='ltr'>pos·</span> 
     </span>
     <span class='ocr_line' id='line_1_78' title="bbox 1474 4495 2449 4583; baseline -0.002 -19"><span class='ocrx_word' id='word_1_647' title='bbox 1474 4507 1553 4564; x_wconf 92' lang='lat' dir='ltr'>sunt</span> <span class='ocrx_word' id='word_1_648' title='bbox 1570 4499 1624 4564; x_wconf 87' lang='lat' dir='ltr'>via</span> <span class='ocrx_word' id='word_1_649' title='bbox 1641 4521 1713 4564; x_wconf 90' lang='lat' dir='ltr'>rem</span> <span class='ocrx_word' id='word_1_650' title='bbox 1730 4520 1824 4565; x_wconf 89' lang='lat' dir='ltr'>suam</span> <span class='ocrx_word' id='word_1_651' title='bbox 1845 4521 1951 4583; x_wconf 88' lang='lat' dir='ltr'>agere,</span> <span class='ocrx_word' id='word_1_652' title='bbox 1974 4520 2079 4582; x_wconf 89' lang='lat' dir='ltr'>pauca</span> <span class='ocrx_word' id='word_1_653' title='bbox 2099 4504 2228 4562; x_wconf 88' lang='lat' dir='ltr'>tantum</span> <span class='ocrx_word' id='word_1_654' title='bbox 2249 4495 2357 4561; x_wconf 90' lang='lat' dir='ltr'>dicam</span> <span class='ocrx_word' id='word_1_655' title='bbox 2378 4498 2449 4578; x_wconf 93' lang='lat' dir='ltr'>qui·</span> 
     </span>
     <span class='ocr_line' id='line_1_79' title="bbox 1475 4582 2449 4666; baseline -0.002 -17"><span class='ocrx_word' id='word_1_656' title='bbox 1475 4586 1536 4650; x_wconf 91' lang='lat' dir='ltr'>bus</span> <span class='ocrx_word' id='word_1_657' title='bbox 1558 4605 1629 4650; x_wconf 90' lang='lat' dir='ltr'>sese</span> <span class='ocrx_word' id='word_1_658' title='bbox 1650 4584 1727 4650; x_wconf 92' lang='lat' dir='ltr'>boni</span> <span class='ocrx_word' id='word_1_659' title='bbox 1746 4585 1810 4648; x_wconf 82' lang='lat' dir='ltr'>riri</span> <span class='ocrx_word' id='word_1_660' title='bbox 1832 4594 1866 4648; x_wconf 94' lang='lat' dir='ltr'>et</span> <span class='ocrx_word' id='word_1_661' title='bbox 1885 4586 1957 4650; x_wconf 84' lang='lat' dir='ltr'>veri</span> <span class='ocrx_word' id='word_1_662' title='bbox 1979 4583 2114 4649; x_wconf 86' lang='lat' dir='ltr'>studiosi</span> <span class='ocrx_word' id='word_1_663' title='bbox 2133 4582 2174 4646; x_wconf 89' lang='lat' dir='ltr'>ab</span> <span class='ocrx_word' id='word_1_664' title='bbox 2196 4601 2309 4645; x_wconf 92' lang='lat' dir='ltr'>eorum</span> <span class='ocrx_word' id='word_1_665' title='bbox 2328 4585 2449 4666; x_wconf 89' lang='lat' dir='ltr'>captio-</span> 
     </span>
     <span class='ocr_line' id='line_1_80' title="bbox 1475 4667 2450 4753; baseline -0.003 -18"><span class='ocrx_word' id='word_1_666' title='bbox 1475 4671 1572 4735; x_wconf 87' lang='lat' dir='ltr'>nibus</span> <span class='ocrx_word' id='word_1_667' title='bbox 1594 4669 1748 4753; x_wconf 85' lang='lat' dir='ltr'>expedire</span> <span class='ocrx_word' id='word_1_668' title='bbox 1765 4677 1894 4752; x_wconf 86' lang='lat' dir='ltr'>queant</span> <span class='ocrx_word' id='word_1_669' title='bbox 1928 4670 2080 4735; x_wconf 88' lang='lat' dir='ltr'>Primum</span> <span class='ocrx_word' id='word_1_670' title='bbox 2103 4669 2143 4732; x_wconf 92' lang='lat' dir='ltr'>ab</span> <span class='ocrx_word' id='word_1_671' title='bbox 2165 4667 2230 4732; x_wconf 88' lang='lat' dir='ltr'>illis</span> <span class='ocrx_word' id='word_1_672' title='bbox 2250 4689 2371 4750; x_wconf 90' lang='lat' dir='ltr'>quaero</span> <span class='ocrx_word' id='word_1_673' title='bbox 2393 4690 2450 4734; x_wconf 90' lang='lat' dir='ltr'>cur</span> 
     </span>
     <span class='ocr_line' id='line_1_81' title="bbox 1476 4755 2449 4838; baseline -0.002 -18"><span class='ocrx_word' id='word_1_674' title='bbox 1476 4778 1541 4821; x_wconf 93' lang='lat' dir='ltr'>non</span> <span class='ocrx_word' id='word_1_675' title='bbox 1564 4756 1710 4821; x_wconf 80' lang='lat' dir='ltr'>Africam</span> <span class='ocrx_word' id='word_1_676' title='bbox 1732 4756 1842 4832; x_wconf 79' lang='lat' dir='ltr'>citent</span> <span class='ocrx_word' id='word_1_677' title='bbox 1864 4763 1903 4834; x_wconf 67' lang='lat' dir='ltr'>et⁴</span> <span class='ocrx_word' id='word_1_678' title='bbox 1918 4755 2123 4838; x_wconf 82' lang='lat' dir='ltr'>Aegyptum,</span> <span class='ocrx_word' id='word_1_679' title='bbox 2146 4761 2179 4818; x_wconf 90' lang='lat' dir='ltr'>et</span> <span class='ocrx_word' id='word_1_680' title='bbox 2198 4760 2303 4818; x_wconf 89' lang='lat' dir='ltr'>totam</span> <span class='ocrx_word' id='word_1_681' title='bbox 2325 4756 2449 4820; x_wconf 88' lang='lat' dir='ltr'>Asiam.</span> 
     </span>
     <span class='ocr_line' id='line_1_82' title="bbox 1476 4839 2450 4924; baseline -0.002 -18"><span class='ocrx_word' id='word_1_682' title='bbox 1476 4842 1602 4924; x_wconf 91' lang='lat' dir='ltr'>Nempe</span> <span class='ocrx_word' id='word_1_683' title='bbox 1623 4843 1700 4923; x_wconf 90' lang='lat' dir='ltr'>quia</span> <span class='ocrx_word' id='word_1_684' title='bbox 1720 4841 1756 4905; x_wconf 93' lang='lat' dir='ltr'>in</span> <span class='ocrx_word' id='word_1_685' title='bbox 1777 4840 1928 4905; x_wconf 93' lang='lat' dir='ltr'>omnibus</span> <span class='ocrx_word' id='word_1_686' title='bbox 1949 4839 2015 4905; x_wconf 87' lang='lat' dir='ltr'>illis</span> <span class='ocrx_word' id='word_1_687' title='bbox 2037 4840 2225 4924; x_wconf 88' lang='lat' dir='ltr'>regionibus</span> <span class='ocrx_word' id='word_1_688' title='bbox 2244 4839 2341 4906; x_wconf 89' lang='lat' dir='ltr'>desiit</span> <span class='ocrx_word' id='word_1_689' title='bbox 2358 4862 2450 4906; x_wconf 86' lang='lat' dir='ltr'>sacra</span> 
     </span>
     <span class='ocr_line' id='line_1_83' title="bbox 1477 4926 2450 5009; baseline -0.002 -17"><span class='ocrx_word' id='word_1_690' title='bbox 1477 4927 1557 4992; x_wconf 90' lang='lat' dir='ltr'>haec</span> <span class='ocrx_word' id='word_1_691' title='bbox 1578 4926 1802 5009; x_wconf 86' lang='lat' dir='ltr'>episcoporum</span> <span class='ocrx_word' id='word_1_692' title='bbox 1823 4926 1992 5004; x_wconf 89' lang='lat' dir='ltr'>successio,</span> <span class='ocrx_word' id='word_1_693' title='bbox 2015 4926 2107 4990; x_wconf 91' lang='lat' dir='ltr'>cuius</span> <span class='ocrx_word' id='word_1_694' title='bbox 2124 4926 2280 4990; x_wconf 88' lang='lat' dir='ltr'>beneficio</span> <span class='ocrx_word' id='word_1_695' title='bbox 2297 4947 2332 4991; x_wconf 90' lang='lat' dir='ltr'>se</span> <span class='ocrx_word' id='word_1_696' title='bbox 2350 4927 2450 4992; x_wconf 92' lang='lat' dir='ltr'>eccle-</span> 
     </span>
     <span class='ocr_line' id='line_1_84' title="bbox 1475 5009 2449 5094; baseline -0.001 -17"><span class='ocrx_word' id='word_1_697' title='bbox 1475 5014 1541 5077; x_wconf 89' lang='lat' dir='ltr'>sias</span> <span class='ocrx_word' id='word_1_698' title='bbox 1573 5011 1746 5075; x_wconf 90' lang='lat' dir='ltr'>retinuisse</span> <span class='ocrx_word' id='word_1_699' title='bbox 1775 5009 1967 5093; x_wconf 87' lang='lat' dir='ltr'>glorientur.</span> <span class='ocrx_word' id='word_1_700' title='bbox 2010 5012 2061 5076; x_wconf 85' lang='lat' dir='ltr'>Eo</span> <span class='ocrx_word' id='word_1_701' title='bbox 2089 5013 2191 5094; x_wconf 90' lang='lat' dir='ltr'>igitur</span> <span class='ocrx_word' id='word_1_702' title='bbox 2218 5012 2380 5090; x_wconf 88' lang='lat' dir='ltr'>recidunt,</span> <span class='ocrx_word' id='word_1_703' title='bbox 2415 5033 2449 5076; x_wconf 89' lang='lat' dir='ltr'>se</span> 
     </span>
     <span class='ocr_line' id='line_1_85' title="bbox 1475 5094 2450 5180; baseline 0.001 -19"><span class='ocrx_word' id='word_1_704' title='bbox 1475 5098 1548 5162; x_wconf 92' lang='lat' dir='ltr'>ideo</span> <span class='ocrx_word' id='word_1_705' title='bbox 1564 5116 1677 5160; x_wconf 88' lang='lat' dir='ltr'>veram</span> <span class='ocrx_word' id='word_1_706' title='bbox 1699 5094 1820 5161; x_wconf 89' lang='lat' dir='ltr'>habere</span> <span class='ocrx_word' id='word_1_707' title='bbox 1841 5096 2018 5176; x_wconf 78' lang='lat' dir='ltr'>ecclesiam</span> <span class='ocrx_word' id='word_1_708' title='bbox 2041 5099 2119 5180; x_wconf 87' lang='lat' dir='ltr'>quia</span> <span class='ocrx_word' id='word_1_709' title='bbox 2140 5119 2181 5162; x_wconf 86' lang='lat' dir='ltr'>ex</span> <span class='ocrx_word' id='word_1_710' title='bbox 2202 5118 2267 5179; x_wconf 93' lang='lat' dir='ltr'>quo</span> <span class='ocrx_word' id='word_1_711' title='bbox 2288 5119 2358 5162; x_wconf 90' lang='lat' dir='ltr'>esse</span> <span class='ocrx_word' id='word_1_712' title='bbox 2379 5119 2450 5163; x_wconf 92' lang='lat' dir='ltr'>coe·</span> 
     </span>
     <span class='ocr_line' id='line_1_86' title="bbox 1475 5182 2450 5265; baseline -0.001 -19"><span class='ocrx_word' id='word_1_713' title='bbox 1475 5183 1538 5265; x_wconf 93' lang='lat' dir='ltr'>pit,</span> <span class='ocrx_word' id='word_1_714' title='bbox 1571 5182 1762 5246; x_wconf 81' lang='lat' dir='ltr'>nonfuerit</span> <span class='ocrx_word' id='word_1_715' title='bbox 1789 5182 1946 5265; x_wconf 90' lang='lat' dir='ltr'>episeopis</span> <span class='ocrx_word' id='word_1_716' title='bbox 1974 5183 2145 5249; x_wconf 87' lang='lat' dir='ltr'>destituta:</span> <span class='ocrx_word' id='word_1_717' title='bbox 2179 5190 2336 5265; x_wconf 89' lang='lat' dir='ltr'>perpetua</span> <span class='ocrx_word' id='word_1_718' title='bbox 2363 5185 2450 5246; x_wconf 87' lang='lat' dir='ltr'>enim</span> 
     </span>
     <span class='ocr_line' id='line_1_87' title="bbox 1475 5266 2449 5351; baseline -0.003 -18"><span class='ocrx_word' id='word_1_719' title='bbox 1475 5266 1560 5333; x_wconf 87' lang='lat' dir='ltr'>serie</span> <span class='ocrx_word' id='word_1_720' title='bbox 1587 5266 1668 5333; x_wconf 88' lang='lat' dir='ltr'>alios</span> <span class='ocrx_word' id='word_1_721' title='bbox 1695 5267 1768 5333; x_wconf 87' lang='lat' dir='ltr'>aliis</span> <span class='ocrx_word' id='word_1_722' title='bbox 1790 5269 1991 5335; x_wconf 88' lang='lat' dir='ltr'>successisse.</span> <span class='ocrx_word' id='word_1_723' title='bbox 2026 5267 2094 5335; x_wconf 79' lang='lat' dir='ltr'>Sed</span> <span class='ocrx_word' id='word_1_724' title='bbox 2116 5268 2202 5351; x_wconf 93' lang='lat' dir='ltr'>quid,</span> <span class='ocrx_word' id='word_1_725' title='bbox 2226 5269 2254 5332; x_wconf 91' lang='lat' dir='ltr'>si</span> <span class='ocrx_word' id='word_1_726' title='bbox 2275 5268 2449 5333; x_wconf 83' lang='lat' dir='ltr'>Graeciam</span> 
     </span>
     <span class='ocr_line' id='line_1_88' title="bbox 1475 5352 2450 5439; baseline 0.001 -22"><span class='ocrx_word' id='word_1_727' title='bbox 1475 5353 1541 5418; x_wconf 92' lang='lat' dir='ltr'>illis</span> <span class='ocrx_word' id='word_1_728' title='bbox 1641 5352 1735 5418; x_wconf 82' lang='lat' dir='ltr'>ram?</span> <span class='ocrx_word' id='word_1_729' title='bbox 1779 5353 1911 5435; x_wconf 78' lang='lat' dir='ltr'>Quaero</span> <span class='ocrx_word' id='word_1_730' title='bbox 1938 5356 2042 5439; x_wconf 91' lang='lat' dir='ltr'>igitur</span> <span class='ocrx_word' id='word_1_731' title='bbox 2063 5356 2182 5420; x_wconf 87' lang='lat' dir='ltr'>iterum</span> <span class='ocrx_word' id='word_1_732' title='bbox 2204 5356 2245 5419; x_wconf 91' lang='lat' dir='ltr'>ab</span> <span class='ocrx_word' id='word_1_733' title='bbox 2266 5354 2360 5436; x_wconf 91' lang='lat' dir='ltr'>ipsis,</span> <span class='ocrx_word' id='word_1_734' title='bbox 2389 5374 2450 5418; x_wconf 90' lang='lat' dir='ltr'>our</span> 
     </span>
     <span class='ocr_line' id='line_1_89' title="bbox 1476 5374 2449 5524; baseline 0.001 -21"><span class='ocrx_word' id='word_1_735' title='bbox 1476 5374 1731 5523; x_wconf 51' lang='lat' dir='ltr'>apudrlloraeoos</span> <span class='ocrx_word' id='word_1_736' title='bbox 1752 5441 1888 5524; x_wconf 86' lang='lat' dir='ltr'>periisse</span> <span class='ocrx_word' id='word_1_737' title='bbox 1909 5441 2078 5507; x_wconf 81' lang='lat' dir='ltr'>ecclesiam</span> <span class='ocrx_word' id='word_1_738' title='bbox 2100 5440 2223 5517; x_wconf 89' lang='lat' dir='ltr'>dicant,</span> <span class='ocrx_word' id='word_1_739' title='bbox 2252 5438 2337 5521; x_wconf 90' lang='lat' dir='ltr'>apud</span> <span class='ocrx_word' id='word_1_740' title='bbox 2366 5459 2449 5520; x_wconf 91' lang='lat' dir='ltr'>quos</span> 
     </span>
     <span class='ocr_line' id='line_1_90' title="bbox 1476 5526 2448 5610; baseline -0.002 -20"><span class='ocrx_word' id='word_1_741' title='bbox 1476 5546 1643 5609; x_wconf 90' lang='lat' dir='ltr'>uunquam</span> <span class='ocrx_word' id='word_1_742' title='bbox 1664 5527 1847 5608; x_wconf 83' lang='lat' dir='ltr'>interrupta</span> <span class='ocrx_word' id='word_1_743' title='bbox 1867 5527 1930 5590; x_wconf 89' lang='lat' dir='ltr'>fuit</span> <span class='ocrx_word' id='word_1_744' title='bbox 1946 5526 2008 5592; x_wconf 85' lang='lat' dir='ltr'>illa</span> <span class='ocrx_word' id='word_1_745' title='bbox 2028 5528 2252 5610; x_wconf 87' lang='lat' dir='ltr'>episcoporum</span> <span class='ocrx_word' id='word_1_746' title='bbox 2280 5527 2448 5604; x_wconf 84' lang='lat' dir='ltr'>successio,</span> 
     </span>
     <span class='ocr_line' id='line_1_91' title="bbox 1476 5612 2451 5694; baseline -0.002 -17"><span class='ocrx_word' id='word_1_747' title='bbox 1476 5612 1582 5690; x_wconf 89' lang='lat' dir='ltr'>unica,</span> <span class='ocrx_word' id='word_1_748' title='bbox 1604 5632 1719 5676; x_wconf 89' lang='lat' dir='ltr'>eorum</span> <span class='ocrx_word' id='word_1_749' title='bbox 1736 5613 1896 5694; x_wconf 90' lang='lat' dir='ltr'>opinione,</span> <span class='ocrx_word' id='word_1_750' title='bbox 1919 5612 2072 5678; x_wconf 87' lang='lat' dir='ltr'>eeclesiae</span> <span class='ocrx_word' id='word_1_751' title='bbox 2094 5619 2201 5677; x_wconf 89' lang='lat' dir='ltr'>custos</span> <span class='ocrx_word' id='word_1_752' title='bbox 2222 5619 2256 5674; x_wconf 90' lang='lat' dir='ltr'>et</span> <span class='ocrx_word' id='word_1_753' title='bbox 2276 5630 2451 5676; x_wconf 85' lang='lat' dir='ltr'>conserva-</span> 
     </span>
    </p>
   </div>
   <div class='ocr_carea' id='block_1_9' title="bbox 0 0 2807 6804">
    <p class='ocr_par' dir='ltr' id='par_1_9' title="bbox 0 0 2807 6804">
     <span class='ocr_line' id='line_1_92' title="bbox 0 0 2807 6804; baseline 0 0"><span class='ocrx_word' id='word_1_754' title='bbox 0 0 2807 6804; x_wconf 95' lang='lat' dir='ltr'> </span> 
     </span>
    </p>
   </div>
  </div>
 </body>
</html>
