5600 6809
442 767 503 828 555
804 740 808 744 ’
874 747 878 757 ’
1091 753 1357 825 5555155515
1379 756 1485 821 555.
1507 753 1689 821 canusa
1715 757 1805 819 1559.
2210 813 2214 823 .
2383 762 2446 824 555

526 954 554 1014 2.
599 949 688 1014 Illud
714 967 844 1031 quoque
871 946 1082 1012 fabissimum
1111 953 1176 1023 555,
1211 944 1327 1008 abduci
1357 945 1416 1008 ho·
1469 946 1507 1006 ut
1527 950 1642 1005 mutuo
1663 942 1745 1006 inter
1765 962 1826 1005 555
1848 940 2038 1025 diligamus,
2068 944 2343 1026 quemadmodum
2365 945 2446 1012 dile-

439 1036 566 1103 minum
588 1035 715 1100 animos
737 1033 778 1098 ab
801 1032 921 1098 affectu
949 1032 1031 1097 bene
1102 1030 1192 1110 endi,
1222 1051 1325 1113 quum
1351 1030 1416 1095 illis
1468 1025 2354 1096 5155550555.)55555555551551111555111115
2375 1032 2446 1099 dia-

438 1119 587 1186 merendi
620 1120 806 1203 opinionem
838 1117 992 1182 tollimus.
1051 1116 1078 1182 0
1104 1117 1156 1181 'ter
1190 1115 1240 1181 515
1272 1115 1417 1180 moaeadi
1468 1111 1549 1189 heli,
1572 1111 1657 1178 filios
1676 1112 1759 1177 lucis
1780 1132 1800 1176 a
1820 1113 1897 1177 filiis
1926 1114 2149 1194 tenebrarum,
2178 1116 2257 1198 quia
2283 1118 2320 1180 in
2347 1117 2446 1185 dilee-

347 1240 353 1264 ι
438 1212 513 1272 caat
538 1205 677 1284 15555555,
710 1205 830 1270 imolae
863 1205 928 1268 555
943 1203 1129 1268 5555555551
1157 1223 1179 1267 5
1207 1203 1341 1266 mercede
1374 1202 1417 1265 ad
1470 1197 1559 1261 tione
1586 1197 1745 1261 manent?
1776 1198 1832 1262 illo
1860 1201 1943 1264 item
1961 1201 2058 1266 Pauli
2080 1200 2113 1284 (l
2133 1200 2207 1265 Cor.
2229 1205 2257 1279 6,
2287 1207 2324 1265 17
2343 1205 2377 1268 et
2397 1209 2445 1282 12,

439 1293 599 1370 meritae,
633 1296 667 1355 at
700 1296 809 1372 555555
841 1290 959 1353 dariae
989 1288 1160 1370 explicabo:
1194 1287 1271 1369 qaia
1303 1286 1417 1351 55111555
1473 1282 1541 1367 12);
1565 1304 1634 1362 555,
1657 1284 1685 1348 51
1702 1282 1836 1348 Christe
1853 1285 2079 1366 adhaeremus,
2100 1286 2197 1352 unius
2214 1308 2285 1352 esse
2302 1290 2447 1372 eorporis

433 1379 635 1462 5515551555
659 1376 741 1441 illud
767 1377 920 1457 15555551,
947 1395 1010 1438 555
1034 1375 1143 1438 micae
1168 1373 1326 1438 liberalem
1352 1392 1418 1436 esse
1469 1369 1625 1447 membra,
1648 1389 1731 1451 quae
1752 1371 1894 1435 invicem
1916 1372 2065 1436 adiuvari
2086 1373 2210 1436 mutuis
2232 1374 2347 1440 officiis
2369 1396 2446 1441 eon-

439 1463 545 1529 Deum
571 1458 627 1527 551
653 1461 818 1526 mercedem
850 1460 993 1541 spector
1025 1460 1180 1543 55515555,
1213 1478 1309 1540 qaam
1341 1457 1417 1522 dam
1469 1453 1601 1520 veniat?
1641 1455 1696 1519 An
1718 1454 1760 1518 ad
1782 1457 1987 1521 sanctitatem
2008 1459 2123 1522 fortius
2144 1461 2324 1540 provocari,
2346 1482 2447 1543 quam

439 1554 517 1614 recte
538 1546 650 1631 555555
670 1545 850 1628 facultatem
873 1545 1016 1628 15551555.
1054 1544 1122 1610 Hoc
1143 1549 1246 1609 tamen
1267 1544 1303 1608 15
1321 1563 1418 1619 paam
1470 1538 1550 1604 dum
1581 1561 1714 1605 rursum
1747 1542 1787 1606 55
1812 1542 1936 1607 Ioanne
1964 1543 1996 1626 (1
2022 1544 2137 1608 Ioann.
2163 1547 2192 1621 3,
2218 1544 2252 1629 3)
2286 1545 2446 1626 audimus,

439 1635 539 1701 155555
560 1634 686 1714 differre
707 1631 796 1696 aczo.
841 1628 935 1696 Noae
961 1651 1058 1713 qaam
1085 1628 1283 1712 1555555515
1311 1649 1419 1693 eoram
1470 1646 1582 1690 omnes
1608 1625 1665 1708 qui
1690 1624 1814 1691 hahent
1840 1627 1926 1692 hanc
1948 1649 2048 1711 spem,
2071 1631 2274 1695 sanctificare
2295 1653 2330 1696 55
2348 1633 2445 1714 ipses,

440 1719 574 1797 55155515,
598 1717 854 1800 55115555555515
875 1716 949 1795 erit,
977 1716 1059 1797 5555
1085 1709 1203 1780 duobos
1228 1713 1417 1796 5555575555.
1492 1711 1625 1775 uoniam
1657 1711 1750 1777 Dens
1782 1733 1896 1778 eorum
1930 1721 2062 1780 sanctus
2092 1714 2163 1780 est?
2205 1718 2279 1781 item
2317 1738 2356 1782 55
2394 1739 2447 1784 ore

438 1804 526 1871 Nam
552 1804 672 1884 primo,
706 1802 791 1885 quod
819 1802 911 1868 aiunt
936 1801 1065 1866 nullam
1096 1801 1166 1865 fore
1191 1821 1305 1864 curam
1333 1800 1418 1865 bene
1502 1795 1572 1861 5511
1593 1796 1627 1881 (2
1647 1795 1721 1861 Cor.
1741 1801 1770 1877 7,
1793 1804 1841 1883 1),
1874 1804 1909 1862 ut
1937 1801 2114 1880 adoptione
2138 1803 2351 1882 promissione
2372 1804 2449 1885 freti

439 1889 660 1955 instituendae
681 1888 770 1953 51555
792 1888 857 1953 5151
879 1907 936 1970 555
957 1886 1117 1953 mercedis
1139 1886 1319 1969 proposita,
1347 1893 1419 1950 tota
1470 1882 1657 1947 mandemus
1678 1903 1736 1948 555
1757 1884 1795 1948 55
1816 1886 1900 1948 maai
1921 1886 2153 1967 inquinamento
2173 1889 2283 1952 corcis
2302 1893 2331 1954 c
2351 1891 2448 1970 apiri-

439 1976 494 2042 via
516 1982 635 2039 errant.
680 1971 720 2039 Si
737 1973 826 2038 enim
843 1972 905 2037 hoc
922 1978 1053 2037 tentum
1070 1973 1188 2056 agitur,
1210 1978 1250 2035 ut
1266 1971 1417 2036 homines
1470 1967 1544 2032 tas?
1572 1986 1670 2049 quam
1697 1968 1776 2033 dum
1797 1968 1969 2034 Christum
1991 1971 2142 2036 audimus
2165 1993 2201 2037 se
2220 1974 2314 2039 nobis
2336 1995 2447 2040 exem-

438 2058 623 2126 mercedem
649 2064 797 2141 spectent
824 2079 925 2141 quum
946 2058 1019 2123 Deo
1046 2059 1195 2124 serviunt
1217 2054 1319 2121 551111
1341 2079 1417 2123 suas
1469 2053 1809 2137 plarproponentem,
1832 2063 1951 2120 55555
1973 2058 2112 2142 vestigia
2133 2059 2328 2141 sequamur?

439 2167 553 2230 operas
575 2146 683 2211 locent
704 2152 762 2209 aut
782 2141 944 2222 vendant,
966 2164 1085 2226 parum
1106 2144 1284 2226 proficitur.
1330 2142 1417 2207 Gra-
1557 2142 1586 2203 3.
1630 2141 1740 2222 Atque
1761 2141 1841 2207 haec
1863 2142 1994 2223 quidem
2016 2144 2156 2226 paucula
2176 2150 2306 2209 tautum
2327 2146 2362 2209 in
2382 2165 2446 2228 gu-

439 2233 482 2298 515
504 2232 566 2297 5511
587 2231 673 2309 5515,
696 2229 800 2313 gratis
821 2229 938 2329 amam,
960 2229 1063 2308 huno,
1085 2229 1237 2312 inquam,
1260 2228 1418 2293 cultorem
1470 2230 1558 2289 stum
1578 2227 1740 2308 preposui.
1785 2226 1870 2290 Nam
1893 2229 1921 2292 si
1944 2229 2074 2312 singula
2095 2229 2245 2313 persequi
2267 2238 2352 2295 esset
2373 2231 2446 2296 ani·

439 2317 564 2402 probat,
587 2317 643 2399 qui
664 2314 811 2398 55555155
833 2336 921 2380 emm
942 2336 1000 2397 spe
1021 2313 1226 2396 recipiendae
1247 2313 1416 2391 mercedis,
1470 2331 1552 2388 mus,
1592 2309 1728 2395 longum
1766 2311 1920 2377 volumen
1959 2313 2199 2379 contexendum
2235 2316 2326 2380 foret
2371 2317 2447 2382 ’.11511

440 2403 545 2469 celere
568 2409 678 2466 tamen
701 2413 776 2465 eum
800 2423 866 2465 555
888 2399 1024 2465 desinat.
1068 2400 1234 2479 Parrasi
1260 2398 1418 2465 incitandi
1470 2396 1715 2478 paraenesibus,
1744 2397 2039 2478 adhortationibus,
2068 2400 2337 2484 castigationibus
2358 2401 2447 2486 pleni

439 2496 518 2556 sunt
543 2487 710 2566 homines,
741 2507 838 2550 nemo
865 2486 969 2569 possit
995 2486 1135 2552 55515555
1162 2484 1337 2550 admovere
1359 2485 1417 2550 sti-
1470 2486 1550 2545 sunt
1576 2483 1728 2564 55555511,
1758 2483 1877 2566 quibus
1903 2484 2071 2550 hominem
2091 2486 2157 2551 Dei
2179 2485 2221 2551 ad
2242 2509 2338 2552 omne
2365 2509 2446 2572 opus

438 2574 546 2641 mulos
579 2593 678 2654 quam
705 2594 726 2636 a
753 2571 988 2655 redemptionis
1015 2591 1053 2637 55
1080 2572 1259 2637 5555515515
1286 2578 1418 2636 5555555
1469 2566 1592 2631 bonum
1623 2568 1818 2647 instituant,
1850 2569 1948 2653 idque
1981 2570 2063 2636 eitra
2093 2573 2203 2637 meriti
2235 2575 2444 2639 mentionem

439 2660 519 2725 fine:
549 2658 662 2741 quales
688 2656 822 2726 adhibet
849 2656 986 2722 verbum
1012 2657 1162 2737 Domini,
1192 2677 1295 2738 quum
1316 2655 1418 2720 tradit
1470 2650 1562 2732 Quin
1588 2654 1696 2735 potius
1724 2654 1801 2719 inde
1831 2655 2017 2739 potissimas
2043 2656 2167 2722 ducunt
2192 2658 2445 2741 exhortationes,
2494 2736 2498 2743 ι

439 2746 538 2810 515515
568 2744 701 2824 impiam
723 2764 788 2808 esse
814 2743 1080 2826 iaprclitcdicem,
1107 2763 1170 2828 555
1195 2747 1301 2807 mutuo
1328 2743 1419 2807 reda
1469 2738 1556 2820 qnod
1576 2738 1667 2803 nullo
1689 2747 1802 2805 nostro
1823 2742 1949 2820 merite,
1970 2742 2039 2807 sola
2054 2744 2119 2808 Dei
2141 2744 2363 2810 misericordia
2382 2753 2447 2811 stet

439 2851 612 2895 mareeam
629 2829 757 2910 551555
772 2825 1417 2926 55555555(1155554,15),555-
1469 2830 1583 2888 nostra
1605 2824 1703 2890 salus.
1749 2824 2032 2906 Quemadmodum
2054 2828 2180 2894 Paulus
2200 2829 2309 2915 (Rom.
2332 2835 2380 2907 12,
2402 2830 2443 2916 1),

439 2917 539 3002 guina
567 2914 690 2981 Christi
718 2914 891 2979 emundari
921 2914 962 2979 ab
995 2914 1148 2996 operibus
1174 2920 1313 2978 mortuus
1341 2933 1418 2977 eon·
1469 2909 1526 2973 ubi
1547 2916 1616 2974 tota
1642 2910 1788 2994 epistola.
1805 2911 1959 2977 dissen1it
1985 2914 2111 2979 nullam
2137 2935 2209 2980 esse
2234 2915 2327 2980 55515
2352 2937 2445 2999 spem

439 3001 593 3068 scientias
613 3006 752 3077 nostras,
776 2999 818 3064 ad
839 2997 1050 3066 serviendum
1065 3001 1137 3064 Deo
1155 2999 1282 3066 viventi
1299 2996 1417 3083 (Hebr.
1469 2994 1568 3075 vitae,
1591 2995 1655 3061 5151
1677 2997 1688 3060 1
1729 2996 1854 3063 Christi
1875 2998 2010 3079 iustitia,
2033 2999 2088 3064 ubi
2110 2999 2153 3065 ad
2172 3019 2365 3084 paraeneses
2387 3000 2444 3066 de·

441 3091 470 3167 9,
493 3085 562 3170 14);
591 3085 758 3169 {camum
784 3105 849 3151 5555
872 3086 1074 3170 sacacium
1093 3087 1125 3150 51
1152 3085 1245 3151 senei
1265 3084 1417 3164 amadati,
1470 3079 1605 3161 scandit,
1627 3103 1687 3165 per
1707 3081 1800 3148 illam
1816 3084 1882 3149 Dei
1898 3085 2142 3150 miserationem
2162 3108 2227 3169 qua
2246 3107 2308 3152 555
2329 3085 2445 3171 digna·

438 3173 528 3237 accis
546 3170 690 3236 55551555
710 3171 1003 3253 55515551555555,
1030 3191 1158 3236 caeram
1179 3170 1271 3238 511555
1291 3170 1419 3254 555551-
1469 3172 1523 3231 tus
1552 3174 1603 3232 est
1630 3167 1784 3234 obsecrat
1829 3169 1876 3233 Et
1902 3191 1982 3235 sane
2013 3170 2095 3238 haec
2126 3171 2218 3238 55515
2248 3193 2318 3237 una
2347 3194 2446 3238 eausa

423 3277 508 3324 'aem
528 3257 741 3339 profanamus
762 3255 879 3339 (Hebr.
902 3262 950 3337 10,
975 3256 1049 3341 29);
1079 3256 1233 3322 liberatos
1261 3277 1418 3322 essenos
1470 3252 1551 3317 55515
1573 3273 1643 3318 esse
1671 3253 1841 3334 debuerat,
1871 3263 1909 3319 ut
1935 3256 2029 3321 Deus
2055 3258 2092 3320 in
2118 3258 2211 3323 nobis
2237 3257 2444 3341 glorificetur.

412 3365 457 3409 *e
478 3365 578 3408 mauu
606 3341 752 3407 hostium
774 3350 975 3420 nostrorum,
1004 3349 1043 3406 ut
1069 3343 1141 3407 sine
1169 3343 1288 3407 timore
1315 3342 1417 3406 servi·
1470 3335 1618 3418 Quodsi
1640 3341 1696 3422 551
1716 3340 1782 3405 Ι)51
1803 3340 1907 3424 gloria
1931 3362 1999 3407 nou
2027 3342 2107 3408 adeo
2135 3343 2349 3409 vehementer
2374 3344 2445 3409 affi-

438 3451 533 3495 amus
560 3427 609 3491 illi
636 3428 671 3492 in
691 3427 864 3493 sanctitate
887 3436 920 3493 et
941 3428 1066 3494 iustitia
1086 3447 1197 3495 coram
1217 3429 1289 3511 ipso
1311 3428 1417 3492 omni-
1469 3425 1609 3504 ciuntur,
1632 3427 1791 3491 memoria
1807 3434 1919 3491 tamen
1940 3427 2173 3494 beneficiorum
2190 3430 2261 3494 eius
2281 3430 2445 3496 sufficien·
2557 3475 2562 3492 .

435 3513 499 3579 hus
522 3513 636 3578 diebus
658 3512 745 3577 vitae
766 3522 897 3578 nostrae
920 3512 1016 3597 (Luc.
1039 3519 1066 3592 1,
1086 3512 1142 3597 74)
1149 3537 1157 3594 ;
1180 3532 1237 3578 555
1257 3535 1279 3578 5
1293 3517 1418 3595 peceato
1468 3509 1597 3574 tissima
1619 3519 1686 3591 est,
1716 3533 1800 3595 quae
1828 3512 1910 3577 tales
1938 3512 1981 3577 ad
2008 3514 2298 3580 benefaciendum
2322 3516 2444 3581 1551555

441 3601 650 3682 5555515555
671 3619 749 3678 esse,
777 3599 927 3665 55115555
952 3599 1071 3680 5515155
1098 3599 1253 3664 iustitiam
1280 3599 1419 3664 colemus
1469 3595 1598 3660 Verum
1615 3597 1764 3680 15515515
1781 3598 1913 3664 servilia
1933 3599 2017 3664 forte
2038 3599 2148 3682 aliqua
2169 3609 2343 3683 coactaque
2364 3602 2445 3685 lema

442 3682 554 3770 (Rom.
581 3687 610 3765 6,
637 3683 691 3766 18)
698 3709 708 3763 ,·
742 3685 927 3766 5555155555
952 3704 1018 3750 esse
1043 3689 1170 3750 celerem
1198 3689 1340 3750 55555555
1367 3684 1418 3748 bo
1470 3682 1623 3765 obsequia
1649 3682 1838 3766 ingerendis
1863 3685 1990 3749 meritis
2011 3685 2213 3762 extendunt,
2241 3688 2446 3752 mentiuntur

441 3771 572 3848 minem,
605 3773 639 3833 51
666 3769 702 3834 ic
729 3771 811 3835 citae
835 3772 1000 3836 5555555555
1025 3790 1227 3854 5555555555
1255 3768 1347 3856 (ibid.
1372 3768 1416 3853 6).
1469 3789 1529 3833 555
1561 3767 1646 3832 51511
1673 3767 1794 3834 habere
1822 3790 1886 3852 quo
1915 3769 1957 3834 ad
1983 3770 2069 3836 bona
2098 3793 2198 3855 opera
2225 3773 2445 3850 exhortemur,

443 3854 538 3932 Item,
571 3855 600 3918 51
628 3857 744 3919 mortui
772 3856 874 3920 515555
905 3877 976 3921 eum
1005 3853 1129 3922 Christo
1159 3854 1208 3942 (at
1237 3856 1318 3922 decet
1349 3857 1418 3922 5155
1469 3855 1546 3938 5515
1573 3873 1640 3917 555
1667 3854 1782 3919 eadem
1809 3855 2012 3939 ingredimur
2037 3857 2101 3923 via
2148 3856 2253 3938 Quasi
2273 3880 2352 3925 vero
2371 3859 2445 3924 tali·

442 3939 594 4023 membro)
611 3941 787 4021 quaerenda
804 3961 870 4007 esce
891 3963 971 4025 qaae
990 3962 1120 4007 cursam
1139 3946 1213 4007 saal
1225 3940 1309 4027 (Col.
1323 3945 1352 4019 3,
1374 3941 1416 4026 1),
1469 3940 1530 4005 bus
1557 3940 1717 4023 obsequiis
1739 3941 1835 4007 valde
1856 3941 2037 4007 oblectetur
2057 3941 2166 4023 Deus,
2194 3945 2251 4027 qui
2275 3945 2447 4027 profitetur

443 4022 524 4091 55151
546 4025 662 4090 amado
682 4027 1081 4110 peccatoremque
1102 4027 1199 4093 coelos
1219 4027 1418 4109 5555555555
1470 4047 1505 4092 55
1526 4025 1666 4090 hilarem
1687 4025 1834 4093 datorem
1856 4025 1993 4112 diligere
2015 4028 2050 4112 (2
2069 4028 2143 4094 Cor.
2164 4035 2193 4109 9,
2213 4031 2265 4114 7),
2293 4038 2327 4094 55
2354 4028 2446 4111 quid·

442 4109 496 4177 551
518 4116 562 4177 555
583 4111 749 4177 5555555555
769 4119 888 4192 coelem
913 4115 949 4177 in
976 4113 1037 4178 hcc
1064 4113 1255 4197 apparuisse
1276 4113 1419 4198 gratiam
1470 4132 1568 4195 quam
1598 4110 1669 4177 dari
1694 4115 1789 4195 qnasi
1817 4135 1860 4178 ex
1887 4114 2024 4179 tristitia
2049 4122 2106 4179 aut
2132 4117 2325 4180 necessitate
2345 4121 2443 4178 vetat

440 4196 577 4263 Domini
599 4196 677 4283 (ait
697 4203 726 4278 2,
748 4202 784 4261 11
805 4197 926 4282 5555),
949 4207 987 4264 55
1008 4198 1171 4282 abnegata
1191 4199 1280 4263 omni
1302 4198 1418 4283 impie-
1469 4199 1584 4283 Neque
1605 4197 1641 4264 id
1665 4198 1738 4264 dico
1764 4198 1849 4283 quod
1876 4200 1911 4265 id
1937 4199 1991 4265 vel
2017 4221 2171 4284 respuam
2198 4200 2251 4266 vel
2279 4198 2444 4281 negligam

440 4287 516 4363 tate,
545 4290 578 4348 et
603 4283 779 4348 mundanis
807 4283 986 4368 desideriis,
1013 4285 1127 4364 sobrie,
1155 4289 1276 4364 sancte,
1305 4292 1339 4350 55
1364 4285 1419 4368 515
1470 4284 1707 4351 adhortationis
1742 4307 1847 4370 genus
1886 4285 1983 4369 quod
2012 4287 2173 4368 scriptura
2212 4303 2444 4366 saepenumero

439 4369 590 4436 vivamus
611 4369 648 4432 15
669 4368 732 4434 555
754 4368 892 4448 5555515,
918 4378 1146 4454 exspectantes
1172 4370 1303 4435 beatam
1325 4391 1418 4454 spem
1470 4379 1624 4455 usurpat,
1656 4391 1699 4436 55
1726 4371 1828 4437 511551
1858 4372 1990 4436 omittat
2021 4392 2080 4436 nos
2107 4369 2251 4453 undique
2278 4366 2445 4432 animandi

438 4462 473 4519 et
504 4455 744 4539 apparitionem
777 4455 901 4538 gloriae
933 4457 1046 4540 magni
1072 4455 1138 4521 Dei
1168 4464 1203 4520 et
1234 4455 1415 4522 salvatoris.
1469 4458 1640 4522 rationem
1672 4456 1915 4523 Commemorat
1931 4457 2019 4521 enim
2035 4453 2219 4520 mercedem
2236 4473 2334 4536 quam
2350 4452 2445 4519 Deus

438 4537 551 4623 Quare
573 4561 721 4605 555555
743 4561 814 4606 esse
836 4541 1039 4621 constitutos,
1061 4547 1100 4606 ut
1119 4542 1204 4606 iram
1223 4542 1317 4607 nobis
1339 4563 1417 4608 con-
1468 4543 1658 4609 redditurus
1684 4545 1728 4608 sit
1753 4543 1929 4625 unicuique
1955 4539 2135 4606 secundum
2162 4560 2261 4623 opera
2286 4559 2359 4618 sua;
2388 4539 2445 4604 sed

437 4626 584 4705 51555555,
607 4624 665 4691 sed
689 4633 726 4691 55
747 4625 887 4692 salutem
909 4646 1147 4710 consequamur
1167 4648 1227 4711 per
1244 4626 1417 4694 Christum
1468 4629 1551 4695 illud
1567 4629 1702 4694 unicum
1719 4635 1815 4711 atque
1832 4629 1931 4692 etism
1948 4625 1984 4689 in
2002 4625 2116 4690 multis
2136 4627 2352 4710 praecipuum
2374 4646 2445 4692 esse

438 4709 1416 4798 (1Τ5555.5,9);55555551555515551515555555515555
1468 4737 1510 4781 ne
1534 4737 1562 4780 ο.
1606 4714 1735 4779 Deinde
1763 4711 1936 4778 exordium
1961 4710 2039 4775 iude
2060 4710 2257 4776 sumendum
2279 4732 2346 4775 non
2368 4732 2445 4777 eon·

437 4797 604 4878 profanari
631 4797 673 4862 sit
699 4799 791 4863 nefas
813 4802 844 4875 (1
866 4797 941 4864 Cor.
960 4802 989 4878 3,
1016 4803 1069 4878 16;
1097 4799 1183 4883 Eph.
1203 4803 1232 4878 2,
1256 4798 1327 4881 21);
1356 4821 1416 4865 nos
1527 4822 1554 4866 5.
1588 4799 1642 4864 Ad
1663 4801 1753 4877 haec,
1775 4797 1861 4861 nihil
1881 4797 1988 4861 faeere
2009 4794 2052 4860 ad
2072 4796 2238 4881 erigenda,
2261 4797 2370 4880 qualia
2389 4797 2444 4862 isti

436 4881 589 4946 tenebras
615 4904 681 4948 non
707 4905 792 4963 5555,
821 4881 879 4948 sed
901 4884 1007 4950 lucem
1028 4886 1065 4948 in
1086 4884 1244 4964 Domino,
1275 4906 1355 4968 quos
1377 4893 1416 4950 ut
1467 4885 1670 4970 praedicant,
1698 4883 1815 4949 merita
1836 4881 2011 4963 contende,
2034 4881 2310 4965 quemadmodum
2333 4890 2445 4966 postea

437 4964 522 5030 filios
549 4966 631 5031 lucis
659 4969 827 5034 ambulare
853 4978 1001 5052 oporteat
1027 4968 1119 5056 (ibid.
1141 4975 1169 5050 5,
1196 4975 1231 5050 8;
1264 4970 1413 5037 l'l'hess.
1466 4971 1657 5037 videbimus.
1688 4969 1862 5034 Postremo
1883 4988 1989 5050 55555
2010 4968 2085 5033 5551
2106 4989 2186 5049 esse,
2209 4970 2274 5034 5151
2296 4968 2444 5035 doctrina

439 5053 468 5130 5,
495 5051 530 5134 4)
536 5074 544 5129 ;
577 5073 637 5116 nos
664 5074 730 5117 555
762 5055 804 5120 ad
837 5055 1079 5121 immunditiem
1106 5062 1253 5135 vocatos,
1287 5055 1345 5120 sed
1373 5056 1415 5121 ad
1465 5057 1524 5122 illa
1543 5055 1844 5139 praeoccupaverit:
1875 5053 1944 5119 solo
1966 5053 2093 5119 Christi
2114 5055 2247 5135 merite,
2275 5053 2360 5137 quod
2384 5075 2444 5137 per

437 5135 660 5216 sanctitatem,
693 5140 769 5221 quia
797 5140 877 5206 haec
907 5143 949 5206 sit
976 5142 1128 5207 veluntas
1154 5142 1235 5219 Dei,
1268 5142 1414 5207 sanetifi—
1466 5141 1566 5208 fidem
1594 5138 1864 5226 apprehenditur,
1897 5160 1958 5205 nos
1986 5141 2173 5221 iustificari,
2206 5141 2305 5206 nullis
2334 5147 2443 5204 autem

437 5223 520 5290 catio
541 5229 670 5303 nostra,
700 5230 736 5287 ut
756 5246 817 5290 nos
838 5227 1058 5294 abstineamus
1080 5228 1121 5293 ab
1142 5226 1265 5293 illicitis
1287 5225 1414 5292 deside·
1466 5248 1602 5312 operum
1622 5221 1813 5293 5515555555
1834 5226 1973 5307 meritis;
1996 5228 2072 5311 quia
2093 5226 2178 5291 nulli
2199 5224 2241 5290 ad
2262 5225 2442 5289 sanctitatis

436 5310 511 5389 riis;
530 5310 735 5374 vocationem
751 5312 1414 5398 nostramcsseseneam(2him.1,e);
1467 5313 1612 5379 studium
1634 5315 1703 5398 apti
1724 5334 1795 5379 5555
1816 5319 1968 5396 possunt,
1991 5314 2055 5378 nisi
2077 5314 2133 5394 qui
2153 5311 2335 5376 doctrinam
2356 5309 2442 5374 hanc

437 5393 873 5564 tetrasticis
899 5399 1413 5551 cccccccccc
1465 5397 1924 5553 1551111155151
1945 5395 2442 5564 aeupatltutta

436 5565 566 5630 incitari
588 5565 629 5631 ad
652 5568 823 5633 caritatem
845 5568 912 5633 5115
940 5571 1095 5636 vivaciori
1119 5578 1313 5656 argumento
1338 5593 1413 5657 pos,-
1465 5510 1516 5639 1155
1535 5573 1722 5658 propitiatio
1730 5536 1748 5650 ,'
1761 5570 1917 5649 Domine,
1941 5577 1979 5633 ut
2000 5568 2155 5633 timearis.
2195 5566 2333 5631 Nullum
2354 5568 2443 5632 enim

437 5651 538 5715 simus
566 5673 666 5735 quam
693 5653 748 5718 illo
776 5652 907 5720 Ioannis
928 5655 961 5742 (l
982 5655 1096 5721 Ioanu.
1118 5661 1146 5736 3,
1174 5661 1215 5722 10
1237 5667 1272 5724 55
1289 5664 1319 5740 4,
1347 5658 1411 5745 10),
1466 5681 1537 5726 esse
1558 5659 1622 5725 Dei
1651 5660 1776 5725 cultum
1802 5654 1958 5735 ostendit,
1985 5654 2049 5719 nisi
2077 5652 2189 5736 agnita
2216 5652 2287 5718 eius
2313 5654 2441 5720 miseri·
2559 5675 2561 5679 ·
