<?xml version="1.0" encoding="UTF-8"?>
<!DOCTYPE html PUBLIC "-//W3C//DTD XHTML 1.0 Transitional//EN"
    "http://www.w3.org/TR/xhtml1/DTD/xhtml1-transitional.dtd">
<html xmlns="http://www.w3.org/1999/xhtml" xml:lang="en" lang="en">
 <head>
  <title>
</title>
<meta http-equiv="Content-Type" content="text/html;charset=utf-8" />
  <meta name='ocr-system' content='tesseract 3.04.00' />
  <meta name='ocr-capabilities' content='ocr_page ocr_carea ocr_par ocr_line ocrx_word'/>
</head>
<body>
  <div class='ocr_page' id='page_1' title='image "./ioanniscalvinio10calvgoog/ioanniscalvinio10calvgoog_0203.png"; bbox 0 0 5600 6809; ppageno 0'>
   <div class='ocr_carea' id='block_1_1' title="bbox 753 746 878 807">
    <p class='ocr_par' dir='ltr' id='par_1_1' title="bbox 753 746 878 807">
     <span class='ocr_line' id='line_1_1' title="bbox 753 746 878 807; baseline -0.008 0"><span class='ocrx_word' id='word_1_1' title='bbox 753 746 878 807; x_wconf 85' lang='lat'><strong>437</strong></span> 
     </span>
    </p>
   </div>
   <div class='ocr_carea' id='block_1_2' title="bbox 748 930 2708 1273">
    <p class='ocr_par' dir='ltr' id='par_1_2' title="bbox 748 930 2708 1273">
     <span class='ocr_line' id='line_1_2' title="bbox 749 930 2708 1011; baseline 0.001 -15"><span class='ocrx_word' id='word_1_2' title='bbox 749 931 1234 996; x_wconf 79' lang='lat' dir='ltr'><strong>misericordiae</strong></span> <span class='ocrx_word' id='word_1_3' title='bbox 1284 930 1416 996; x_wconf 91' lang='lat' dir='ltr'><strong>Dei</strong></span> <span class='ocrx_word' id='word_1_4' title='bbox 1466 932 1663 995; x_wconf 89' lang='lat' dir='ltr'><strong>erecti</strong></span> <span class='ocrx_word' id='word_1_5' title='bbox 1714 939 1782 996; x_wconf 91' lang='lat' dir='ltr'><strong>et</strong></span> <span class='ocrx_word' id='word_1_6' title='bbox 1835 933 2140 1011; x_wconf 91' lang='lat' dir='ltr'><strong>recreati,</strong></span> <span class='ocrx_word' id='word_1_7' title='bbox 2208 931 2293 996; x_wconf 90' lang='lat' dir='ltr'><strong>ad</strong></span> <span class='ocrx_word' id='word_1_8' title='bbox 2346 932 2708 998; x_wconf 92' lang='lat' dir='ltr'><strong>Dominum</strong></span> 
     </span>
     <span class='ocr_line' id='line_1_3' title="bbox 751 1018 2707 1101; baseline -0.001 -18"><span class='ocrx_word' id='word_1_9' title='bbox 751 1018 1050 1084; x_wconf 87' lang='lat' dir='ltr'><strong>conversi</strong></span> <span class='ocrx_word' id='word_1_10' title='bbox 1087 1026 1256 1082; x_wconf 83' lang='lat' dir='ltr'><strong>sunt.</strong></span> <span class='ocrx_word' id='word_1_11' title='bbox 1315 1018 1719 1082; x_wconf 89' lang='lat' dir='ltr'><strong>Perterritus</strong></span> <span class='ocrx_word' id='word_1_12' title='bbox 1754 1025 1855 1081; x_wconf 91' lang='lat' dir='ltr'><strong>est</strong></span> <span class='ocrx_word' id='word_1_13' title='bbox 1881 1018 2198 1083; x_wconf 81' lang='lat' dir='ltr'><strong>Ezechias</strong></span> <span class='ocrx_word' id='word_1_14' title='bbox 2233 1027 2496 1101; x_wconf 85' lang='lat' dir='ltr'><strong>accepto</strong></span> <span class='ocrx_word' id='word_1_15' title='bbox 2532 1040 2707 1083; x_wconf 90' lang='lat' dir='ltr'><strong>mor-</strong></span> 
     </span>
     <span class='ocr_line' id='line_1_4' title="bbox 748 1102 2707 1182; baseline 0.001 -14"><span class='ocrx_word' id='word_1_16' title='bbox 748 1105 834 1168; x_wconf 91' lang='lat' dir='ltr'><strong>tis</strong></span> <span class='ocrx_word' id='word_1_17' title='bbox 878 1105 1138 1182; x_wconf 88' lang='lat' dir='ltr'><strong>nuntio;</strong></span> <span class='ocrx_word' id='word_1_18' title='bbox 1184 1103 1299 1169; x_wconf 92' lang='lat' dir='ltr'><strong>sed</strong></span> <span class='ocrx_word' id='word_1_19' title='bbox 1338 1104 1503 1168; x_wconf 89' lang='lat' dir='ltr'><strong>flens</strong></span> <span class='ocrx_word' id='word_1_20' title='bbox 1548 1104 1776 1178; x_wconf 86' lang='lat' dir='ltr'><strong>oravit,</strong></span> <span class='ocrx_word' id='word_1_21' title='bbox 1823 1111 1891 1168; x_wconf 90' lang='lat' dir='ltr'><strong>et</strong></span> <span class='ocrx_word' id='word_1_22' title='bbox 1931 1104 2001 1168; x_wconf 91' lang='lat' dir='ltr'><strong>in</strong></span> <span class='ocrx_word' id='word_1_23' title='bbox 2037 1102 2162 1169; x_wconf 91' lang='lat' dir='ltr'><strong>Dei</strong></span> <span class='ocrx_word' id='word_1_24' title='bbox 2206 1103 2565 1169; x_wconf 78' lang='lat' dir='ltr'><strong>bonitatem</strong></span> <span class='ocrx_word' id='word_1_25' title='bbox 2605 1106 2707 1169; x_wconf 89' lang='lat' dir='ltr'><strong>in-</strong></span> 
     </span>
     <span class='ocr_line' id='line_1_5' title="bbox 751 1188 2706 1273; baseline 0.001 -19"><span class='ocrx_word' id='word_1_26' title='bbox 751 1190 957 1254; x_wconf 83' lang='lat' dir='ltr'><strong>tuitus</strong></span> <span class='ocrx_word' id='word_1_27' title='bbox 1008 1190 1313 1255; x_wconf 86' lang='lat' dir='ltr'><strong>fiduciam</strong></span> <span class='ocrx_word' id='word_1_28' title='bbox 1368 1188 1612 1270; x_wconf 88' lang='lat' dir='ltr'><strong>recepit</strong></span> <span class='ocrx_word' id='word_1_29' title='bbox 1669 1189 1739 1269; x_wconf 89' lang='lat'><strong>(2</strong></span> <span class='ocrx_word' id='word_1_30' title='bbox 1777 1190 1942 1273; x_wconf 86' lang='lat' dir='ltr'><strong>Reg.</strong></span> <span class='ocrx_word' id='word_1_31' title='bbox 1984 1194 2096 1268; x_wconf 91' lang='lat'><strong>20,</strong></span> <span class='ocrx_word' id='word_1_32' title='bbox 2139 1194 2227 1273; x_wconf 87' lang='grc'><strong>2).</strong></span> <span class='ocrx_word' id='word_1_33' title='bbox 2319 1189 2706 1255; x_wconf 85' lang='lat' dir='ltr'><strong>Conturbati</strong></span> 
     </span>
    </p>
   </div>
   <div class='ocr_carea' id='block_1_3' title="bbox 749 1270 4767 1453">
    <p class='ocr_par' dir='ltr' id='par_1_3' title="bbox 749 1270 4767 1453">
     <span class='ocr_line' id='line_1_6' title="bbox 749 1270 2763 1354; baseline 0.001 -14"><span class='ocrx_word' id='word_1_34' title='bbox 749 1284 906 1340; x_wconf 88' lang='lat' dir='ltr'><strong>sunt</strong></span> <span class='ocrx_word' id='word_1_35' title='bbox 959 1275 1292 1340; x_wconf 82' lang='lat' dir='ltr'><strong>Ninivitas</strong></span> <span class='ocrx_word' id='word_1_36' title='bbox 1358 1275 1655 1339; x_wconf 85' lang='lat' dir='ltr'><strong>horribili</strong></span> <span class='ocrx_word' id='word_1_37' title='bbox 1710 1275 2200 1340; x_wconf 77' lang='lat' dir='ltr'><strong>denuntiatione</strong></span> <span class='ocrx_word' id='word_1_38' title='bbox 2257 1275 2523 1354; x_wconf 78' lang='lat' dir='ltr'><strong>excidii3</strong></span> <span class='ocrx_word' id='word_1_39' title='bbox 2590 1276 2704 1342; x_wconf 91' lang='lat' dir='ltr'><strong>sed</strong></span> <span class='ocrx_word' id='word_1_40' title='bbox 2759 1270 2763 1354; x_wconf 71' lang='grc'>1</span> 
     </span>
     <span class='ocr_line' id='line_1_7' title="bbox 2759 1365 4767 1453; baseline 0.005 -26"><span class='ocrx_word' id='word_1_41' title='bbox 2759 1366 2763 1378; x_wconf 91' lang='grc'><strong>“</strong></span> <span class='ocrx_word' id='word_1_42' title='bbox 2810 1365 3097 1446; x_wconf 84' lang='lat' dir='ltr'><strong>proferre</strong></span> <span class='ocrx_word' id='word_1_43' title='bbox 3162 1365 3473 1429; x_wconf 81' lang='lat' dir='ltr'><strong>dixerunt</strong></span> <span class='ocrx_word' id='word_1_44' title='bbox 3536 1368 3817 1432; x_wconf 86' lang='lat' dir='ltr'><strong>Ioannes</strong></span> <span class='ocrx_word' id='word_1_45' title='bbox 3880 1376 3948 1432; x_wconf 91' lang='lat' dir='ltr'><strong>et</strong></span> <span class='ocrx_word' id='word_1_46' title='bbox 4012 1369 4261 1434; x_wconf 87' lang='lat' dir='ltr'><strong>Paulus</strong></span> <span class='ocrx_word' id='word_1_47' title='bbox 4320 1372 4515 1444; x_wconf 89' lang='lat' dir='ltr'><strong>(Luc.</strong></span> <span class='ocrx_word' id='word_1_48' title='bbox 4570 1378 4638 1451; x_wconf 90' lang='lat'><strong>3,</strong></span> <span class='ocrx_word' id='word_1_49' title='bbox 4692 1378 4767 1453; x_wconf 83' lang='lat'><strong>83</strong></span> 
     </span>
    </p>
   </div>
   <div class='ocr_carea' id='block_1_4' title="bbox 744 1360 2704 1701">
    <p class='ocr_par' dir='ltr' id='par_1_4' title="bbox 744 1360 2704 1701">
     <span class='ocr_line' id='line_1_8' title="bbox 747 1360 2704 1444; baseline 0.001 -19"><span class='ocrx_word' id='word_1_50' title='bbox 747 1360 964 1426; x_wconf 87' lang='lat' dir='ltr'><strong>induti</strong></span> <span class='ocrx_word' id='word_1_51' title='bbox 1008 1382 1191 1436; x_wconf 83' lang='lat' dir='ltr'><strong>sacco</strong></span> <span class='ocrx_word' id='word_1_52' title='bbox 1235 1370 1301 1425; x_wconf 92' lang='lat' dir='ltr'><strong>et</strong></span> <span class='ocrx_word' id='word_1_53' title='bbox 1344 1362 1562 1426; x_wconf 90' lang='lat' dir='ltr'><strong>cinere</strong></span> <span class='ocrx_word' id='word_1_54' title='bbox 1598 1371 1902 1438; x_wconf 87' lang='lat' dir='ltr'><strong>orarunt,</strong></span> <span class='ocrx_word' id='word_1_55' title='bbox 1951 1365 2289 1443; x_wconf 77' lang='lat' dir='ltr'><strong>sperantes</strong></span> <span class='ocrx_word' id='word_1_56' title='bbox 2332 1362 2509 1444; x_wconf 93' lang='lat' dir='ltr'><strong>quod</strong></span> <span class='ocrx_word' id='word_1_57' title='bbox 2550 1384 2704 1427; x_wconf 92' lang='lat' dir='ltr'><strong>con-</strong></span> 
     </span>
     <span class='ocr_line' id='line_1_9' title="bbox 748 1445 2702 1530; baseline 0 -18"><span class='ocrx_word' id='word_1_58' title='bbox 748 1447 917 1513; x_wconf 87' lang='lat' dir='ltr'><strong>verti</strong></span> <span class='ocrx_word' id='word_1_59' title='bbox 960 1456 1180 1530; x_wconf 90' lang='lat' dir='ltr'><strong>posset</strong></span> <span class='ocrx_word' id='word_1_60' title='bbox 1219 1445 1551 1510; x_wconf 83' lang='lat' dir='ltr'><strong>Dominus</strong></span> <span class='ocrx_word' id='word_1_61' title='bbox 1603 1454 1672 1511; x_wconf 90' lang='lat' dir='ltr'><strong>et</strong></span> <span class='ocrx_word' id='word_1_62' title='bbox 1728 1447 1936 1510; x_wconf 86' lang='lat' dir='ltr'><strong>averti</strong></span> <span class='ocrx_word' id='word_1_63' title='bbox 1988 1469 2028 1511; x_wconf 92' lang='lat' dir='ltr'><strong>a</strong></span> <span class='ocrx_word' id='word_1_64' title='bbox 2080 1447 2298 1511; x_wconf 88' lang='lat' dir='ltr'><strong>furore</strong></span> <span class='ocrx_word' id='word_1_65' title='bbox 2355 1449 2491 1512; x_wconf 90' lang='lat' dir='ltr'><strong>irae</strong></span> <span class='ocrx_word' id='word_1_66' title='bbox 2547 1470 2702 1513; x_wconf 91' lang='lat' dir='ltr'><strong>suae</strong></span> 
     </span>
     <span class='ocr_line' id='line_1_10' title="bbox 747 1531 2700 1618; baseline 0.001 -21"><span class='ocrx_word' id='word_1_67' title='bbox 747 1533 918 1618; x_wconf 92' lang='lat' dir='ltr'><strong>(Ion.</strong></span> <span class='ocrx_word' id='word_1_68' title='bbox 962 1537 1028 1611; x_wconf 88' lang='lat'><strong>3,</strong></span> <span class='ocrx_word' id='word_1_69' title='bbox 1071 1534 1158 1616; x_wconf 89' lang='lat'><strong>5).</strong></span> <span class='ocrx_word' id='word_1_70' title='bbox 1249 1532 1601 1597; x_wconf 86' lang='lat' dir='ltr'><strong>Confessus</strong></span> <span class='ocrx_word' id='word_1_71' title='bbox 1659 1540 1758 1596; x_wconf 91' lang='lat' dir='ltr'><strong>est</strong></span> <span class='ocrx_word' id='word_1_72' title='bbox 1809 1531 2031 1597; x_wconf 90' lang='lat' dir='ltr'><strong>David</strong></span> <span class='ocrx_word' id='word_1_73' title='bbox 2085 1554 2154 1597; x_wconf 91' lang='lat' dir='ltr'><strong>se</strong></span> <span class='ocrx_word' id='word_1_74' title='bbox 2213 1533 2496 1597; x_wconf 85' lang='lat' dir='ltr'><strong>nimium</strong></span> <span class='ocrx_word' id='word_1_75' title='bbox 2551 1556 2700 1616; x_wconf 91' lang='lat' dir='ltr'><strong>pec-</strong></span> 
     </span>
     <span class='ocr_line' id='line_1_11' title="bbox 744 1615 2700 1701; baseline 0.001 -18"><span class='ocrx_word' id='word_1_76' title='bbox 744 1640 927 1684; x_wconf 89' lang='lat' dir='ltr'><strong>casse</strong></span> <span class='ocrx_word' id='word_1_77' title='bbox 981 1619 1052 1683; x_wconf 91' lang='lat' dir='ltr'><strong>in</strong></span> <span class='ocrx_word' id='word_1_78' title='bbox 1097 1615 1489 1683; x_wconf 84' lang='lat' dir='ltr'><strong>recensendo</strong></span> <span class='ocrx_word' id='word_1_79' title='bbox 1532 1618 1795 1701; x_wconf 86' lang='lat' dir='ltr'><strong>populo;</strong></span> <span class='ocrx_word' id='word_1_80' title='bbox 1851 1619 1966 1683; x_wconf 90' lang='lat' dir='ltr'><strong>sed</strong></span> <span class='ocrx_word' id='word_1_81' title='bbox 2020 1617 2277 1685; x_wconf 87' lang='lat' dir='ltr'><strong>adiecit:</strong></span> <span class='ocrx_word' id='word_1_82' title='bbox 2339 1620 2522 1684; x_wconf 86' lang='lat' dir='ltr'><strong>aufer</strong></span> <span class='ocrx_word' id='word_1_83' title='bbox 2564 1620 2700 1684; x_wconf 91' lang='lat' dir='ltr'><strong>Do-</strong></span> 
     </span>
    </p>
   </div>
   <div class='ocr_carea' id='block_1_5' title="bbox 744 1702 2755 1789">
    <p class='ocr_par' dir='ltr' id='par_1_5' title="bbox 744 1702 2755 1789">
     <span class='ocr_line' id='line_1_12' title="bbox 744 1702 2755 1789; baseline 0.001 -23"><span class='ocrx_word' id='word_1_84' title='bbox 744 1706 922 1768; x_wconf 89' lang='lat' dir='ltr'><strong>mine</strong></span> <span class='ocrx_word' id='word_1_85' title='bbox 963 1705 1372 1787; x_wconf 89' lang='lat' dir='ltr'><strong>iniquitatem</strong></span> <span class='ocrx_word' id='word_1_86' title='bbox 1420 1705 1592 1769; x_wconf 90' lang='lat' dir='ltr'><strong>servi</strong></span> <span class='ocrx_word' id='word_1_87' title='bbox 1637 1704 1734 1767; x_wconf 89' lang='lat' dir='ltr'><strong>tui</strong></span> <span class='ocrx_word' id='word_1_88' title='bbox 1770 1705 1837 1786; x_wconf 91' lang='lat'><strong>(2</strong></span> <span class='ocrx_word' id='word_1_89' title='bbox 1879 1702 2057 1769; x_wconf 83' lang='lat' dir='ltr'><strong>Sam.</strong></span> <span class='ocrx_word' id='word_1_90' title='bbox 2100 1709 2200 1782; x_wconf 87' lang='lat'><strong>24,</strong></span> <span class='ocrx_word' id='word_1_91' title='bbox 2254 1704 2379 1789; x_wconf 91' lang='grc'><strong>10).</strong></span> <span class='ocrx_word' id='word_1_92' title='bbox 2471 1706 2697 1789; x_wconf 89' lang='lat' dir='ltr'><strong>Agno-</strong></span> <span class='ocrx_word' id='word_1_93' title='bbox 2750 1726 2755 1738; x_wconf 95' lang='grc'><strong><em>·</em></strong></span> 
     </span>
    </p>
   </div>
   <div class='ocr_carea' id='block_1_6' title="bbox 731 1788 2697 3830">
    <p class='ocr_par' dir='ltr' id='par_1_6' title="bbox 743 1788 2697 2045">
     <span class='ocr_line' id='line_1_13' title="bbox 743 1788 2697 1873; baseline 0 -18"><span class='ocrx_word' id='word_1_94' title='bbox 743 1790 843 1856; x_wconf 88' lang='lat' dir='ltr'><strong>vit</strong></span> <span class='ocrx_word' id='word_1_95' title='bbox 885 1789 1188 1854; x_wconf 85' lang='lat' dir='ltr'><strong>adulterii</strong></span> <span class='ocrx_word' id='word_1_96' title='bbox 1232 1790 1481 1854; x_wconf 80' lang='lat' dir='ltr'><strong>crimen</strong></span> <span class='ocrx_word' id='word_1_97' title='bbox 1525 1788 1908 1873; x_wconf 87' lang='lat' dir='ltr'><strong>obiurgante</strong></span> <span class='ocrx_word' id='word_1_98' title='bbox 1930 1790 2219 1867; x_wconf 84' lang='lat' dir='ltr'><strong>Nathan,</strong></span> <span class='ocrx_word' id='word_1_99' title='bbox 2266 1799 2333 1856; x_wconf 92' lang='lat' dir='ltr'><strong>et</strong></span> <span class='ocrx_word' id='word_1_100' title='bbox 2374 1812 2444 1855; x_wconf 90' lang='lat' dir='ltr'><strong>se</strong></span> <span class='ocrx_word' id='word_1_101' title='bbox 2478 1812 2697 1855; x_wconf 89' lang='lat' dir='ltr'><strong>coram</strong></span> 
     </span>
     <span class='ocr_line' id='line_1_14' title="bbox 743 1869 2692 1960; baseline -0.001 -19"><span class='ocrx_word' id='word_1_102' title='bbox 743 1876 889 1941; x_wconf 89' lang='lat' dir='ltr'><strong>Deo</strong></span> <span class='ocrx_word' id='word_1_103' title='bbox 910 1876 1296 1958; x_wconf 90' lang='lat' dir='ltr'><strong>prostravit;</strong></span> <span class='ocrx_word' id='word_1_104' title='bbox 1342 1874 1456 1940; x_wconf 89' lang='lat' dir='ltr'><strong>sed</strong></span> <span class='ocrx_word' id='word_1_105' title='bbox 1490 1876 1753 1940; x_wconf 88' lang='lat' dir='ltr'><strong>veniam</strong></span> <span class='ocrx_word' id='word_1_106' title='bbox 1781 1876 1974 1939; x_wconf 90' lang='lat' dir='ltr'><strong>simul</strong></span> <span class='ocrx_word' id='word_1_107' title='bbox 1997 1877 2397 1958; x_wconf 75' lang='lat' dir='ltr'><strong>exspectavit</strong></span> <span class='ocrx_word' id='word_1_108' title='bbox 2418 1876 2486 1960; x_wconf 88' lang='lat'><strong>(2</strong></span> <span class='ocrx_word' id='word_1_109' title='bbox 2513 1869 2692 1942; x_wconf 74' lang='lat' dir='ltr'><strong>Safn.</strong></span> 
     </span>
     <span class='ocr_line' id='line_1_15' title="bbox 750 1960 2697 2045; baseline 0.002 -21"><span class='ocrx_word' id='word_1_110' title='bbox 750 1966 848 2039; x_wconf 92' lang='lat'><strong>12,</strong></span> <span class='ocrx_word' id='word_1_111' title='bbox 894 1966 968 2025; x_wconf 89' lang='lat'><strong>13</strong></span> <span class='ocrx_word' id='word_1_112' title='bbox 1006 1969 1072 2025; x_wconf 91' lang='lat' dir='ltr'><strong>et</strong></span> <span class='ocrx_word' id='word_1_113' title='bbox 1114 1960 1238 2045; x_wconf 87' lang='lat'>16).</span> <span class='ocrx_word' id='word_1_114' title='bbox 1330 1962 1510 2025; x_wconf 84' lang='lat' dir='ltr'><strong>Talis</strong></span> <span class='ocrx_word' id='word_1_115' title='bbox 1553 1962 1680 2024; x_wconf 85' lang='lat' dir='ltr'><strong>fuit</strong></span> <span class='ocrx_word' id='word_1_116' title='bbox 1722 1982 1945 2025; x_wconf 89' lang='lat' dir='ltr'><strong>eorum</strong></span> <span class='ocrx_word' id='word_1_117' title='bbox 1989 1963 2409 2043; x_wconf 88' lang='lat' dir='ltr'><strong>poenitentia,</strong></span> <span class='ocrx_word' id='word_1_118' title='bbox 2455 1963 2567 2044; x_wconf 91' lang='lat' dir='ltr'><strong>qui</strong></span> <span class='ocrx_word' id='word_1_119' title='bbox 2614 1962 2697 2027; x_wconf 91' lang='lat' dir='ltr'><strong>ad</strong></span> 
     </span>
    </p>

    <p class='ocr_par' dir='ltr' id='par_1_7' title="bbox 790 2045 2696 2128">
     <span class='ocr_line' id='line_1_16' title="bbox 790 2045 2696 2128; baseline 0.002 -18"><span class='ocrx_word' id='word_1_120' title='bbox 790 2045 1289 2113; x_wconf 80' lang='lat' dir='ltr'><strong>medicationem</strong></span> <span class='ocrx_word' id='word_1_121' title='bbox 1323 2047 1507 2111; x_wconf 83' lang='lat' dir='ltr'><strong>Petri</strong></span> <span class='ocrx_word' id='word_1_122' title='bbox 1551 2047 1923 2128; x_wconf 87' lang='lat' dir='ltr'><strong>compuncti</strong></span> <span class='ocrx_word' id='word_1_123' title='bbox 1967 2056 2122 2110; x_wconf 86' lang='lat' dir='ltr'><strong>sunt</strong></span> <span class='ocrx_word' id='word_1_124' title='bbox 2164 2048 2374 2126; x_wconf 90' lang='lat' dir='ltr'><strong>corde,</strong></span> <span class='ocrx_word' id='word_1_125' title='bbox 2420 2047 2533 2114; x_wconf 89' lang='lat' dir='ltr'><strong>sed</strong></span> <span class='ocrx_word' id='word_1_126' title='bbox 2569 2049 2696 2113; x_wconf 90' lang='lat' dir='ltr'><strong>Dei</strong></span> 
     </span>
    </p>

    <p class='ocr_par' dir='ltr' id='par_1_8' title="bbox 742 2132 2695 2474">
     <span class='ocr_line' id='line_1_17' title="bbox 825 2132 2695 2213; baseline 0.002 -18"><span class='ocrx_word' id='word_1_127' title='bbox 825 2132 1033 2197; x_wconf 88' lang='lat' dir='ltr'><strong>nitate</strong></span> <span class='ocrx_word' id='word_1_128' title='bbox 1075 2133 1301 2199; x_wconf 91' lang='lat' dir='ltr'><strong>confisi</strong></span> <span class='ocrx_word' id='word_1_129' title='bbox 1346 2132 1767 2197; x_wconf 89' lang='lat' dir='ltr'><strong>addiderunt:</strong></span> <span class='ocrx_word' id='word_1_130' title='bbox 1828 2133 1983 2213; x_wconf 86' lang='lat' dir='ltr'><strong>quid</strong></span> <span class='ocrx_word' id='word_1_131' title='bbox 2036 2134 2344 2198; x_wconf 81' lang='lat' dir='ltr'><strong>faciemus</strong></span> <span class='ocrx_word' id='word_1_132' title='bbox 2389 2135 2514 2198; x_wconf 88' lang='lat' dir='ltr'><strong>viri</strong></span> <span class='ocrx_word' id='word_1_133' title='bbox 2562 2135 2695 2199; x_wconf 86' lang='lat' dir='ltr'><strong>fra-</strong></span> 
     </span>
     <span class='ocr_line' id='line_1_18' title="bbox 744 2217 2695 2303; baseline 0.001 -21"><span class='ocrx_word' id='word_1_134' title='bbox 744 2227 877 2283; x_wconf 89' lang='lat' dir='ltr'><strong>tres</strong></span> <span class='ocrx_word' id='word_1_135' title='bbox 920 2217 1095 2300; x_wconf 86' lang='lat' dir='ltr'><strong>(Act.</strong></span> <span class='ocrx_word' id='word_1_136' title='bbox 1137 2223 1206 2297; x_wconf 89' lang='lat'><strong>2,</strong></span> <span class='ocrx_word' id='word_1_137' title='bbox 1247 2218 1406 2303; x_wconf 85' lang='lat'><strong>37)?</strong></span> <span class='ocrx_word' id='word_1_138' title='bbox 1498 2219 1678 2283; x_wconf 84' lang='lat' dir='ltr'><strong>Talis</strong></span> <span class='ocrx_word' id='word_1_139' title='bbox 1723 2227 1791 2283; x_wconf 90' lang='lat' dir='ltr'><strong>et</strong></span> <span class='ocrx_word' id='word_1_140' title='bbox 1832 2218 2019 2282; x_wconf 90' lang='lat' dir='ltr'><strong>Petri</strong></span> <span class='ocrx_word' id='word_1_141' title='bbox 2061 2219 2294 2301; x_wconf 90' lang='lat' dir='ltr'><strong>ipsius,</strong></span> <span class='ocrx_word' id='word_1_142' title='bbox 2355 2221 2468 2302; x_wconf 90' lang='lat' dir='ltr'><strong>qui</strong></span> <span class='ocrx_word' id='word_1_143' title='bbox 2508 2221 2695 2285; x_wconf 89' lang='lat' dir='ltr'><strong>flevit</strong></span> 
     </span>
     <span class='ocr_line' id='line_1_19' title="bbox 742 2302 2693 2387; baseline 0.001 -20"><span class='ocrx_word' id='word_1_144' title='bbox 742 2304 1001 2385; x_wconf 90' lang='lat' dir='ltr'><strong>quidem</strong></span> <span class='ocrx_word' id='word_1_145' title='bbox 1033 2325 1273 2383; x_wconf 88' lang='lat' dir='ltr'><strong>amare,</strong></span> <span class='ocrx_word' id='word_1_146' title='bbox 1321 2304 1434 2370; x_wconf 90' lang='lat' dir='ltr'><strong>sed</strong></span> <span class='ocrx_word' id='word_1_147' title='bbox 1479 2326 1743 2387; x_wconf 89' lang='lat' dir='ltr'><strong>sperare</strong></span> <span class='ocrx_word' id='word_1_148' title='bbox 1785 2325 1919 2368; x_wconf 92' lang='lat' dir='ltr'><strong>non</strong></span> <span class='ocrx_word' id='word_1_149' title='bbox 1942 2302 2134 2370; x_wconf 90' lang='lat' dir='ltr'><strong>desiit</strong></span> <span class='ocrx_word' id='word_1_150' title='bbox 2155 2305 2422 2387; x_wconf 85' lang='lat' dir='ltr'><strong>(Matth.</strong></span> <span class='ocrx_word' id='word_1_151' title='bbox 2451 2309 2552 2384; x_wconf 85' lang='lat'><strong>26,</strong></span> <span class='ocrx_word' id='word_1_152' title='bbox 2581 2310 2693 2385; x_wconf 83' lang='lat'><strong>753</strong></span> 
     </span>
     <span class='ocr_line' id='line_1_20' title="bbox 742 2390 1215 2474; baseline 0 -20"><span class='ocrx_word' id='word_1_153' title='bbox 742 2390 903 2455; x_wconf 75' lang='lat' dir='ltr'><strong>Luc.</strong></span> <span class='ocrx_word' id='word_1_154' title='bbox 944 2393 1043 2468; x_wconf 83' lang='lat'><strong>22,</strong></span> <span class='ocrx_word' id='word_1_155' title='bbox 1084 2391 1215 2474; x_wconf 85' lang='lat'><strong>62).</strong></span> 
     </span>
    </p>

    <p class='ocr_par' dir='ltr' id='par_1_9' title="bbox 731 2476 2692 3830">
     <span class='ocr_line' id='line_1_21' title="bbox 916 2476 2692 2559; baseline 0.002 -21"><span class='ocrx_word' id='word_1_156' title='bbox 916 2481 971 2538; x_wconf 86' lang='lat'><strong>5.</strong></span> <span class='ocrx_word' id='word_1_157' title='bbox 1061 2476 1246 2540; x_wconf 88' lang='lat' dir='ltr'><strong>Haec</strong></span> <span class='ocrx_word' id='word_1_158' title='bbox 1301 2497 1677 2559; x_wconf 90' lang='lat' dir='ltr'><strong>quanquam</strong></span> <span class='ocrx_word' id='word_1_159' title='bbox 1728 2476 1948 2540; x_wconf 89' lang='lat' dir='ltr'><strong>omnia</strong></span> <span class='ocrx_word' id='word_1_160' title='bbox 2003 2498 2161 2542; x_wconf 87' lang='lat' dir='ltr'><strong>vera</strong></span> <span class='ocrx_word' id='word_1_161' title='bbox 2213 2484 2394 2556; x_wconf 89' lang='lat' dir='ltr'><strong>sunt,</strong></span> <span class='ocrx_word' id='word_1_162' title='bbox 2452 2498 2692 2542; x_wconf 90' lang='lat' dir='ltr'><strong>nomen</strong></span> 
     </span>
     <span class='ocr_line' id='line_1_22' title="bbox 739 2561 2691 2647; baseline 0.001 -21"><span class='ocrx_word' id='word_1_163' title='bbox 739 2567 964 2626; x_wconf 89' lang='lat' dir='ltr'><strong>tamen</strong></span> <span class='ocrx_word' id='word_1_164' title='bbox 1017 2562 1232 2643; x_wconf 87' lang='lat' dir='ltr'><strong>ipsum</strong></span> <span class='ocrx_word' id='word_1_165' title='bbox 1287 2563 1722 2645; x_wconf 90' lang='lat' dir='ltr'><strong>poenitentiae</strong></span> <span class='ocrx_word' id='word_1_166' title='bbox 1777 2561 2131 2644; x_wconf 90' lang='lat' dir='ltr'><strong>(quatenus</strong></span> <span class='ocrx_word' id='word_1_167' title='bbox 2196 2585 2279 2627; x_wconf 84' lang='lat' dir='ltr'><strong>ex</strong></span> <span class='ocrx_word' id='word_1_168' title='bbox 2345 2563 2691 2647; x_wconf 90' lang='lat' dir='ltr'><strong>seripturis</strong></span> 
     </span>
     <span class='ocr_line' id='line_1_23' title="bbox 739 2647 2690 2731; baseline 0.002 -20"><span class='ocrx_word' id='word_1_169' title='bbox 739 2647 998 2729; x_wconf 86' lang='lat' dir='ltr'><strong>assequi</strong></span> <span class='ocrx_word' id='word_1_170' title='bbox 1039 2648 1336 2731; x_wconf 90' lang='lat' dir='ltr'><strong>possum)</strong></span> <span class='ocrx_word' id='word_1_171' title='bbox 1383 2647 1572 2711; x_wconf 89' lang='lat' dir='ltr'><strong>aliter</strong></span> <span class='ocrx_word' id='word_1_172' title='bbox 1615 2647 2065 2730; x_wconf 88' lang='lat' dir='ltr'><strong>accipiendum</strong></span> <span class='ocrx_word' id='word_1_173' title='bbox 2109 2657 2222 2713; x_wconf 87' lang='lat' dir='ltr'><strong>est.</strong></span> <span class='ocrx_word' id='word_1_174' title='bbox 2304 2650 2478 2714; x_wconf 90' lang='lat' dir='ltr'><strong>Nam</strong></span> <span class='ocrx_word' id='word_1_175' title='bbox 2518 2648 2690 2731; x_wconf 93' lang='lat' dir='ltr'><strong>quod</strong></span> 
     </span>
     <span class='ocr_line' id='line_1_24' title="bbox 735 2731 2689 2819; baseline 0.001 -22"><span class='ocrx_word' id='word_1_176' title='bbox 735 2731 937 2797; x_wconf 91' lang='lat' dir='ltr'><strong>fidem</strong></span> <span class='ocrx_word' id='word_1_177' title='bbox 995 2733 1114 2797; x_wconf 88' lang='lat' dir='ltr'><strong>sub</strong></span> <span class='ocrx_word' id='word_1_178' title='bbox 1172 2732 1575 2816; x_wconf 89' lang='lat' dir='ltr'><strong>poenitentia</strong></span> <span class='ocrx_word' id='word_1_179' title='bbox 1616 2733 2167 2815; x_wconf 88' lang='lat' dir='ltr'><strong>complectuntur,</strong></span> <span class='ocrx_word' id='word_1_180' title='bbox 2235 2742 2488 2819; x_wconf 86' lang='lat' dir='ltr'><strong>pugnat</strong></span> <span class='ocrx_word' id='word_1_181' title='bbox 2538 2757 2689 2800; x_wconf 90' lang='lat' dir='ltr'><strong>cum</strong></span> 
     </span>
     <span class='ocr_line' id='line_1_25' title="bbox 738 2817 2688 2903; baseline 0.002 -22"><span class='ocrx_word' id='word_1_182' title='bbox 738 2839 814 2882; x_wconf 92' lang='lat' dir='ltr'><strong>eo</strong></span> <span class='ocrx_word' id='word_1_183' title='bbox 862 2817 1037 2899; x_wconf 91' lang='lat' dir='ltr'><strong>quod</strong></span> <span class='ocrx_word' id='word_1_184' title='bbox 1081 2818 1330 2883; x_wconf 90' lang='lat' dir='ltr'><strong>Paulus</strong></span> <span class='ocrx_word' id='word_1_185' title='bbox 1385 2819 1455 2881; x_wconf 92' lang='lat' dir='ltr'><strong>in</strong></span> <span class='ocrx_word' id='word_1_186' title='bbox 1499 2819 1687 2883; x_wconf 89' lang='lat' dir='ltr'><strong>Act-is</strong></span> <span class='ocrx_word' id='word_1_187' title='bbox 1731 2819 1876 2902; x_wconf 87' lang='lat'><strong>(20,</strong></span> <span class='ocrx_word' id='word_1_188' title='bbox 1916 2823 2028 2903; x_wconf 88' lang='lat'><strong>21)</strong></span> <span class='ocrx_word' id='word_1_189' title='bbox 2074 2821 2256 2898; x_wconf 88' lang='lat' dir='ltr'><strong>dicit,</strong></span> <span class='ocrx_word' id='word_1_190' title='bbox 2312 2842 2383 2886; x_wconf 88' lang='lat' dir='ltr'><strong>se</strong></span> <span class='ocrx_word' id='word_1_191' title='bbox 2425 2821 2688 2886; x_wconf 88' lang='lat' dir='ltr'><strong>Iudaeis</strong></span> 
     </span>
     <span class='ocr_line' id='line_1_26' title="bbox 737 2904 2690 2989; baseline 0.002 -23"><span class='ocrx_word' id='word_1_192' title='bbox 737 2923 812 2967; x_wconf 92' lang='lat' dir='ltr'><strong>ac</strong></span> <span class='ocrx_word' id='word_1_193' title='bbox 869 2904 1176 2987; x_wconf 88' lang='lat' dir='ltr'><strong>gentibus</strong></span> <span class='ocrx_word' id='word_1_194' title='bbox 1231 2904 1649 2969; x_wconf 88' lang='lat' dir='ltr'><strong>testificatum</strong></span> <span class='ocrx_word' id='word_1_195' title='bbox 1707 2904 1778 2967; x_wconf 91' lang='lat' dir='ltr'><strong>in</strong></span> <span class='ocrx_word' id='word_1_196' title='bbox 1820 2904 2041 2968; x_wconf 90' lang='lat' dir='ltr'><strong>Deum</strong></span> <span class='ocrx_word' id='word_1_197' title='bbox 2094 2906 2569 2989; x_wconf 88' lang='lat' dir='ltr'><strong>poenitentiam</strong></span> <span class='ocrx_word' id='word_1_198' title='bbox 2623 2916 2690 2972; x_wconf 93' lang='lat' dir='ltr'><strong>et</strong></span> 
     </span>
     <span class='ocr_line' id='line_1_27' title="bbox 735 2988 2687 3073; baseline 0.002 -20"><span class='ocrx_word' id='word_1_199' title='bbox 735 2988 934 3053; x_wconf 87' lang='lat' dir='ltr'><strong>fidem</strong></span> <span class='ocrx_word' id='word_1_200' title='bbox 988 2991 1059 3053; x_wconf 91' lang='lat' dir='ltr'><strong>in</strong></span> <span class='ocrx_word' id='word_1_201' title='bbox 1112 2990 1333 3054; x_wconf 87' lang='lat' dir='ltr'><strong>Iesum</strong></span> <span class='ocrx_word' id='word_1_202' title='bbox 1391 2989 1750 3054; x_wconf 88' lang='lat' dir='ltr'><strong>Christum.</strong></span> <span class='ocrx_word' id='word_1_203' title='bbox 1840 2989 1973 3055; x_wconf 89' lang='lat' dir='ltr'><strong>Ubi</strong></span> <span class='ocrx_word' id='word_1_204' title='bbox 2026 2998 2336 3073; x_wconf 88' lang='lat' dir='ltr'><strong>tanquam</strong></span> <span class='ocrx_word' id='word_1_205' title='bbox 2392 2992 2522 3057; x_wconf 91' lang='lat' dir='ltr'><strong>duo</strong></span> <span class='ocrx_word' id='word_1_206' title='bbox 2589 2992 2687 3056; x_wconf 91' lang='lat' dir='ltr'><strong>di-</strong></span> 
     </span>
     <span class='ocr_line' id='line_1_28' title="bbox 734 3074 2686 3161; baseline 0.002 -23"><span class='ocrx_word' id='word_1_207' title='bbox 734 3095 953 3154; x_wconf 83' lang='lat' dir='ltr'><strong>versa,</strong></span> <span class='ocrx_word' id='word_1_208' title='bbox 1010 3076 1481 3158; x_wconf 88' lang='lat' dir='ltr'><strong>poenitentiam</strong></span> <span class='ocrx_word' id='word_1_209' title='bbox 1535 3083 1601 3140; x_wconf 90' lang='lat' dir='ltr'><strong>et</strong></span> <span class='ocrx_word' id='word_1_210' title='bbox 1655 3074 1852 3139; x_wconf 87' lang='lat' dir='ltr'><strong>fidem</strong></span> <span class='ocrx_word' id='word_1_211' title='bbox 1897 3084 2255 3141; x_wconf 86' lang='lat' dir='ltr'><strong>enumerat.</strong></span> <span class='ocrx_word' id='word_1_212' title='bbox 2345 3076 2519 3157; x_wconf 79' lang='lat' dir='ltr'><strong>Quid</strong></span> <span class='ocrx_word' id='word_1_213' title='bbox 2563 3079 2686 3161; x_wconf 91' lang='lat' dir='ltr'><strong>igi-</strong></span> 
     </span>
     <span class='ocr_line' id='line_1_29' title="bbox 734 3161 2688 3245; baseline 0.003 -21"><span class='ocrx_word' id='word_1_214' title='bbox 734 3161 887 3224; x_wconf 79' lang='lat' dir='ltr'><strong>tur?</strong></span> <span class='ocrx_word' id='word_1_215' title='bbox 988 3163 1098 3225; x_wconf 90' lang='lat' dir='ltr'><strong>An</strong></span> <span class='ocrx_word' id='word_1_216' title='bbox 1164 3182 1324 3226; x_wconf 89' lang='lat' dir='ltr'><strong>vera</strong></span> <span class='ocrx_word' id='word_1_217' title='bbox 1385 3162 1789 3245; x_wconf 89' lang='lat' dir='ltr'><strong>poenitentia</strong></span> <span class='ocrx_word' id='word_1_218' title='bbox 1852 3162 2017 3227; x_wconf 89' lang='lat' dir='ltr'><strong>citra</strong></span> <span class='ocrx_word' id='word_1_219' title='bbox 2073 3161 2273 3227; x_wconf 91' lang='lat' dir='ltr'><strong>fidem</strong></span> <span class='ocrx_word' id='word_1_220' title='bbox 2335 3166 2688 3229; x_wconf 85' lang='lat' dir='ltr'><strong>consistere</strong></span> 
     </span>
     <span class='ocr_line' id='line_1_30' title="bbox 733 3246 2685 3331; baseline 0.002 -21"><span class='ocrx_word' id='word_1_221' title='bbox 733 3246 990 3329; x_wconf 79' lang='lat' dir='ltr'><strong>potest?</strong></span> <span class='ocrx_word' id='word_1_222' title='bbox 1050 3248 1345 3312; x_wconf 88' lang='lat' dir='ltr'><strong>Minime.</strong></span> <span class='ocrx_word' id='word_1_223' title='bbox 1417 3248 1672 3312; x_wconf 90' lang='lat' dir='ltr'><strong>Verum</strong></span> <span class='ocrx_word' id='word_1_224' title='bbox 1716 3249 1837 3312; x_wconf 92' lang='lat' dir='ltr'><strong>etsi</strong></span> <span class='ocrx_word' id='word_1_225' title='bbox 1881 3249 2173 3331; x_wconf 87' lang='lat' dir='ltr'><strong>separari</strong></span> <span class='ocrx_word' id='word_1_226' title='bbox 2216 3270 2351 3313; x_wconf 91' lang='lat' dir='ltr'><strong>non</strong></span> <span class='ocrx_word' id='word_1_227' title='bbox 2392 3257 2685 3330; x_wconf 87' lang='lat' dir='ltr'><strong>possunt,</strong></span> 
     </span>
     <span class='ocr_line' id='line_1_31' title="bbox 735 3331 2687 3417; baseline 0.003 -22"><span class='ocrx_word' id='word_1_228' title='bbox 735 3331 1052 3416; x_wconf 84' lang='lat' dir='ltr'><strong>distingui</strong></span> <span class='ocrx_word' id='word_1_229' title='bbox 1117 3341 1341 3397; x_wconf 90' lang='lat' dir='ltr'><strong>tamen</strong></span> <span class='ocrx_word' id='word_1_230' title='bbox 1403 3333 1657 3398; x_wconf 90' lang='lat' dir='ltr'><strong>debent.</strong></span> <span class='ocrx_word' id='word_1_231' title='bbox 1749 3332 2321 3413; x_wconf 82' lang='lat' dir='ltr'><strong>Quemadmodum</strong></span> <span class='ocrx_word' id='word_1_232' title='bbox 2374 3337 2517 3399; x_wconf 91' lang='lat' dir='ltr'><strong>sine</strong></span> <span class='ocrx_word' id='word_1_233' title='bbox 2573 3357 2687 3417; x_wconf 89' lang='lat' dir='ltr'><strong>spe</strong></span> 
     </span>
     <span class='ocr_line' id='line_1_32' title="bbox 731 3416 2689 3503; baseline 0.003 -22"><span class='ocrx_word' id='word_1_234' title='bbox 731 3416 895 3482; x_wconf 91' lang='lat' dir='ltr'><strong>fides</strong></span> <span class='ocrx_word' id='word_1_235' title='bbox 938 3439 1074 3481; x_wconf 91' lang='lat' dir='ltr'><strong>non</strong></span> <span class='ocrx_word' id='word_1_236' title='bbox 1121 3426 1237 3497; x_wconf 90' lang='lat' dir='ltr'><strong>est,</strong></span> <span class='ocrx_word' id='word_1_237' title='bbox 1283 3426 1350 3483; x_wconf 92' lang='lat' dir='ltr'><strong>et</strong></span> <span class='ocrx_word' id='word_1_238' title='bbox 1389 3427 1611 3483; x_wconf 90' lang='lat' dir='ltr'><strong>tamen</strong></span> <span class='ocrx_word' id='word_1_239' title='bbox 1655 3420 1817 3484; x_wconf 86' lang='lat' dir='ltr'><strong>fides</strong></span> <span class='ocrx_word' id='word_1_240' title='bbox 1861 3441 1936 3486; x_wconf 87' lang='lat' dir='ltr'><strong>ae</strong></span> <span class='ocrx_word' id='word_1_241' title='bbox 1979 3442 2126 3503; x_wconf 91' lang='lat' dir='ltr'><strong>spes</strong></span> <span class='ocrx_word' id='word_1_242' title='bbox 2160 3421 2346 3486; x_wconf 86' lang='lat' dir='ltr'><strong>varia</strong></span> <span class='ocrx_word' id='word_1_243' title='bbox 2378 3427 2549 3499; x_wconf 91' lang='lat' dir='ltr'><strong>sunt,</strong></span> <span class='ocrx_word' id='word_1_244' title='bbox 2595 3422 2689 3486; x_wconf 91' lang='lat' dir='ltr'><strong>ita</strong></span> 
     </span>
     <span class='ocr_line' id='line_1_33' title="bbox 733 3504 2687 3589; baseline 0.003 -23"><span class='ocrx_word' id='word_1_245' title='bbox 733 3504 1143 3586; x_wconf 85' lang='lat' dir='ltr'><strong>poenitentia</strong></span> <span class='ocrx_word' id='word_1_246' title='bbox 1205 3514 1271 3568; x_wconf 90' lang='lat' dir='ltr'><strong>et</strong></span> <span class='ocrx_word' id='word_1_247' title='bbox 1335 3504 1526 3584; x_wconf 85' lang='lat' dir='ltr'><strong>fides,</strong></span> <span class='ocrx_word' id='word_1_248' title='bbox 1592 3527 1960 3589; x_wconf 86' lang='lat' dir='ltr'><strong>quanquam</strong></span> <span class='ocrx_word' id='word_1_249' title='bbox 2026 3519 2338 3589; x_wconf 88' lang='lat' dir='ltr'><strong>perpetuo</strong></span> <span class='ocrx_word' id='word_1_250' title='bbox 2392 3507 2568 3570; x_wconf 88' lang='lat' dir='ltr'><strong>inter</strong></span> <span class='ocrx_word' id='word_1_251' title='bbox 2617 3528 2687 3572; x_wconf 91' lang='lat' dir='ltr'><strong>se</strong></span> 
     </span>
     <span class='ocr_line' id='line_1_34' title="bbox 731 3589 2688 3676; baseline 0.001 -21"><span class='ocrx_word' id='word_1_252' title='bbox 731 3589 999 3655; x_wconf 86' lang='lat' dir='ltr'><strong>vinculo</strong></span> <span class='ocrx_word' id='word_1_253' title='bbox 1057 3591 1439 3667; x_wconf 87' lang='lat' dir='ltr'><strong>cohaerent,</strong></span> <span class='ocrx_word' id='word_1_254' title='bbox 1515 3592 1727 3675; x_wconf 87' lang='lat' dir='ltr'><strong>magis</strong></span> <span class='ocrx_word' id='word_1_255' title='bbox 1787 3599 2008 3657; x_wconf 92' lang='lat' dir='ltr'><strong>tamen</strong></span> <span class='ocrx_word' id='word_1_256' title='bbox 2073 3593 2385 3676; x_wconf 89' lang='lat' dir='ltr'><strong>coniungi</strong></span> <span class='ocrx_word' id='word_1_257' title='bbox 2450 3593 2688 3659; x_wconf 87' lang='lat' dir='ltr'><strong>volunt</strong></span> 
     </span>
     <span class='ocr_line' id='line_1_35' title="bbox 734 3676 2685 3760; baseline 0.002 -21"><span class='ocrx_word' id='word_1_258' title='bbox 734 3695 932 3756; x_wconf 89' lang='lat' dir='ltr'><strong>quam</strong></span> <span class='ocrx_word' id='word_1_259' title='bbox 979 3676 1307 3740; x_wconf 85' lang='lat' dir='ltr'><strong>confundi.</strong></span> <span class='ocrx_word' id='word_1_260' title='bbox 1388 3676 1711 3759; x_wconf 88' lang='lat' dir='ltr'><strong>Equidem</strong></span> <span class='ocrx_word' id='word_1_261' title='bbox 1756 3700 1877 3745; x_wconf 91' lang='lat' dir='ltr'><strong>nec</strong></span> <span class='ocrx_word' id='word_1_262' title='bbox 1919 3701 2025 3743; x_wconf 90' lang='lat' dir='ltr'><strong>me</strong></span> <span class='ocrx_word' id='word_1_263' title='bbox 2069 3679 2249 3757; x_wconf 89' lang='lat' dir='ltr'><strong>latet,</strong></span> <span class='ocrx_word' id='word_1_264' title='bbox 2296 3678 2418 3742; x_wconf 92' lang='lat' dir='ltr'><strong>sub</strong></span> <span class='ocrx_word' id='word_1_265' title='bbox 2461 3678 2685 3760; x_wconf 89' lang='lat' dir='ltr'><strong>poeni-</strong></span> 
     </span>
     <span class='ocr_line' id='line_1_36' title="bbox 732 3761 2684 3830; baseline 0.002 -5"><span class='ocrx_word' id='word_1_266' title='bbox 732 3761 978 3826; x_wconf 84' lang='lat' dir='ltr'><strong>tentiae</strong></span> <span class='ocrx_word' id='word_1_267' title='bbox 1023 3763 1288 3827; x_wconf 90' lang='lat' dir='ltr'><strong>nomine</strong></span> <span class='ocrx_word' id='word_1_268' title='bbox 1342 3771 1549 3827; x_wconf 86' lang='lat' dir='ltr'><strong>totam</strong></span> <span class='ocrx_word' id='word_1_269' title='bbox 1590 3763 1673 3827; x_wconf 87' lang='lat' dir='ltr'><strong>ad</strong></span> <span class='ocrx_word' id='word_1_270' title='bbox 1708 3762 1927 3828; x_wconf 90' lang='lat' dir='ltr'><strong>Deum</strong></span> <span class='ocrx_word' id='word_1_271' title='bbox 1972 3765 2465 3830; x_wconf 89' lang='lat' dir='ltr'><strong>conversionem</strong></span> <span class='ocrx_word' id='word_1_272' title='bbox 2509 3786 2684 3830; x_wconf 89' lang='lat' dir='ltr'><strong>eom-</strong></span> 
     </span>
    </p>
   </div>
   <div class='ocr_carea' id='block_1_7' title="bbox 729 3822 2742 3933">
    <p class='ocr_par' dir='ltr' id='par_1_10' title="bbox 729 3822 2742 3933">
     <span class='ocr_line' id='line_1_37' title="bbox 729 3822 2742 3933; baseline 0.004 -24"><span class='ocrx_word' id='word_1_273' title='bbox 729 3846 1080 3929; x_wconf 79' lang='lat' dir='ltr'><strong>prehendi,</strong></span> <span class='ocrx_word' id='word_1_274' title='bbox 1145 3849 1328 3912; x_wconf 91' lang='lat' dir='ltr'><strong>cuius</strong></span> <span class='ocrx_word' id='word_1_275' title='bbox 1383 3869 1536 3930; x_wconf 88' lang='lat' dir='ltr'><strong>pars</strong></span> <span class='ocrx_word' id='word_1_276' title='bbox 1588 3871 1720 3912; x_wconf 91' lang='lat' dir='ltr'><strong>non</strong></span> <span class='ocrx_word' id='word_1_277' title='bbox 1774 3858 2106 3933; x_wconf 90' lang='lat' dir='ltr'><strong>postrema</strong></span> <span class='ocrx_word' id='word_1_278' title='bbox 2156 3851 2318 3916; x_wconf 86' lang='lat' dir='ltr'><strong>fides</strong></span> <span class='ocrx_word' id='word_1_279' title='bbox 2376 3860 2503 3930; x_wconf 85' lang='lat' dir='ltr'><strong>est;</strong></span> <span class='ocrx_word' id='word_1_280' title='bbox 2571 3850 2686 3916; x_wconf 93' lang='lat' dir='ltr'><strong>sed</strong></span> <span class='ocrx_word' id='word_1_281' title='bbox 2734 3822 2742 3906; x_wconf 61' lang='lat' dir='ltr'><strong>l</strong></span> 
     </span>
    </p>
   </div>
   <div class='ocr_carea' id='block_1_8' title="bbox 728 3933 2686 5730">
    <p class='ocr_par' dir='ltr' id='par_1_11' title="bbox 728 3933 2686 5730">
     <span class='ocr_line' id='line_1_38' title="bbox 731 3933 2686 4017; baseline 0.004 -22"><span class='ocrx_word' id='word_1_282' title='bbox 731 3951 859 4014; x_wconf 91' lang='lat' dir='ltr'><strong>quo</strong></span> <span class='ocrx_word' id='word_1_283' title='bbox 917 3954 1109 3996; x_wconf 89' lang='lat' dir='ltr'><strong>sensu</strong></span> <span class='ocrx_word' id='word_1_284' title='bbox 1129 3984 1143 4009; x_wconf 95' lang='lat'><strong>,</strong></span> <span class='ocrx_word' id='word_1_285' title='bbox 1211 3933 1515 3998; x_wconf 86' lang='lat' dir='ltr'><strong>facillime</strong></span> <span class='ocrx_word' id='word_1_286' title='bbox 1569 3936 1908 4017; x_wconf 89' lang='lat' dir='ltr'><strong>apparebit</strong></span> <span class='ocrx_word' id='word_1_287' title='bbox 1969 3938 2082 4001; x_wconf 91' lang='lat' dir='ltr'><strong>ubi</strong></span> <span class='ocrx_word' id='word_1_288' title='bbox 2140 3937 2240 4000; x_wconf 89' lang='lat' dir='ltr'><strong>vis</strong></span> <span class='ocrx_word' id='word_1_289' title='bbox 2305 3959 2380 4003; x_wconf 90' lang='lat' dir='ltr'><strong>ac</strong></span> <span class='ocrx_word' id='word_1_290' title='bbox 2444 3944 2686 4002; x_wconf 89' lang='lat' dir='ltr'><strong>natura</strong></span> 
     </span>
     <span class='ocr_line' id='line_1_39' title="bbox 730 4018 2684 4100; baseline 0.004 -19"><span class='ocrx_word' id='word_1_291' title='bbox 730 4018 875 4082; x_wconf 92' lang='lat' dir='ltr'><strong>eius</strong></span> <span class='ocrx_word' id='word_1_292' title='bbox 918 4018 1244 4100; x_wconf 84' lang='lat' dir='ltr'><strong>explicata</strong></span> <span class='ocrx_word' id='word_1_293' title='bbox 1283 4020 1498 4084; x_wconf 83' lang='lat' dir='ltr'><strong>fuerit.</strong></span> <span class='ocrx_word' id='word_1_294' title='bbox 1586 4020 2037 4086; x_wconf 88' lang='lat' dir='ltr'><strong>Poenitentiae</strong></span> <span class='ocrx_word' id='word_1_295' title='bbox 2079 4044 2320 4087; x_wconf 90' lang='lat' dir='ltr'><strong>nomen</strong></span> <span class='ocrx_word' id='word_1_296' title='bbox 2362 4023 2684 4088; x_wconf 89' lang='lat' dir='ltr'><strong>Hebraeis</strong></span> 
     </span>
     <span class='ocr_line' id='line_1_40' title="bbox 731 4105 2684 4183; baseline 0.003 -16"><span class='ocrx_word' id='word_1_297' title='bbox 731 4124 772 4167; x_wconf 88' lang='lat' dir='ltr'><strong>a</strong></span> <span class='ocrx_word' id='word_1_298' title='bbox 825 4105 1247 4168; x_wconf 86' lang='lat' dir='ltr'><strong>conversione</strong></span> <span class='ocrx_word' id='word_1_299' title='bbox 1298 4105 1404 4170; x_wconf 84' lang='lat' dir='ltr'><strong>vel</strong></span> <span class='ocrx_word' id='word_1_300' title='bbox 1459 4105 1706 4183; x_wconf 90' lang='lat' dir='ltr'><strong>reditu,</strong></span> <span class='ocrx_word' id='word_1_301' title='bbox 1764 4106 2037 4172; x_wconf 85' lang='lat' dir='ltr'><strong>Graecis</strong></span> <span class='ocrx_word' id='word_1_302' title='bbox 2093 4130 2133 4172; x_wconf 90' lang='lat' dir='ltr'><strong>a</strong></span> <span class='ocrx_word' id='word_1_303' title='bbox 2185 4109 2423 4173; x_wconf 90' lang='lat' dir='ltr'><strong>mentis</strong></span> <span class='ocrx_word' id='word_1_304' title='bbox 2468 4110 2684 4174; x_wconf 89' lang='lat' dir='ltr'><strong>consi-</strong></span> 
     </span>
     <span class='ocr_line' id='line_1_41' title="bbox 729 4188 2684 4278; baseline 0.003 -25"><span class='ocrx_word' id='word_1_305' title='bbox 729 4188 931 4271; x_wconf 92' lang='lat' dir='ltr'><strong>liique</strong></span> <span class='ocrx_word' id='word_1_306' title='bbox 987 4191 1351 4255; x_wconf 85' lang='lat' dir='ltr'><strong>mutatione</strong></span> <span class='ocrx_word' id='word_1_307' title='bbox 1395 4190 1748 4256; x_wconf 91' lang='lat' dir='ltr'><strong>deductum</strong></span> <span class='ocrx_word' id='word_1_308' title='bbox 1791 4200 1916 4271; x_wconf 88' lang='lat' dir='ltr'><strong>est;</strong></span> <span class='ocrx_word' id='word_1_309' title='bbox 1969 4215 2089 4257; x_wconf 92' lang='lat' dir='ltr'><strong>nec</strong></span> <span class='ocrx_word' id='word_1_310' title='bbox 2131 4195 2394 4275; x_wconf 87' lang='lat' dir='ltr'><strong>utrique</strong></span> <span class='ocrx_word' id='word_1_311' title='bbox 2435 4202 2684 4278; x_wconf 82' lang='lat' dir='ltr'><strong>etymo-</strong></span> 
     </span>
     <span class='ocr_line' id='line_1_42' title="bbox 731 4272 2681 4361; baseline 0.003 -23"><span class='ocrx_word' id='word_1_312' title='bbox 731 4272 941 4358; x_wconf 87' lang='lat' dir='ltr'><strong>logiae</strong></span> <span class='ocrx_word' id='word_1_313' title='bbox 998 4298 1101 4340; x_wconf 90' lang='lat' dir='ltr'><strong>res</strong></span> <span class='ocrx_word' id='word_1_314' title='bbox 1157 4277 1300 4358; x_wconf 89' lang='lat' dir='ltr'><strong>ipsa</strong></span> <span class='ocrx_word' id='word_1_315' title='bbox 1348 4277 1519 4341; x_wconf 90' lang='lat' dir='ltr'><strong>male</strong></span> <span class='ocrx_word' id='word_1_316' title='bbox 1572 4277 1951 4361; x_wconf 88' lang='lat' dir='ltr'><strong>respondet:</strong></span> <span class='ocrx_word' id='word_1_317' title='bbox 2011 4279 2193 4343; x_wconf 92' lang='lat' dir='ltr'><strong>cuius</strong></span> <span class='ocrx_word' id='word_1_318' title='bbox 2249 4300 2507 4344; x_wconf 90' lang='lat' dir='ltr'><strong>summa</strong></span> <span class='ocrx_word' id='word_1_319' title='bbox 2562 4287 2681 4358; x_wconf 89' lang='lat' dir='ltr'><strong>est,</strong></span> 
     </span>
     <span class='ocr_line' id='line_1_43' title="bbox 732 4362 2685 4446; baseline 0.003 -23"><span class='ocrx_word' id='word_1_320' title='bbox 732 4370 806 4424; x_wconf 91' lang='lat' dir='ltr'><strong>ut</strong></span> <span class='ocrx_word' id='word_1_321' title='bbox 864 4384 901 4424; x_wconf 85' lang='lat' dir='ltr'><strong>a</strong></span> <span class='ocrx_word' id='word_1_322' title='bbox 940 4362 1126 4426; x_wconf 87' lang='lat' dir='ltr'><strong>nobis</strong></span> <span class='ocrx_word' id='word_1_323' title='bbox 1172 4363 1618 4446; x_wconf 84' lang='lat' dir='ltr'><strong>demigrantes</strong></span> <span class='ocrx_word' id='word_1_324' title='bbox 1676 4363 1759 4427; x_wconf 92' lang='lat' dir='ltr'><strong>ad</strong></span> <span class='ocrx_word' id='word_1_325' title='bbox 1802 4362 2021 4428; x_wconf 90' lang='lat' dir='ltr'><strong>Deum</strong></span> <span class='ocrx_word' id='word_1_326' title='bbox 2071 4373 2562 4443; x_wconf 86' lang='lat' dir='ltr'><strong>convertamur,</strong></span> <span class='ocrx_word' id='word_1_327' title='bbox 2618 4372 2685 4429; x_wconf 91' lang='lat' dir='ltr'><strong>et</strong></span> 
     </span>
     <span class='ocr_line' id='line_1_44' title="bbox 734 4445 2683 4530; baseline 0.002 -21"><span class='ocrx_word' id='word_1_328' title='bbox 734 4445 1023 4529; x_wconf 83' lang='lat' dir='ltr'><strong>deposita</strong></span> <span class='ocrx_word' id='word_1_329' title='bbox 1079 4449 1359 4530; x_wconf 89' lang='lat' dir='ltr'><strong>pristina</strong></span> <span class='ocrx_word' id='word_1_330' title='bbox 1411 4455 1631 4513; x_wconf 87' lang='lat' dir='ltr'><strong>mente</strong></span> <span class='ocrx_word' id='word_1_331' title='bbox 1689 4470 1927 4514; x_wconf 90' lang='lat' dir='ltr'><strong>novam</strong></span> <span class='ocrx_word' id='word_1_332' title='bbox 1969 4449 2338 4515; x_wconf 85' lang='lat' dir='ltr'><strong>induamus.</strong></span> <span class='ocrx_word' id='word_1_333' title='bbox 2429 4449 2683 4530; x_wconf 79' lang='lat' dir='ltr'><strong>Quam-</strong></span> 
     </span>
     <span class='ocr_line' id='line_1_45' title="bbox 731 4532 2684 4618; baseline 0.003 -23"><span class='ocrx_word' id='word_1_334' title='bbox 731 4532 952 4596; x_wconf 89' lang='lat' dir='ltr'><strong>obrem</strong></span> <span class='ocrx_word' id='word_1_335' title='bbox 999 4555 1130 4597; x_wconf 89' lang='lat' dir='ltr'><strong>non</strong></span> <span class='ocrx_word' id='word_1_336' title='bbox 1173 4536 1363 4613; x_wconf 88' lang='lat' dir='ltr'><strong>male,</strong></span> <span class='ocrx_word' id='word_1_337' title='bbox 1412 4556 1558 4599; x_wconf 91' lang='lat' dir='ltr'><strong>meo</strong></span> <span class='ocrx_word' id='word_1_338' title='bbox 1602 4535 1865 4617; x_wconf 90' lang='lat' dir='ltr'><strong>quidem</strong></span> <span class='ocrx_word' id='word_1_339' title='bbox 1908 4535 2164 4615; x_wconf 92' lang='lat' dir='ltr'><strong>iudicio,</strong></span> <span class='ocrx_word' id='word_1_340' title='bbox 2210 4536 2303 4601; x_wconf 92' lang='lat' dir='ltr'><strong>sie</strong></span> <span class='ocrx_word' id='word_1_341' title='bbox 2344 4537 2684 4618; x_wconf 90' lang='lat' dir='ltr'><strong>poeniten-</strong></span> 
     </span>
     <span class='ocr_line' id='line_1_46' title="bbox 730 4617 2683 4704; baseline 0.003 -23"><span class='ocrx_word' id='word_1_342' title='bbox 730 4617 852 4681; x_wconf 89' lang='lat' dir='ltr'><strong>tia·</strong></span> <span class='ocrx_word' id='word_1_343' title='bbox 892 4617 1147 4683; x_wconf 81' lang='lat' dir='ltr'><strong>definiri</strong></span> <span class='ocrx_word' id='word_1_344' title='bbox 1211 4621 1475 4704; x_wconf 88' lang='lat' dir='ltr'><strong>poterit,</strong></span> <span class='ocrx_word' id='word_1_345' title='bbox 1559 4641 1699 4685; x_wconf 90' lang='lat' dir='ltr'><strong>esse</strong></span> <span class='ocrx_word' id='word_1_346' title='bbox 1766 4643 1994 4686; x_wconf 89' lang='lat' dir='ltr'><strong>veram</strong></span> <span class='ocrx_word' id='word_1_347' title='bbox 2058 4622 2144 4687; x_wconf 91' lang='lat' dir='ltr'><strong>ad</strong></span> <span class='ocrx_word' id='word_1_348' title='bbox 2215 4621 2437 4686; x_wconf 87' lang='lat' dir='ltr'><strong>Deum</strong></span> <span class='ocrx_word' id='word_1_349' title='bbox 2505 4622 2683 4688; x_wconf 88' lang='lat' dir='ltr'><strong>vitae</strong></span> 
     </span>
     <span class='ocr_line' id='line_1_47' title="bbox 730 4707 2682 4790; baseline 0.004 -26"><span class='ocrx_word' id='word_1_350' title='bbox 730 4711 992 4765; x_wconf 87' lang='lat' dir='ltr'><strong>nostrae</strong></span> <span class='ocrx_word' id='word_1_351' title='bbox 1036 4708 1541 4785; x_wconf 87' lang='lat' dir='ltr'><strong>conversionem,</strong></span> <span class='ocrx_word' id='word_1_352' title='bbox 1588 4727 1627 4770; x_wconf 91' lang='lat' dir='ltr'><strong>a</strong></span> <span class='ocrx_word' id='word_1_353' title='bbox 1669 4708 1923 4773; x_wconf 90' lang='lat' dir='ltr'><strong>sincero</strong></span> <span class='ocrx_word' id='word_1_354' title='bbox 1952 4709 2248 4790; x_wconf 90' lang='lat' dir='ltr'><strong>serioque</strong></span> <span class='ocrx_word' id='word_1_355' title='bbox 2273 4709 2402 4772; x_wconf 88' lang='lat' dir='ltr'><strong>Dei</strong></span> <span class='ocrx_word' id='word_1_356' title='bbox 2445 4707 2682 4772; x_wconf 88' lang='lat' dir='ltr'><strong>timore</strong></span> 
     </span>
     <span class='ocr_line' id='line_1_48' title="bbox 728 4787 2682 4877; baseline 0.006 -29"><span class='ocrx_word' id='word_1_357' title='bbox 728 4787 1089 4870; x_wconf 82' lang='lat' dir='ltr'><strong>profectam</strong></span> <span class='ocrx_word' id='word_1_358' title='bbox 1108 4840 1122 4866; x_wconf 93' lang='lat'><strong>,</strong></span> <span class='ocrx_word' id='word_1_359' title='bbox 1178 4812 1342 4872; x_wconf 89' lang='lat' dir='ltr'><strong>quae</strong></span> <span class='ocrx_word' id='word_1_360' title='bbox 1397 4794 1614 4858; x_wconf 91' lang='lat' dir='ltr'><strong>earnis</strong></span> <span class='ocrx_word' id='word_1_361' title='bbox 1671 4801 1932 4859; x_wconf 89' lang='lat' dir='ltr'><strong>nostrae</strong></span> <span class='ocrx_word' id='word_1_362' title='bbox 1975 4794 2344 4877; x_wconf 88' lang='lat' dir='ltr'><strong>veterisque</strong></span> <span class='ocrx_word' id='word_1_363' title='bbox 2394 4794 2682 4859; x_wconf 88' lang='lat' dir='ltr'><strong>hominis</strong></span> 
     </span>
     <span class='ocr_line' id='line_1_49' title="bbox 731 4873 2680 4960; baseline 0.004 -24"><span class='ocrx_word' id='word_1_364' title='bbox 731 4873 1227 4939; x_wconf 88' lang='lat' dir='ltr'><strong>mortificatione</strong></span> <span class='ocrx_word' id='word_1_365' title='bbox 1281 4887 1349 4941; x_wconf 89' lang='lat' dir='ltr'><strong>et</strong></span> <span class='ocrx_word' id='word_1_366' title='bbox 1399 4880 1667 4960; x_wconf 85' lang='lat' dir='ltr'><strong>spiritus</strong></span> <span class='ocrx_word' id='word_1_367' title='bbox 1723 4881 2158 4946; x_wconf 85' lang='lat' dir='ltr'><strong>vivificatione</strong></span> <span class='ocrx_word' id='word_1_368' title='bbox 2219 4887 2489 4946; x_wconf 79' lang='lat' dir='ltr'><strong>constet.</strong></span> <span class='ocrx_word' id='word_1_369' title='bbox 2596 4880 2680 4944; x_wconf 92' lang='lat' dir='ltr'><strong>In</strong></span> 
     </span>
     <span class='ocr_line' id='line_1_50' title="bbox 733 4963 2682 5049; baseline 0.004 -26"><span class='ocrx_word' id='word_1_370' title='bbox 733 4980 885 5023; x_wconf 89' lang='lat' dir='ltr'><strong>eum</strong></span> <span class='ocrx_word' id='word_1_371' title='bbox 930 4980 1193 5023; x_wconf 89' lang='lat' dir='ltr'><strong>sensum</strong></span> <span class='ocrx_word' id='word_1_372' title='bbox 1237 4963 1645 5044; x_wconf 87' lang='lat' dir='ltr'><strong>accipiendae</strong></span> <span class='ocrx_word' id='word_1_373' title='bbox 1689 4975 1846 5029; x_wconf 90' lang='lat' dir='ltr'><strong>sunt</strong></span> <span class='ocrx_word' id='word_1_374' title='bbox 1886 4967 2226 5032; x_wconf 87' lang='lat' dir='ltr'><strong>conciones</strong></span> <span class='ocrx_word' id='word_1_375' title='bbox 2268 4986 2497 5031; x_wconf 90' lang='lat' dir='ltr'><strong>omnes</strong></span> <span class='ocrx_word' id='word_1_376' title='bbox 2539 4967 2682 5049; x_wconf 92' lang='lat' dir='ltr'><strong>qui-</strong></span> 
     </span>
     <span class='ocr_line' id='line_1_51' title="bbox 733 5044 2683 5136; baseline 0.003 -26"><span class='ocrx_word' id='word_1_377' title='bbox 733 5044 858 5110; x_wconf 92' lang='lat' dir='ltr'><strong>bus</strong></span> <span class='ocrx_word' id='word_1_378' title='bbox 896 5045 1000 5109; x_wconf 84' lang='lat' dir='ltr'><strong>vel</strong></span> <span class='ocrx_word' id='word_1_379' title='bbox 1046 5045 1399 5127; x_wconf 89' lang='lat' dir='ltr'><strong>prophetae</strong></span> <span class='ocrx_word' id='word_1_380' title='bbox 1436 5047 1760 5130; x_wconf 89' lang='lat' dir='ltr'><strong>quondam</strong></span> <span class='ocrx_word' id='word_1_381' title='bbox 1781 5102 1796 5129; x_wconf 92' lang='lat'><strong>,</strong></span> <span class='ocrx_word' id='word_1_382' title='bbox 1851 5052 1956 5117; x_wconf 88' lang='lat' dir='ltr'><strong>vel</strong></span> <span class='ocrx_word' id='word_1_383' title='bbox 2001 5053 2274 5135; x_wconf 89' lang='lat' dir='ltr'><strong>apostoli</strong></span> <span class='ocrx_word' id='word_1_384' title='bbox 2311 5062 2536 5136; x_wconf 86' lang='lat' dir='ltr'><strong>postea</strong></span> <span class='ocrx_word' id='word_1_385' title='bbox 2579 5052 2683 5117; x_wconf 91' lang='lat' dir='ltr'><strong>sui</strong></span> 
     </span>
     <span class='ocr_line' id='line_1_52' title="bbox 734 5131 2681 5214; baseline 0.005 -20"><span class='ocrx_word' id='word_1_386' title='bbox 734 5132 1044 5213; x_wconf 88' lang='lat' dir='ltr'><strong>temporis</strong></span> <span class='ocrx_word' id='word_1_387' title='bbox 1089 5131 1386 5195; x_wconf 88' lang='lat' dir='ltr'><strong>homines</strong></span> <span class='ocrx_word' id='word_1_388' title='bbox 1430 5134 1512 5197; x_wconf 89' lang='lat' dir='ltr'><strong>ad</strong></span> <span class='ocrx_word' id='word_1_389' title='bbox 1533 5135 2002 5214; x_wconf 85' lang='lat' dir='ltr'><strong>poenitentiam</strong></span> <span class='ocrx_word' id='word_1_390' title='bbox 2025 5138 2476 5204; x_wconf 86' lang='lat' dir='ltr'><strong>hortabantur.</strong></span> <span class='ocrx_word' id='word_1_391' title='bbox 2539 5139 2681 5203; x_wconf 91' lang='lat' dir='ltr'><strong>Hoc</strong></span> 
     </span>
     <span class='ocr_line' id='line_1_53' title="bbox 736 5217 2679 5301; baseline 0.004 -21"><span class='ocrx_word' id='word_1_392' title='bbox 736 5218 908 5280; x_wconf 89' lang='lat' dir='ltr'><strong>enim</strong></span> <span class='ocrx_word' id='word_1_393' title='bbox 957 5217 1438 5282; x_wconf 83' lang='lat' dir='ltr'><strong>contendebant</strong></span> <span class='ocrx_word' id='word_1_394' title='bbox 1481 5239 1722 5295; x_wconf 90' lang='lat' dir='ltr'><strong>unum,</strong></span> <span class='ocrx_word' id='word_1_395' title='bbox 1778 5228 1856 5283; x_wconf 88' lang='lat' dir='ltr'><strong>ut</strong></span> <span class='ocrx_word' id='word_1_396' title='bbox 1906 5223 2186 5301; x_wconf 83' lang='lat' dir='ltr'><strong>peccatis</strong></span> <span class='ocrx_word' id='word_1_397' title='bbox 2231 5225 2367 5288; x_wconf 91' lang='lat' dir='ltr'><strong>suis</strong></span> <span class='ocrx_word' id='word_1_398' title='bbox 2410 5225 2679 5300; x_wconf 85' lang='lat' dir='ltr'><strong>confusi,</strong></span> 
     </span>
     <span class='ocr_line' id='line_1_54' title="bbox 737 5301 2684 5391; baseline 0.004 -25"><span class='ocrx_word' id='word_1_399' title='bbox 737 5320 809 5367; x_wconf 85' lang='lat' dir='ltr'><strong>ac</strong></span> <span class='ocrx_word' id='word_1_400' title='bbox 849 5302 1057 5367; x_wconf 84' lang='lat' dir='ltr'><strong>divini</strong></span> <span class='ocrx_word' id='word_1_401' title='bbox 1100 5301 1320 5367; x_wconf 85' lang='lat' dir='ltr'><strong>iudicii</strong></span> <span class='ocrx_word' id='word_1_402' title='bbox 1345 5304 1577 5367; x_wconf 90' lang='lat' dir='ltr'><strong>timore</strong></span> <span class='ocrx_word' id='word_1_403' title='bbox 1599 5305 1843 5385; x_wconf 89' lang='lat' dir='ltr'><strong>puncti,</strong></span> <span class='ocrx_word' id='word_1_404' title='bbox 1887 5326 2108 5370; x_wconf 90' lang='lat' dir='ltr'><strong>coram</strong></span> <span class='ocrx_word' id='word_1_405' title='bbox 2151 5329 2229 5372; x_wconf 92' lang='lat' dir='ltr'><strong>eo</strong></span> <span class='ocrx_word' id='word_1_406' title='bbox 2271 5308 2684 5391; x_wconf 87' lang='lat' dir='ltr'><strong>prociderent</strong></span> 
     </span>
     <span class='ocr_line' id='line_1_55' title="bbox 737 5387 2682 5471; baseline 0.004 -21"><span class='ocrx_word' id='word_1_407' title='bbox 737 5395 802 5450; x_wconf 90' lang='lat' dir='ltr'><strong>et</strong></span> <span class='ocrx_word' id='word_1_408' title='bbox 845 5388 1351 5454; x_wconf 78' lang='lat' dir='ltr'><strong>humiliarentur</strong></span> <span class='ocrx_word' id='word_1_409' title='bbox 1403 5389 1470 5454; x_wconf 92' lang='lat' dir='ltr'><strong>in</strong></span> <span class='ocrx_word' id='word_1_410' title='bbox 1521 5409 1716 5471; x_wconf 91' lang='lat' dir='ltr'><strong>quem</strong></span> <span class='ocrx_word' id='word_1_411' title='bbox 1759 5387 2197 5471; x_wconf 86' lang='lat' dir='ltr'><strong>deliquerant,</strong></span> <span class='ocrx_word' id='word_1_412' title='bbox 2260 5415 2336 5457; x_wconf 91' lang='lat' dir='ltr'><strong>ae</strong></span> <span class='ocrx_word' id='word_1_413' title='bbox 2378 5415 2537 5459; x_wconf 89' lang='lat' dir='ltr'><strong>vera</strong></span> <span class='ocrx_word' id='word_1_414' title='bbox 2579 5417 2682 5458; x_wconf 89' lang='lat' dir='ltr'><strong>re-</strong></span> 
     </span>
     <span class='ocr_line' id='line_1_56' title="bbox 737 5473 2682 5557; baseline 0.004 -22"><span class='ocrx_word' id='word_1_415' title='bbox 737 5473 1106 5555; x_wconf 86' lang='lat' dir='ltr'><strong>sipiscentia</strong></span> <span class='ocrx_word' id='word_1_416' title='bbox 1145 5477 1214 5539; x_wconf 91' lang='lat' dir='ltr'><strong>in</strong></span> <span class='ocrx_word' id='word_1_417' title='bbox 1258 5483 1502 5541; x_wconf 88' lang='lat' dir='ltr'><strong>rectam</strong></span> <span class='ocrx_word' id='word_1_418' title='bbox 1549 5475 1688 5539; x_wconf 91' lang='lat' dir='ltr'><strong>eius</strong></span> <span class='ocrx_word' id='word_1_419' title='bbox 1730 5476 1909 5540; x_wconf 90' lang='lat' dir='ltr'><strong>viam</strong></span> <span class='ocrx_word' id='word_1_420' title='bbox 1954 5496 2025 5539; x_wconf 90' lang='lat' dir='ltr'><strong>se</strong></span> <span class='ocrx_word' id='word_1_421' title='bbox 2068 5475 2448 5557; x_wconf 83' lang='lat' dir='ltr'><strong>reciperent.</strong></span> <span class='ocrx_word' id='word_1_422' title='bbox 2524 5478 2682 5543; x_wconf 91' lang='lat' dir='ltr'><strong>Ideo</strong></span> 
     </span>
     <span class='ocr_line' id='line_1_57' title="bbox 735 5556 2683 5646; baseline 0.001 -23"><span class='ocrx_word' id='word_1_423' title='bbox 735 5556 896 5623; x_wconf 87' lang='lat' dir='ltr'><strong>haec</strong></span> <span class='ocrx_word' id='word_1_424' title='bbox 937 5562 1305 5642; x_wconf 89' lang='lat' dir='ltr'><strong>promiscue</strong></span> <span class='ocrx_word' id='word_1_425' title='bbox 1347 5568 1752 5644; x_wconf 81' lang='lat' dir='ltr'><strong>usurpantur</strong></span> <span class='ocrx_word' id='word_1_426' title='bbox 1793 5559 1965 5643; x_wconf 89' lang='lat' dir='ltr'><strong>apud</strong></span> <span class='ocrx_word' id='word_1_427' title='bbox 2000 5560 2176 5643; x_wconf 87' lang='lat' dir='ltr'><strong>ipsos</strong></span> <span class='ocrx_word' id='word_1_428' title='bbox 2218 5560 2444 5625; x_wconf 92' lang='lat' dir='ltr'><strong>eodem</strong></span> <span class='ocrx_word' id='word_1_429' title='bbox 2481 5562 2683 5646; x_wconf 88' lang='lat' dir='ltr'><strong>signi·</strong></span> 
     </span>
     <span class='ocr_line' id='line_1_58' title="bbox 736 5643 2683 5730; baseline 0.003 -23"><span class='ocrx_word' id='word_1_430' title='bbox 736 5643 951 5720; x_wconf 91' lang='lat' dir='ltr'><strong>ficatu,</strong></span> <span class='ocrx_word' id='word_1_431' title='bbox 998 5649 1292 5712; x_wconf 86' lang='lat' dir='ltr'><strong>converti</strong></span> <span class='ocrx_word' id='word_1_432' title='bbox 1326 5671 1444 5713; x_wconf 91' lang='lat' dir='ltr'><strong>seu</strong></span> <span class='ocrx_word' id='word_1_433' title='bbox 1475 5648 1720 5712; x_wconf 86' lang='lat' dir='ltr'><strong>reverti</strong></span> <span class='ocrx_word' id='word_1_434' title='bbox 1754 5646 1838 5711; x_wconf 91' lang='lat' dir='ltr'><strong>ad</strong></span> <span class='ocrx_word' id='word_1_435' title='bbox 1858 5647 2237 5725; x_wconf 90' lang='lat' dir='ltr'><strong>Dominum,</strong></span> <span class='ocrx_word' id='word_1_436' title='bbox 2282 5647 2683 5730; x_wconf 85' lang='lat' dir='ltr'><strong>resipiscere,</strong></span> 
     </span>
    </p>
   </div>
   <div class='ocr_carea' id='block_1_9' title="bbox 1259 740 4295 849">
    <p class='ocr_par' dir='ltr' id='par_1_12' title="bbox 1259 740 4295 849">
     <span class='ocr_line' id='line_1_59' title="bbox 1259 740 4295 849; baseline 0.004 -41"><span class='ocrx_word' id='word_1_437' title='bbox 1259 743 1439 808; x_wconf 83' lang='lat' dir='ltr'><strong>LIB.</strong></span> <span class='ocrx_word' id='word_1_438' title='bbox 1486 743 1607 808; x_wconf 86' lang='lat' dir='ltr'><strong>m.</strong></span> <span class='ocrx_word' id='word_1_439' title='bbox 1692 744 1822 810; x_wconf 85' lang='lat' dir='ltr'><strong>DE</strong></span> <span class='ocrx_word' id='word_1_440' title='bbox 1868 740 2141 810; x_wconf 80' lang='lat' dir='ltr'>MODO</span> <span class='ocrx_word' id='word_1_441' title='bbox 2184 742 2888 813; x_wconf 78' lang='lat' dir='ltr'>PEROIPOENDAE</span> <span class='ocrx_word' id='word_1_442' title='bbox 2934 745 3317 814; x_wconf 80' lang='lat' dir='ltr'>CHRISTI</span> <span class='ocrx_word' id='word_1_443' title='bbox 3360 749 3800 849; x_wconf 64' lang='lat' dir='ltr'><strong>GRATIAE.</strong></span> <span class='ocrx_word' id='word_1_444' title='bbox 3891 750 4089 818; x_wconf 84' lang='lat' dir='ltr'><strong>OAP.</strong></span> <span class='ocrx_word' id='word_1_445' title='bbox 4136 753 4295 842; x_wconf 19' lang='lat' dir='ltr'><strong>III.-</strong></span> 
     </span>
    </p>
   </div>
   <div class='ocr_carea' id='block_1_10' title="bbox 2733 1406 2763 5702">
    <p class='ocr_par' dir='ltr' id='par_1_13' title="bbox 2733 1406 2763 5702">
     <span class='ocr_line' id='line_1_60' title="bbox 2733 1406 2763 5702; baseline 0 0"><span class='ocrx_word' id='word_1_446' title='bbox 2733 1406 2763 5702; x_wconf 95' lang='lat' dir='ltr'><strong> </strong></span> 
     </span>
    </p>
   </div>
   <div class='ocr_carea' id='block_1_11' title="bbox 4643 760 4774 822">
    <p class='ocr_par' dir='ltr' id='par_1_14' title="bbox 4643 760 4774 822">
     <span class='ocr_line' id='line_1_61' title="bbox 4643 760 4774 822; baseline 0 -1"><span class='ocrx_word' id='word_1_447' title='bbox 4643 760 4774 822; x_wconf 83' lang='lat'><strong>438</strong></span> 
     </span>
    </p>
   </div>
   <div class='ocr_carea' id='block_1_12' title="bbox 2798 935 4822 1371">
    <p class='ocr_par' dir='ltr' id='par_1_15' title="bbox 2798 935 4822 1371">
     <span class='ocr_line' id='line_1_62' title="bbox 2812 935 4776 1020; baseline 0.005 -20"><span class='ocrx_word' id='word_1_448' title='bbox 2812 942 2881 1000; x_wconf 93' lang='lat' dir='ltr'><strong>et</strong></span> <span class='ocrx_word' id='word_1_449' title='bbox 2921 935 3390 1017; x_wconf 88' lang='lat' dir='ltr'><strong>poenitentiam</strong></span> <span class='ocrx_word' id='word_1_450' title='bbox 3434 956 3645 1020; x_wconf 88' lang='lat' dir='ltr'><strong>agere.</strong></span> <span class='ocrx_word' id='word_1_451' title='bbox 3737 938 3911 1005; x_wconf 80' lang='lat' dir='ltr'><strong>Unde</strong></span> <span class='ocrx_word' id='word_1_452' title='bbox 3952 941 4141 1006; x_wconf 77' lang='lat' dir='ltr'><strong>etiam</strong></span> <span class='ocrx_word' id='word_1_453' title='bbox 4184 947 4240 1007; x_wconf 80' lang='lat' dir='ltr'><strong>ct</strong></span> <span class='ocrx_word' id='word_1_454' title='bbox 4279 950 4467 1008; x_wconf 72' lang='lat' dir='ltr'><strong>sacra</strong></span> <span class='ocrx_word' id='word_1_455' title='bbox 4506 936 4776 1010; x_wconf 66' lang='lat' dir='ltr'><strong>historia</strong></span> 
     </span>
     <span class='ocr_line' id='line_1_63' title="bbox 2798 1021 4770 1111; baseline 0.006 -27"><span class='ocrx_word' id='word_1_456' title='bbox 2798 1021 3245 1103; x_wconf 76' lang='lat' dir='ltr'><strong>poenitentiam</strong></span> <span class='ocrx_word' id='word_1_457' title='bbox 3289 1022 3440 1087; x_wconf 77' lang='lat' dir='ltr'><strong>dicit</strong></span> <span class='ocrx_word' id='word_1_458' title='bbox 3480 1026 3589 1108; x_wconf 69' lang='lat' dir='ltr'><strong>aqi</strong></span> <span class='ocrx_word' id='word_1_459' title='bbox 3620 1030 3767 1106; x_wconf 76' lang='lat' dir='ltr'><strong>post</strong></span> <span class='ocrx_word' id='word_1_460' title='bbox 3808 1025 4035 1102; x_wconf 82' lang='lat' dir='ltr'><strong>Deum,</strong></span> <span class='ocrx_word' id='word_1_461' title='bbox 4074 1027 4183 1091; x_wconf 74' lang='lat' dir='ltr'><strong>ubi</strong></span> <span class='ocrx_word' id='word_1_462' title='bbox 4226 1028 4502 1094; x_wconf 76' lang='lat' dir='ltr'><strong>homines</strong></span> <span class='ocrx_word' id='word_1_463' title='bbox 4543 1032 4655 1111; x_wconf 80' lang='lat' dir='ltr'><strong>qui</strong></span> <span class='ocrx_word' id='word_1_464' title='bbox 4698 1032 4770 1096; x_wconf 76' lang='lat' dir='ltr'><strong>in</strong></span> 
     </span>
     <span class='ocr_line' id='line_1_64' title="bbox 2809 1107 4771 1196; baseline 0.006 -27"><span class='ocrx_word' id='word_1_465' title='bbox 2809 1108 2951 1170; x_wconf 76' lang='lat' dir='ltr'><strong>suis</strong></span> <span class='ocrx_word' id='word_1_466' title='bbox 2983 1107 3451 1187; x_wconf 73' lang='lat' dir='ltr'><strong>cupiditatibus,</strong></span> <span class='ocrx_word' id='word_1_467' title='bbox 3494 1132 3562 1175; x_wconf 85' lang='lat' dir='ltr'><strong>co</strong></span> <span class='ocrx_word' id='word_1_468' title='bbox 3584 1110 3950 1191; x_wconf 69' lang='lat' dir='ltr'><strong>posthabito,</strong></span> <span class='ocrx_word' id='word_1_469' title='bbox 3998 1112 4412 1194; x_wconf 76' lang='lat' dir='ltr'><strong>lasciviebant,</strong></span> <span class='ocrx_word' id='word_1_470' title='bbox 4458 1116 4771 1196; x_wconf 76' lang='lat' dir='ltr'><strong>incipiunt</strong></span> 
     </span>
     <span class='ocr_line' id='line_1_65' title="bbox 2810 1192 4770 1286; baseline 0.005 -29"><span class='ocrx_word' id='word_1_471' title='bbox 2810 1192 2985 1257; x_wconf 63' lang='lat' dir='ltr'><strong>herbo</strong></span> <span class='ocrx_word' id='word_1_472' title='bbox 3028 1193 3166 1257; x_wconf 78' lang='lat' dir='ltr'><strong>eius</strong></span> <span class='ocrx_word' id='word_1_473' title='bbox 3208 1193 3454 1275; x_wconf 77' lang='lat' dir='ltr'><strong>obsequi</strong></span> <span class='ocrx_word' id='word_1_474' title='bbox 3496 1201 3554 1260; x_wconf 79' lang='lat' dir='ltr'><strong>et</strong></span> <span class='ocrx_word' id='word_1_475' title='bbox 3594 1197 3742 1261; x_wconf 80' lang='lat' dir='ltr'><strong>duci</strong></span> <span class='ocrx_word' id='word_1_476' title='bbox 3784 1218 3897 1261; x_wconf 63' lang='lat' dir='ltr'><strong>suo</strong></span> <span class='ocrx_word' id='word_1_477' title='bbox 3923 1203 4173 1279; x_wconf 79' lang='lat' dir='ltr'><strong>praesto</strong></span> <span class='ocrx_word' id='word_1_478' title='bbox 4216 1205 4363 1264; x_wconf 76' lang='lat' dir='ltr'><strong>sunt</strong></span> <span class='ocrx_word' id='word_1_479' title='bbox 4404 1201 4489 1264; x_wconf 81' lang='lat' dir='ltr'><strong>ad</strong></span> <span class='ocrx_word' id='word_1_480' title='bbox 4517 1223 4770 1286; x_wconf 72' lang='lat' dir='ltr'><strong>peryen-</strong></span> 
     </span>
     <span class='ocr_line' id='line_1_66' title="bbox 2808 1278 4822 1371; baseline 0.005 -28"><span class='ocrx_word' id='word_1_481' title='bbox 2808 1278 2961 1343; x_wconf 82' lang='lat' dir='ltr'><strong>dum</strong></span> <span class='ocrx_word' id='word_1_482' title='bbox 3022 1300 3140 1360; x_wconf 79' lang='lat' dir='ltr'><strong>quo</strong></span> <span class='ocrx_word' id='word_1_483' title='bbox 3201 1281 3515 1344; x_wconf 74' lang='lat' dir='ltr'><strong>vocaverit.</strong></span> <span class='ocrx_word' id='word_1_484' title='bbox 3604 1283 3698 1346; x_wconf 90' lang='lat' dir='ltr'><strong>Et</strong></span> <span class='ocrx_word' id='word_1_485' title='bbox 3760 1283 4011 1349; x_wconf 85' lang='lat' dir='ltr'><strong>fructus</strong></span> <span class='ocrx_word' id='word_1_486' title='bbox 4077 1285 4478 1366; x_wconf 84' lang='lat' dir='ltr'><strong>poenitent-ia</strong></span> <span class='ocrx_word' id='word_1_487' title='bbox 4533 1286 4768 1371; x_wconf 88' lang='lat' dir='ltr'><strong>dignos</strong></span> <span class='ocrx_word' id='word_1_488' title='bbox 4807 1322 4822 1332; x_wconf 31' lang='grc' dir='ltr'>κ</span> 
     </span>
    </p>
   </div>
   <div class='ocr_carea' id='block_1_13' title="bbox 2805 1449 4765 1617">
    <p class='ocr_par' dir='ltr' id='par_1_16' title="bbox 2805 1449 4765 1617">
     <span class='ocr_line' id='line_1_67' title="bbox 2806 1449 4765 1537; baseline 0.005 -24"><span class='ocrx_word' id='word_1_489' title='bbox 2806 1449 2999 1514; x_wconf 90' lang='lat' dir='ltr'><strong>Rom.</strong></span> <span class='ocrx_word' id='word_1_490' title='bbox 3041 1453 3107 1528; x_wconf 90' lang='lat'><strong>6,</strong></span> <span class='ocrx_word' id='word_1_491' title='bbox 3146 1451 3247 1534; x_wconf 87' lang='lat'><strong>4),</strong></span> <span class='ocrx_word' id='word_1_492' title='bbox 3301 1473 3420 1534; x_wconf 91' lang='lat' dir='ltr'><strong>pro</strong></span> <span class='ocrx_word' id='word_1_493' title='bbox 3475 1452 3685 1518; x_wconf 89' lang='lat' dir='ltr'><strong>vitam</strong></span> <span class='ocrx_word' id='word_1_494' title='bbox 3740 1453 3977 1519; x_wconf 91' lang='lat' dir='ltr'><strong>ducere</strong></span> <span class='ocrx_word' id='word_1_495' title='bbox 4034 1477 4200 1537; x_wconf 90' lang='lat' dir='ltr'><strong>quae</strong></span> <span class='ocrx_word' id='word_1_496' title='bbox 4244 1458 4559 1522; x_wconf 91' lang='lat' dir='ltr'><strong>eiusmodi</strong></span> <span class='ocrx_word' id='word_1_497' title='bbox 4604 1460 4765 1523; x_wconf 89' lang='lat' dir='ltr'><strong>resi·</strong></span> 
     </span>
     <span class='ocr_line' id='line_1_68' title="bbox 2805 1535 4763 1617; baseline 0.005 -17"><span class='ocrx_word' id='word_1_498' title='bbox 2805 1535 3190 1617; x_wconf 88' lang='lat' dir='ltr'><strong>piscentiam</strong></span> <span class='ocrx_word' id='word_1_499' title='bbox 3234 1538 3304 1601; x_wconf 91' lang='lat' dir='ltr'><strong>in</strong></span> <span class='ocrx_word' id='word_1_500' title='bbox 3350 1540 3603 1603; x_wconf 91' lang='lat' dir='ltr'><strong>cunetis</strong></span> <span class='ocrx_word' id='word_1_501' title='bbox 3648 1541 4012 1605; x_wconf 87' lang='lat' dir='ltr'><strong>actionibus</strong></span> <span class='ocrx_word' id='word_1_502' title='bbox 4066 1542 4307 1605; x_wconf 85' lang='lat' dir='ltr'><strong>referat</strong></span> <span class='ocrx_word' id='word_1_503' title='bbox 4351 1564 4426 1607; x_wconf 91' lang='lat' dir='ltr'><strong>ac</strong></span> <span class='ocrx_word' id='word_1_504' title='bbox 4468 1552 4763 1609; x_wconf 88' lang='lat' dir='ltr'><strong>testetur.</strong></span> 
     </span>
    </p>
   </div>
   <div class='ocr_carea' id='block_1_14' title="bbox 2799 1671 4762 2359">
    <p class='ocr_par' dir='ltr' id='par_1_17' title="bbox 2799 1671 4762 2359">
     <span class='ocr_line' id='line_1_69' title="bbox 2978 1671 4762 1758; baseline 0.004 -21"><span class='ocrx_word' id='word_1_505' title='bbox 2978 1679 3034 1738; x_wconf 87' lang='lat'><strong>6.</strong></span> <span class='ocrx_word' id='word_1_506' title='bbox 3126 1671 3263 1738; x_wconf 81' lang='lat' dir='ltr'><strong>Sed</strong></span> <span class='ocrx_word' id='word_1_507' title='bbox 3307 1682 3661 1756; x_wconf 90' lang='lat' dir='ltr'><strong>antequam</strong></span> <span class='ocrx_word' id='word_1_508' title='bbox 3706 1675 3882 1738; x_wconf 85' lang='lat' dir='ltr'><strong>ultra</strong></span> <span class='ocrx_word' id='word_1_509' title='bbox 3923 1676 4363 1758; x_wconf 89' lang='lat' dir='ltr'><strong>procedimus,</strong></span> <span class='ocrx_word' id='word_1_510' title='bbox 4431 1678 4762 1745; x_wconf 86' lang='lat' dir='ltr'><strong>definitio-</strong></span> 
     </span>
     <span class='ocr_line' id='line_1_70' title="bbox 2802 1758 4760 1842; baseline 0.003 -19"><span class='ocrx_word' id='word_1_511' title='bbox 2802 1780 2956 1823; x_wconf 90' lang='lat' dir='ltr'><strong>nem</strong></span> <span class='ocrx_word' id='word_1_512' title='bbox 3010 1780 3049 1823; x_wconf 88' lang='lat' dir='ltr'><strong>a</strong></span> <span class='ocrx_word' id='word_1_513' title='bbox 3105 1758 3292 1823; x_wconf 91' lang='lat' dir='ltr'><strong>nobis</strong></span> <span class='ocrx_word' id='word_1_514' title='bbox 3337 1761 3616 1842; x_wconf 89' lang='lat' dir='ltr'><strong>positam</strong></span> <span class='ocrx_word' id='word_1_515' title='bbox 3674 1760 4022 1826; x_wconf 90' lang='lat' dir='ltr'><strong>dilucidius</strong></span> <span class='ocrx_word' id='word_1_516' title='bbox 4068 1784 4377 1828; x_wconf 89' lang='lat' dir='ltr'><strong>enarrare</strong></span> <span class='ocrx_word' id='word_1_517' title='bbox 4422 1765 4760 1832; x_wconf 90' lang='lat' dir='ltr'><strong>conducet.</strong></span> 
     </span>
     <span class='ocr_line' id='line_1_71' title="bbox 2802 1845 4758 1930; baseline 0.004 -22"><span class='ocrx_word' id='word_1_518' title='bbox 2802 1845 2886 1908; x_wconf 90' lang='lat' dir='ltr'><strong>In</strong></span> <span class='ocrx_word' id='word_1_519' title='bbox 2948 1865 3077 1927; x_wconf 91' lang='lat' dir='ltr'><strong>qua</strong></span> <span class='ocrx_word' id='word_1_520' title='bbox 3141 1845 3272 1908; x_wconf 90' lang='lat' dir='ltr'><strong>tria</strong></span> <span class='ocrx_word' id='word_1_521' title='bbox 3338 1854 3495 1909; x_wconf 89' lang='lat' dir='ltr'><strong>sunt</strong></span> <span class='ocrx_word' id='word_1_522' title='bbox 3560 1848 3777 1928; x_wconf 89' lang='lat' dir='ltr'><strong>praeci</strong></span> <span class='ocrx_word' id='word_1_523' title='bbox 3824 1867 3909 1910; x_wconf 92' lang='lat' dir='ltr'><strong>ue</strong></span> <span class='ocrx_word' id='word_1_524' title='bbox 3988 1848 4202 1930; x_wconf 89' lang='lat' dir='ltr'><strong>capita</strong></span> <span class='ocrx_word' id='word_1_525' title='bbox 4270 1850 4758 1916; x_wconf 85' lang='lat' dir='ltr'><strong>consideranda.</strong></span> 
     </span>
     <span class='ocr_line' id='line_1_72' title="bbox 2802 1930 4762 2015; baseline 0.003 -20"><span class='ocrx_word' id='word_1_526' title='bbox 2802 1930 3137 2008; x_wconf 89' lang='lat' dir='ltr'><strong>Primum,</strong></span> <span class='ocrx_word' id='word_1_527' title='bbox 3194 1951 3394 2012; x_wconf 92' lang='lat' dir='ltr'><strong>quum</strong></span> <span class='ocrx_word' id='word_1_528' title='bbox 3441 1933 3614 2015; x_wconf 75' lang='lat' dir='ltr'><strong>vitae</strong></span> <span class='ocrx_word' id='word_1_529' title='bbox 3660 1931 3744 1996; x_wconf 91' lang='lat' dir='ltr'><strong>ad</strong></span> <span class='ocrx_word' id='word_1_530' title='bbox 3858 1954 4008 1997; x_wconf 93' lang='lat' dir='ltr'><strong>eum</strong></span> <span class='ocrx_word' id='word_1_531' title='bbox 4052 1934 4541 1999; x_wconf 90' lang='lat' dir='ltr'><strong>conversionem</strong></span> <span class='ocrx_word' id='word_1_532' title='bbox 4591 1959 4762 2000; x_wconf 90' lang='lat' dir='ltr'><strong>nun—</strong></span> 
     </span>
     <span class='ocr_line' id='line_1_73' title="bbox 2800 2017 4759 2104; baseline 0.004 -24"><span class='ocrx_word' id='word_1_533' title='bbox 2800 2037 3136 2098; x_wconf 89' lang='lat' dir='ltr'><strong>cupamus,</strong></span> <span class='ocrx_word' id='word_1_534' title='bbox 3182 2017 3829 2081; x_wconf 84' lang='lat' dir='ltr'><strong>transformationem</strong></span> <span class='ocrx_word' id='word_1_535' title='bbox 3874 2020 4266 2101; x_wconf 88' lang='lat' dir='ltr'><strong>requirimus</strong></span> <span class='ocrx_word' id='word_1_536' title='bbox 4311 2042 4445 2084; x_wconf 89' lang='lat' dir='ltr'><strong>non</strong></span> <span class='ocrx_word' id='word_1_537' title='bbox 4489 2022 4563 2084; x_wconf 91' lang='lat' dir='ltr'><strong>in</strong></span> <span class='ocrx_word' id='word_1_538' title='bbox 4607 2043 4759 2104; x_wconf 91' lang='lat' dir='ltr'><strong>ope-</strong></span> 
     </span>
     <span class='ocr_line' id='line_1_74' title="bbox 2802 2103 4760 2189; baseline 0.004 -24"><span class='ocrx_word' id='word_1_539' title='bbox 2802 2103 2987 2167; x_wconf 89' lang='lat' dir='ltr'><strong>ribus</strong></span> <span class='ocrx_word' id='word_1_540' title='bbox 3033 2110 3294 2167; x_wconf 89' lang='lat' dir='ltr'><strong>tantum</strong></span> <span class='ocrx_word' id='word_1_541' title='bbox 3338 2104 3647 2180; x_wconf 83' lang='lat' dir='ltr'><strong>externis,</strong></span> <span class='ocrx_word' id='word_1_542' title='bbox 3694 2103 3809 2168; x_wconf 90' lang='lat' dir='ltr'><strong>sed</strong></span> <span class='ocrx_word' id='word_1_543' title='bbox 3852 2105 3923 2167; x_wconf 92' lang='lat' dir='ltr'><strong>in</strong></span> <span class='ocrx_word' id='word_1_544' title='bbox 3968 2107 4189 2169; x_wconf 87' lang='lat' dir='ltr'><strong>anima</strong></span> <span class='ocrx_word' id='word_1_545' title='bbox 4223 2106 4395 2188; x_wconf 83' lang='lat' dir='ltr'><strong>ipsa3</strong></span> <span class='ocrx_word' id='word_1_546' title='bbox 4439 2127 4604 2189; x_wconf 91' lang='lat' dir='ltr'><strong>quae</strong></span> <span class='ocrx_word' id='word_1_547' title='bbox 4646 2108 4760 2174; x_wconf 91' lang='lat' dir='ltr'><strong>ubi</strong></span> 
     </span>
     <span class='ocr_line' id='line_1_75' title="bbox 2802 2188 4757 2274; baseline 0.004 -22"><span class='ocrx_word' id='word_1_548' title='bbox 2802 2195 3197 2252; x_wconf 85' lang='lat' dir='ltr'><strong>vetustatem</strong></span> <span class='ocrx_word' id='word_1_549' title='bbox 3241 2209 3428 2252; x_wconf 86' lang='lat' dir='ltr'><strong>suam</strong></span> <span class='ocrx_word' id='word_1_550' title='bbox 3465 2188 3742 2267; x_wconf 78' lang='lat' dir='ltr'><strong>exuerit,</strong></span> <span class='ocrx_word' id='word_1_551' title='bbox 3790 2196 3931 2253; x_wconf 91' lang='lat' dir='ltr'><strong>tum</strong></span> <span class='ocrx_word' id='word_1_552' title='bbox 3973 2189 4236 2254; x_wconf 87' lang='lat' dir='ltr'><strong>demum</strong></span> <span class='ocrx_word' id='word_1_553' title='bbox 4272 2213 4541 2274; x_wconf 88' lang='lat' dir='ltr'><strong>operum</strong></span> <span class='ocrx_word' id='word_1_554' title='bbox 4584 2194 4757 2260; x_wconf 68' lang='lat' dir='ltr'><strong>fruc⁴</strong></span> 
     </span>
     <span class='ocr_line' id='line_1_76' title="bbox 2799 2274 4758 2359; baseline 0.004 -23"><span class='ocrx_word' id='word_1_555' title='bbox 2799 2280 2906 2337; x_wconf 90' lang='lat' dir='ltr'><strong>tus</strong></span> <span class='ocrx_word' id='word_1_556' title='bbox 2943 2274 3350 2339; x_wconf 88' lang='lat' dir='ltr'><strong>renovationi</strong></span> <span class='ocrx_word' id='word_1_557' title='bbox 3387 2296 3541 2338; x_wconf 87' lang='lat' dir='ltr'><strong>suae</strong></span> <span class='ocrx_word' id='word_1_558' title='bbox 3566 2275 4037 2357; x_wconf 88' lang='lat' dir='ltr'><strong>respondentes</strong></span> <span class='ocrx_word' id='word_1_559' title='bbox 4065 2298 4148 2340; x_wconf 84' lang='lat' dir='ltr'><strong>ex</strong></span> <span class='ocrx_word' id='word_1_560' title='bbox 4172 2297 4242 2340; x_wconf 90' lang='lat' dir='ltr'><strong>se</strong></span> <span class='ocrx_word' id='word_1_561' title='bbox 4264 2279 4491 2359; x_wconf 85' lang='lat' dir='ltr'><strong>pariat.</strong></span> <span class='ocrx_word' id='word_1_562' title='bbox 4562 2277 4758 2358; x_wconf 82' lang='lat' dir='ltr'><strong>Quod</strong></span> 
     </span>
    </p>
   </div>
   <div class='ocr_carea' id='block_1_15' title="bbox 2742 2358 4761 2446">
    <p class='ocr_par' dir='ltr' id='par_1_18' title="bbox 2742 2358 4761 2446">
     <span class='ocr_line' id='line_1_77' title="bbox 2742 2358 4761 2446; baseline 0.003 -24"><span class='ocrx_word' id='word_1_563' title='bbox 2742 2386 2746 2390; x_wconf 96' lang='lat'>·</span> <span class='ocrx_word' id='word_1_564' title='bbox 2799 2358 2958 2422; x_wconf 92' lang='lat' dir='ltr'><strong>dum</strong></span> <span class='ocrx_word' id='word_1_565' title='bbox 3003 2359 3148 2424; x_wconf 89' lang='lat' dir='ltr'><strong>vult</strong></span> <span class='ocrx_word' id='word_1_566' title='bbox 3189 2360 3557 2442; x_wconf 86' lang='lat' dir='ltr'><strong>exprimere</strong></span> <span class='ocrx_word' id='word_1_567' title='bbox 3598 2361 3920 2443; x_wconf 85' lang='lat' dir='ltr'><strong>propheta</strong></span> <span class='ocrx_word' id='word_1_568' title='bbox 3956 2361 4098 2446; x_wconf 86' lang='lat' dir='ltr'><strong>(Ez.</strong></span> <span class='ocrx_word' id='word_1_569' title='bbox 4146 2365 4241 2441; x_wconf 89' lang='grc'><strong>18,</strong></span> <span class='ocrx_word' id='word_1_570' title='bbox 4283 2362 4413 2446; x_wconf 88' lang='grc'>31),</span> <span class='ocrx_word' id='word_1_571' title='bbox 4461 2365 4642 2429; x_wconf 87' lang='lat' dir='ltr'><strong>iubet</strong></span> <span class='ocrx_word' id='word_1_572' title='bbox 4685 2374 4761 2429; x_wconf 89' lang='lat' dir='ltr'><strong>ut</strong></span> 
     </span>
    </p>
   </div>
   <div class='ocr_carea' id='block_1_16' title="bbox 2784 2445 4760 4500">
    <p class='ocr_par' dir='ltr' id='par_1_19' title="bbox 2784 2445 4760 4500">
     <span class='ocr_line' id='line_1_78' title="bbox 2797 2445 4757 2535; baseline 0.004 -28"><span class='ocrx_word' id='word_1_573' title='bbox 2797 2464 2909 2508; x_wconf 90' lang='lat' dir='ltr'><strong>cor</strong></span> <span class='ocrx_word' id='word_1_574' title='bbox 2954 2466 3200 2509; x_wconf 89' lang='lat' dir='ltr'><strong>novum</strong></span> <span class='ocrx_word' id='word_1_575' title='bbox 3245 2445 3373 2509; x_wconf 92' lang='lat' dir='ltr'><strong>sibi</strong></span> <span class='ocrx_word' id='word_1_576' title='bbox 3418 2445 3663 2511; x_wconf 88' lang='lat' dir='ltr'><strong>faciant</strong></span> <span class='ocrx_word' id='word_1_577' title='bbox 3705 2467 3869 2529; x_wconf 90' lang='lat' dir='ltr'><strong>quos</strong></span> <span class='ocrx_word' id='word_1_578' title='bbox 3915 2446 3996 2511; x_wconf 89' lang='lat' dir='ltr'><strong>ad</strong></span> <span class='ocrx_word' id='word_1_579' title='bbox 4041 2449 4507 2535; x_wconf 82' lang='lat' dir='ltr'><strong>poenitentiam</strong></span> <span class='ocrx_word' id='word_1_580' title='bbox 4553 2457 4757 2515; x_wconf 90' lang='lat' dir='ltr'><strong>vocat.</strong></span> 
     </span>
     <span class='ocr_line' id='line_1_79' title="bbox 2796 2529 4760 2616; baseline 0.004 -21"><span class='ocrx_word' id='word_1_581' title='bbox 2796 2529 2991 2595; x_wconf 86' lang='lat' dir='ltr'><strong>Unde</strong></span> <span class='ocrx_word' id='word_1_582' title='bbox 3035 2531 3255 2595; x_wconf 86' lang='lat' dir='ltr'><strong>Moses</strong></span> <span class='ocrx_word' id='word_1_583' title='bbox 3300 2532 3592 2615; x_wconf 87' lang='lat' dir='ltr'><strong>saepius,</strong></span> <span class='ocrx_word' id='word_1_584' title='bbox 3649 2542 4029 2597; x_wconf 87' lang='lat' dir='ltr'><strong>ostensurus</strong></span> <span class='ocrx_word' id='word_1_585' title='bbox 4091 2534 4415 2616; x_wconf 90' lang='lat' dir='ltr'><strong>quomodo</strong></span> <span class='ocrx_word' id='word_1_586' title='bbox 4483 2537 4607 2600; x_wconf 86' lang='lat' dir='ltr'><strong>rite</strong></span> <span class='ocrx_word' id='word_1_587' title='bbox 4675 2536 4760 2602; x_wconf 91' lang='lat' dir='ltr'><strong>ad</strong></span> 
     </span>
     <span class='ocr_line' id='line_1_80' title="bbox 2794 2615 4753 2702; baseline 0.004 -23"><span class='ocrx_word' id='word_1_588' title='bbox 2794 2615 3157 2679; x_wconf 89' lang='lat' dir='ltr'><strong>Dominum</strong></span> <span class='ocrx_word' id='word_1_589' title='bbox 3193 2625 3729 2682; x_wconf 86' lang='lat' dir='ltr'><strong>converterentur</strong></span> <span class='ocrx_word' id='word_1_590' title='bbox 3752 2619 4094 2683; x_wconf 86' lang='lat' dir='ltr'><strong>Israelitae</strong></span> <span class='ocrx_word' id='word_1_591' title='bbox 4118 2621 4515 2701; x_wconf 89' lang='lat' dir='ltr'><strong>poenitentia</strong></span> <span class='ocrx_word' id='word_1_592' title='bbox 4555 2621 4753 2702; x_wconf 85' lang='lat' dir='ltr'><strong>ducti,</strong></span> 
     </span>
     <span class='ocr_line' id='line_1_81' title="bbox 2795 2700 4756 2779; baseline 0.005 -16"><span class='ocrx_word' id='word_1_593' title='bbox 2795 2700 2984 2766; x_wconf 91' lang='lat' dir='ltr'><strong>docet</strong></span> <span class='ocrx_word' id='word_1_594' title='bbox 3037 2708 3113 2765; x_wconf 91' lang='lat' dir='ltr'><strong>ut</strong></span> <span class='ocrx_word' id='word_1_595' title='bbox 3159 2701 3230 2765; x_wconf 92' lang='lat' dir='ltr'><strong>id</strong></span> <span class='ocrx_word' id='word_1_596' title='bbox 3282 2704 3398 2765; x_wconf 86' lang='lat' dir='ltr'><strong>fiat</strong></span> <span class='ocrx_word' id='word_1_597' title='bbox 3451 2725 3535 2766; x_wconf 83' lang='lat' dir='ltr'><strong>ex</strong></span> <span class='ocrx_word' id='word_1_598' title='bbox 3591 2712 3726 2768; x_wconf 88' lang='lat' dir='ltr'><strong>toto</strong></span> <span class='ocrx_word' id='word_1_599' title='bbox 3781 2704 3999 2779; x_wconf 89' lang='lat' dir='ltr'><strong>eorde,</strong></span> <span class='ocrx_word' id='word_1_600' title='bbox 4068 2714 4135 2769; x_wconf 89' lang='lat' dir='ltr'><strong>et</strong></span> <span class='ocrx_word' id='word_1_601' title='bbox 4195 2727 4277 2770; x_wconf 83' lang='lat' dir='ltr'><strong>ex</strong></span> <span class='ocrx_word' id='word_1_602' title='bbox 4338 2713 4479 2771; x_wconf 90' lang='lat' dir='ltr'><strong>tota</strong></span> <span class='ocrx_word' id='word_1_603' title='bbox 4534 2709 4756 2774; x_wconf 89' lang='lat' dir='ltr'><strong>anima</strong></span> 
     </span>
     <span class='ocr_line' id='line_1_82' title="bbox 2794 2786 4751 2874; baseline 0.004 -24"><span class='ocrx_word' id='word_1_604' title='bbox 2794 2786 3022 2870; x_wconf 91' lang='lat' dir='ltr'><strong>(quam</strong></span> <span class='ocrx_word' id='word_1_605' title='bbox 3086 2786 3533 2869; x_wconf 89' lang='lat' dir='ltr'><strong>loquutionem</strong></span> <span class='ocrx_word' id='word_1_606' title='bbox 3598 2789 3898 2854; x_wconf 89' lang='lat' dir='ltr'><strong>videmus</strong></span> <span class='ocrx_word' id='word_1_607' title='bbox 3975 2813 4015 2854; x_wconf 90' lang='lat' dir='ltr'><strong>a</strong></span> <span class='ocrx_word' id='word_1_608' title='bbox 4078 2792 4411 2874; x_wconf 89' lang='lat' dir='ltr'><strong>prophetis</strong></span> <span class='ocrx_word' id='word_1_609' title='bbox 4477 2792 4751 2859; x_wconf 90' lang='lat' dir='ltr'><strong>subinde</strong></span> 
     </span>
     <span class='ocr_line' id='line_1_83' title="bbox 2793 2872 4753 2957; baseline 0.004 -21"><span class='ocrx_word' id='word_1_610' title='bbox 2793 2872 3171 2957; x_wconf 89' lang='lat' dir='ltr'><strong>repetitam)</strong></span> <span class='ocrx_word' id='word_1_611' title='bbox 3215 2878 3272 2937; x_wconf 82' lang='lat' dir='ltr'><strong>et</strong></span> <span class='ocrx_word' id='word_1_612' title='bbox 3311 2875 3520 2938; x_wconf 80' lang='lat' dir='ltr'><strong>cordis</strong></span> <span class='ocrx_word' id='word_1_613' title='bbox 3562 2874 4086 2939; x_wconf 77' lang='lat' dir='ltr'><strong>circumcisionem</strong></span> <span class='ocrx_word' id='word_1_614' title='bbox 4129 2878 4462 2941; x_wconf 78' lang='lat' dir='ltr'><strong>nominans</strong></span> <span class='ocrx_word' id='word_1_615' title='bbox 4504 2880 4753 2944; x_wconf 75' lang='lat' dir='ltr'><strong>interio-</strong></span> 
     </span>
     <span class='ocr_line' id='line_1_84' title="bbox 2791 2959 4750 3047; baseline 0.004 -25"><span class='ocrx_word' id='word_1_616' title='bbox 2791 2979 2894 3022; x_wconf 82' lang='lat' dir='ltr'><strong>res</strong></span> <span class='ocrx_word' id='word_1_617' title='bbox 2934 2960 3186 3040; x_wconf 78' lang='lat' dir='ltr'><strong>affectus</strong></span> <span class='ocrx_word' id='word_1_618' title='bbox 3227 2960 3469 3023; x_wconf 71' lang='lat' dir='ltr'><strong>excutit.</strong></span> <span class='ocrx_word' id='word_1_619' title='bbox 3555 2959 3796 3023; x_wconf 90' lang='lat' dir='ltr'><strong>Nullus</strong></span> <span class='ocrx_word' id='word_1_620' title='bbox 3839 2968 4060 3024; x_wconf 90' lang='lat' dir='ltr'><strong>tamen</strong></span> <span class='ocrx_word' id='word_1_621' title='bbox 4105 2961 4285 3026; x_wconf 89' lang='lat' dir='ltr'><strong>loeus</strong></span> <span class='ocrx_word' id='word_1_622' title='bbox 4343 2971 4443 3028; x_wconf 90' lang='lat' dir='ltr'><strong>est</strong></span> <span class='ocrx_word' id='word_1_623' title='bbox 4495 2986 4577 3028; x_wconf 88' lang='lat' dir='ltr'><strong>ex</strong></span> <span class='ocrx_word' id='word_1_624' title='bbox 4622 2985 4750 3047; x_wconf 92' lang='lat' dir='ltr'><strong>quo</strong></span> 
     </span>
     <span class='ocr_line' id='line_1_85' title="bbox 2791 3044 4750 3131; baseline 0.003 -23"><span class='ocrx_word' id='word_1_625' title='bbox 2791 3044 3028 3110; x_wconf 88' lang='lat' dir='ltr'><strong>melius</strong></span> <span class='ocrx_word' id='word_1_626' title='bbox 3071 3045 3437 3127; x_wconf 88' lang='lat' dir='ltr'><strong>perspicere</strong></span> <span class='ocrx_word' id='word_1_627' title='bbox 3481 3045 3691 3123; x_wconf 92' lang='lat' dir='ltr'><strong>liceat,</strong></span> <span class='ocrx_word' id='word_1_628' title='bbox 3737 3065 3903 3127; x_wconf 88' lang='lat' dir='ltr'><strong>quae</strong></span> <span class='ocrx_word' id='word_1_629' title='bbox 3947 3046 4033 3108; x_wconf 89' lang='lat' dir='ltr'><strong>sit</strong></span> <span class='ocrx_word' id='word_1_630' title='bbox 4066 3068 4383 3129; x_wconf 88' lang='lat' dir='ltr'><strong>germana</strong></span> <span class='ocrx_word' id='word_1_631' title='bbox 4415 3051 4750 3131; x_wconf 91' lang='lat' dir='ltr'><strong>poeniten-</strong></span> 
     </span>
     <span class='ocr_line' id='line_1_86' title="bbox 2792 3130 4745 3220; baseline 0.003 -27"><span class='ocrx_word' id='word_1_632' title='bbox 2792 3130 2923 3194; x_wconf 88' lang='lat' dir='ltr'><strong>tiae</strong></span> <span class='ocrx_word' id='word_1_633' title='bbox 2966 3131 3350 3213; x_wconf 87' lang='lat' dir='ltr'><strong>proprietas,</strong></span> <span class='ocrx_word' id='word_1_634' title='bbox 3395 3152 3594 3213; x_wconf 91' lang='lat' dir='ltr'><strong>quam</strong></span> <span class='ocrx_word' id='word_1_635' title='bbox 3640 3153 3723 3194; x_wconf 84' lang='lat' dir='ltr'><strong>ex</strong></span> <span class='ocrx_word' id='word_1_636' title='bbox 3768 3154 3818 3195; x_wconf 94' lang='lat' dir='ltr'><strong>c.</strong></span> <span class='ocrx_word' id='word_1_637' title='bbox 3858 3137 3915 3194; x_wconf 88' lang='lat'><strong>4.</strong></span> <span class='ocrx_word' id='word_1_638' title='bbox 3964 3132 4283 3197; x_wconf 87' lang='lat' dir='ltr'><strong>Ieremiae</strong></span> <span class='ocrx_word' id='word_1_639' title='bbox 4329 3136 4419 3214; x_wconf 90' lang='lat' dir='ltr'><strong>(v.</strong></span> <span class='ocrx_word' id='word_1_640' title='bbox 4463 3135 4745 3220; x_wconf 90' lang='lat' dir='ltr'><strong>lseqq.).</strong></span> 
     </span>
     <span class='ocr_line' id='line_1_87' title="bbox 2793 3214 4747 3299; baseline 0.002 -18"><span class='ocrx_word' id='word_1_641' title='bbox 2793 3214 2872 3281; x_wconf 82' lang='lat' dir='ltr'><strong>Si</strong></span> <span class='ocrx_word' id='word_1_642' title='bbox 2915 3217 3264 3282; x_wconf 88' lang='lat' dir='ltr'><strong>reverteris</strong></span> <span class='ocrx_word' id='word_1_643' title='bbox 3308 3216 3545 3295; x_wconf 90' lang='lat' dir='ltr'><strong>Israel,</strong></span> <span class='ocrx_word' id='word_1_644' title='bbox 3590 3218 3804 3299; x_wconf 90' lang='lat' dir='ltr'><strong>inquit</strong></span> <span class='ocrx_word' id='word_1_645' title='bbox 3848 3218 4204 3296; x_wconf 90' lang='lat' dir='ltr'><strong>Dominus,</strong></span> <span class='ocrx_word' id='word_1_646' title='bbox 4250 3219 4336 3283; x_wconf 88' lang='lat' dir='ltr'><strong>ad</strong></span> <span class='ocrx_word' id='word_1_647' title='bbox 4378 3240 4484 3282; x_wconf 93' lang='lat' dir='ltr'><strong>me</strong></span> <span class='ocrx_word' id='word_1_648' title='bbox 4526 3242 4747 3284; x_wconf 91' lang='lat' dir='ltr'><strong>rever-</strong></span> 
     </span>
     <span class='ocr_line' id='line_1_88' title="bbox 2791 3301 4747 3387; baseline 0.002 -21"><span class='ocrx_word' id='word_1_649' title='bbox 2791 3310 2957 3380; x_wconf 89' lang='lat' dir='ltr'><strong>tere;</strong></span> <span class='ocrx_word' id='word_1_650' title='bbox 3014 3310 3195 3366; x_wconf 76' lang='lat' dir='ltr'><strong>arato</strong></span> <span class='ocrx_word' id='word_1_651' title='bbox 3236 3301 3422 3368; x_wconf 85' lang='lat' dir='ltr'><strong>vobis</strong></span> <span class='ocrx_word' id='word_1_652' title='bbox 3467 3324 3700 3367; x_wconf 88' lang='lat' dir='ltr'><strong>arvum</strong></span> <span class='ocrx_word' id='word_1_653' title='bbox 3751 3311 3818 3366; x_wconf 89' lang='lat' dir='ltr'><strong>et</strong></span> <span class='ocrx_word' id='word_1_654' title='bbox 3857 3303 4063 3368; x_wconf 90' lang='lat' dir='ltr'><strong>nolite</strong></span> <span class='ocrx_word' id='word_1_655' title='bbox 4107 3325 4325 3368; x_wconf 89' lang='lat' dir='ltr'><strong>serere</strong></span> <span class='ocrx_word' id='word_1_656' title='bbox 4370 3325 4569 3386; x_wconf 90' lang='lat' dir='ltr'><strong>super</strong></span> <span class='ocrx_word' id='word_1_657' title='bbox 4614 3306 4747 3387; x_wconf 90' lang='lat' dir='ltr'><strong>spi-</strong></span> 
     </span>
     <span class='ocr_line' id='line_1_89' title="bbox 2790 3387 4748 3472; baseline 0.002 -20"><span class='ocrx_word' id='word_1_658' title='bbox 2790 3409 2938 3466; x_wconf 92' lang='lat' dir='ltr'><strong>nas;</strong></span> <span class='ocrx_word' id='word_1_659' title='bbox 3006 3387 3546 3453; x_wconf 83' lang='lat' dir='ltr'><strong>circumcidimini</strong></span> <span class='ocrx_word' id='word_1_660' title='bbox 3597 3389 3889 3453; x_wconf 90' lang='lat' dir='ltr'><strong>Domino</strong></span> <span class='ocrx_word' id='word_1_661' title='bbox 3957 3397 4025 3453; x_wconf 92' lang='lat' dir='ltr'><strong>et</strong></span> <span class='ocrx_word' id='word_1_662' title='bbox 4089 3390 4337 3454; x_wconf 86' lang='lat' dir='ltr'><strong>auferte</strong></span> <span class='ocrx_word' id='word_1_663' title='bbox 4401 3391 4748 3472; x_wconf 88' lang='lat' dir='ltr'><strong>praeputia</strong></span> 
     </span>
     <span class='ocr_line' id='line_1_90' title="bbox 2790 3473 4745 3557; baseline 0.002 -20"><span class='ocrx_word' id='word_1_664' title='bbox 2790 3473 3084 3538; x_wconf 90' lang='lat' dir='ltr'><strong>cordium</strong></span> <span class='ocrx_word' id='word_1_665' title='bbox 3127 3481 3517 3540; x_wconf 87' lang='lat' dir='ltr'><strong>vestrorum.</strong></span> <span class='ocrx_word' id='word_1_666' title='bbox 3607 3474 3781 3539; x_wconf 90' lang='lat' dir='ltr'><strong>Vide</strong></span> <span class='ocrx_word' id='word_1_667' title='bbox 3826 3473 4144 3557; x_wconf 90' lang='lat' dir='ltr'><strong>quomodo</strong></span> <span class='ocrx_word' id='word_1_668' title='bbox 4190 3476 4357 3539; x_wconf 89' lang='lat' dir='ltr'><strong>nihil</strong></span> <span class='ocrx_word' id='word_1_669' title='bbox 4399 3477 4745 3542; x_wconf 86' lang='lat' dir='ltr'><strong>effecturos</strong></span> 
     </span>
     <span class='ocr_line' id='line_1_91' title="bbox 2790 3559 4747 3643; baseline 0.002 -19"><span class='ocrx_word' id='word_1_670' title='bbox 2790 3559 3136 3624; x_wconf 88' lang='lat' dir='ltr'><strong>denuntiet</strong></span> <span class='ocrx_word' id='word_1_671' title='bbox 3175 3560 3249 3623; x_wconf 90' lang='lat' dir='ltr'><strong>in</strong></span> <span class='ocrx_word' id='word_1_672' title='bbox 3284 3559 3503 3623; x_wconf 91' lang='lat' dir='ltr'><strong>studio</strong></span> <span class='ocrx_word' id='word_1_673' title='bbox 3545 3561 3832 3625; x_wconf 86' lang='lat' dir='ltr'><strong>iustitiae</strong></span> <span class='ocrx_word' id='word_1_674' title='bbox 3876 3561 4269 3643; x_wconf 84' lang='lat' dir='ltr'><strong>capessendo</strong></span> <span class='ocrx_word' id='word_1_675' title='bbox 4311 3562 4439 3626; x_wconf 92' lang='lat' dir='ltr'><strong>nisi</strong></span> <span class='ocrx_word' id='word_1_676' title='bbox 4482 3562 4747 3628; x_wconf 89' lang='lat' dir='ltr'><strong>revulsa</strong></span> 
     </span>
     <span class='ocr_line' id='line_1_92' title="bbox 2787 3645 4746 3729; baseline 0.001 -19"><span class='ocrx_word' id='word_1_677' title='bbox 2787 3646 2859 3710; x_wconf 90' lang='lat' dir='ltr'><strong>in</strong></span> <span class='ocrx_word' id='word_1_678' title='bbox 2904 3647 3134 3728; x_wconf 90' lang='lat' dir='ltr'><strong>primis</strong></span> <span class='ocrx_word' id='word_1_679' title='bbox 3177 3668 3262 3710; x_wconf 85' lang='lat' dir='ltr'><strong>ex</strong></span> <span class='ocrx_word' id='word_1_680' title='bbox 3301 3646 3710 3728; x_wconf 89' lang='lat' dir='ltr'><strong>penitissime</strong></span> <span class='ocrx_word' id='word_1_681' title='bbox 3753 3645 3948 3711; x_wconf 87' lang='lat' dir='ltr'><strong>corde</strong></span> <span class='ocrx_word' id='word_1_682' title='bbox 4001 3647 4306 3729; x_wconf 87' lang='lat' dir='ltr'><strong>impietas</strong></span> <span class='ocrx_word' id='word_1_683' title='bbox 4352 3648 4566 3712; x_wconf 88' lang='lat' dir='ltr'><strong>fuerit.</strong></span> <span class='ocrx_word' id='word_1_684' title='bbox 4656 3647 4746 3712; x_wconf 80' lang='lat' dir='ltr'><strong>Et</strong></span> 
     </span>
     <span class='ocr_line' id='line_1_93' title="bbox 2789 3730 4744 3817; baseline 0.002 -22"><span class='ocrx_word' id='word_1_685' title='bbox 2789 3752 2912 3813; x_wconf 80' lang='lat' dir='ltr'><strong>quo</strong></span> <span class='ocrx_word' id='word_1_686' title='bbox 2952 3734 3210 3813; x_wconf 76' lang='lat' dir='ltr'><strong>penitus</strong></span> <span class='ocrx_word' id='word_1_687' title='bbox 3276 3752 3378 3796; x_wconf 79' lang='lat' dir='ltr'><strong>eos</strong></span> <span class='ocrx_word' id='word_1_688' title='bbox 3420 3730 3689 3812; x_wconf 76' lang='lat' dir='ltr'><strong>afliciat,</strong></span> <span class='ocrx_word' id='word_1_689' title='bbox 3744 3738 3946 3796; x_wconf 78' lang='lat' dir='ltr'><strong>monet</strong></span> <span class='ocrx_word' id='word_1_690' title='bbox 4000 3753 4141 3797; x_wconf 81' lang='lat' dir='ltr'><strong>cum</strong></span> <span class='ocrx_word' id='word_1_691' title='bbox 4193 3733 4330 3798; x_wconf 83' lang='lat' dir='ltr'><strong>Deo</strong></span> <span class='ocrx_word' id='word_1_692' title='bbox 4381 3753 4511 3798; x_wconf 80' lang='lat' dir='ltr'><strong>esse</strong></span> <span class='ocrx_word' id='word_1_693' title='bbox 4567 3754 4744 3817; x_wconf 70' lang='lat' dir='ltr'><strong>neqo-</strong></span> 
     </span>
     <span class='ocr_line' id='line_1_94' title="bbox 2787 3817 4745 3901; baseline 0.002 -20"><span class='ocrx_word' id='word_1_694' title='bbox 2787 3819 2947 3882; x_wconf 81' lang='lat' dir='ltr'><strong>tium</strong></span> <span class='ocrx_word' id='word_1_695' title='bbox 2960 3869 2974 3897; x_wconf 92' lang='lat'><strong>,</strong></span> <span class='ocrx_word' id='word_1_696' title='bbox 3032 3817 3205 3900; x_wconf 67' lang='lat' dir='ltr'><strong>affui</strong></span> <span class='ocrx_word' id='word_1_697' title='bbox 3255 3838 3434 3897; x_wconf 70' lang='lat' dir='ltr'><strong>quem</strong></span> <span class='ocrx_word' id='word_1_698' title='bbox 3482 3817 3941 3900; x_wconf 71' lang='lat' dir='ltr'><strong>teryiversando</strong></span> <span class='ocrx_word' id='word_1_699' title='bbox 3984 3818 4150 3881; x_wconf 76' lang='lat' dir='ltr'><strong>nihil</strong></span> <span class='ocrx_word' id='word_1_700' title='bbox 4178 3817 4534 3899; x_wconf 75' lang='lat' dir='ltr'><strong>proficitur,</strong></span> <span class='ocrx_word' id='word_1_701' title='bbox 4590 3821 4745 3901; x_wconf 77' lang='lat' dir='ltr'><strong>quia</strong></span> 
     </span>
     <span class='ocr_line' id='line_1_95' title="bbox 2788 3902 4743 3987; baseline 0.001 -18"><span class='ocrx_word' id='word_1_702' title='bbox 2788 3923 2892 3969; x_wconf 84' lang='lat' dir='ltr'><strong>cor</strong></span> <span class='ocrx_word' id='word_1_703' title='bbox 2942 3905 3172 3984; x_wconf 67' lang='lat' dir='ltr'><strong>duplas</strong></span> <span class='ocrx_word' id='word_1_704' title='bbox 3225 3903 3366 3967; x_wconf 81' lang='lat' dir='ltr'><strong>odio</strong></span> <span class='ocrx_word' id='word_1_705' title='bbox 3419 3902 3608 3967; x_wconf 75' lang='lat' dir='ltr'><strong>habet.</strong></span> <span class='ocrx_word' id='word_1_706' title='bbox 3715 3903 3887 3967; x_wconf 89' lang='lat' dir='ltr'><strong>Eam</strong></span> <span class='ocrx_word' id='word_1_707' title='bbox 3952 3904 4033 3967; x_wconf 94' lang='lat' dir='ltr'><strong>ob</strong></span> <span class='ocrx_word' id='word_1_708' title='bbox 4090 3925 4229 3968; x_wconf 88' lang='lat' dir='ltr'><strong>rem</strong></span> <span class='ocrx_word' id='word_1_709' title='bbox 4289 3911 4743 3987; x_wconf 87' lang='lat' dir='ltr'><strong>praeposteros</strong></span> 
     </span>
     <span class='ocr_line' id='line_1_96' title="bbox 2788 3987 4742 4074; baseline 0.002 -21"><span class='ocrx_word' id='word_1_710' title='bbox 2788 3990 3279 4074; x_wconf 81' lang='lat' dir='ltr'><strong>hypocritarum</strong></span> <span class='ocrx_word' id='word_1_711' title='bbox 3344 3997 3615 4053; x_wconf 90' lang='lat' dir='ltr'><strong>conatus</strong></span> <span class='ocrx_word' id='word_1_712' title='bbox 3677 3987 3913 4053; x_wconf 91' lang='lat' dir='ltr'><strong>irridet</strong></span> <span class='ocrx_word' id='word_1_713' title='bbox 3973 3989 4221 4054; x_wconf 91' lang='lat' dir='ltr'><strong>Iesaias</strong></span> <span class='ocrx_word' id='word_1_714' title='bbox 4272 3990 4418 4074; x_wconf 84' lang='lat'><strong>(58,</strong></span> <span class='ocrx_word' id='word_1_715' title='bbox 4458 3990 4557 4074; x_wconf 88' lang='lat'><strong>6),</strong></span> <span class='ocrx_word' id='word_1_716' title='bbox 4627 3992 4742 4073; x_wconf 91' lang='lat' dir='ltr'><strong>qui</strong></span> 
     </span>
     <span class='ocr_line' id='line_1_97' title="bbox 2786 4074 4741 4159; baseline 0.001 -19"><span class='ocrx_word' id='word_1_717' title='bbox 2786 4086 3131 4140; x_wconf 84' lang='lat' dir='ltr'><strong>externam</strong></span> <span class='ocrx_word' id='word_1_718' title='bbox 3175 4076 3244 4137; x_wconf 93' lang='lat' dir='ltr'><strong>in</strong></span> <span class='ocrx_word' id='word_1_719' title='bbox 3281 4074 3704 4139; x_wconf 89' lang='lat' dir='ltr'><strong>caeremoniis</strong></span> <span class='ocrx_word' id='word_1_720' title='bbox 3738 4074 4260 4158; x_wconf 88' lang='lat' dir='ltr'><strong>resipiscentiam</strong></span> <span class='ocrx_word' id='word_1_721' title='bbox 4294 4081 4564 4141; x_wconf 89' lang='lat' dir='ltr'><strong>strenue</strong></span> <span class='ocrx_word' id='word_1_722' title='bbox 4595 4077 4741 4159; x_wconf 92' lang='lat' dir='ltr'><strong>qui-</strong></span> 
     </span>
     <span class='ocr_line' id='line_1_98' title="bbox 2788 4159 4738 4244; baseline 0 -19"><span class='ocrx_word' id='word_1_723' title='bbox 2788 4159 2937 4225; x_wconf 92' lang='lat' dir='ltr'><strong>dem</strong></span> <span class='ocrx_word' id='word_1_724' title='bbox 2991 4160 3457 4237; x_wconf 89' lang='lat' dir='ltr'><strong>moliebantur,</strong></span> <span class='ocrx_word' id='word_1_725' title='bbox 3527 4166 3595 4222; x_wconf 88' lang='lat' dir='ltr'><strong>at</strong></span> <span class='ocrx_word' id='word_1_726' title='bbox 3645 4161 3911 4224; x_wconf 89' lang='lat' dir='ltr'><strong>interim</strong></span> <span class='ocrx_word' id='word_1_727' title='bbox 3962 4161 4304 4227; x_wconf 87' lang='lat' dir='ltr'><strong>fasciculos</strong></span> <span class='ocrx_word' id='word_1_728' title='bbox 4358 4161 4738 4244; x_wconf 86' lang='lat' dir='ltr'><strong>iniquitatis,</strong></span> 
     </span>
     <span class='ocr_line' id='line_1_99' title="bbox 2787 4245 4741 4328; baseline -0.001 -18"><span class='ocrx_word' id='word_1_729' title='bbox 2787 4246 3015 4327; x_wconf 77' lang='lat' dir='ltr'><strong>quibus</strong></span> <span class='ocrx_word' id='word_1_730' title='bbox 3067 4245 3405 4328; x_wconf 85' lang='lat' dir='ltr'><strong>colligatos</strong></span> <span class='ocrx_word' id='word_1_731' title='bbox 3455 4245 3729 4311; x_wconf 79' lang='lat' dir='ltr'><strong>tenebant</strong></span> <span class='ocrx_word' id='word_1_732' title='bbox 3769 4266 4123 4328; x_wconf 74' lang='lat' dir='ltr'><strong>paupereS,</strong></span> <span class='ocrx_word' id='word_1_733' title='bbox 4195 4246 4548 4312; x_wconf 89' lang='lat' dir='ltr'><strong>dissolvere</strong></span> <span class='ocrx_word' id='word_1_734' title='bbox 4601 4266 4741 4309; x_wconf 89' lang='lat' dir='ltr'><strong>non</strong></span> 
     </span>
     <span class='ocr_line' id='line_1_100' title="bbox 2787 4330 4743 4413; baseline -0.001 -17"><span class='ocrx_word' id='word_1_735' title='bbox 2787 4332 3121 4396; x_wconf 88' lang='lat' dir='ltr'><strong>curabant.</strong></span> <span class='ocrx_word' id='word_1_736' title='bbox 3212 4330 3342 4397; x_wconf 89' lang='lat' dir='ltr'><strong>Ubi</strong></span> <span class='ocrx_word' id='word_1_737' title='bbox 3409 4330 3607 4395; x_wconf 90' lang='lat' dir='ltr'><strong>etiam</strong></span> <span class='ocrx_word' id='word_1_738' title='bbox 3660 4332 3936 4413; x_wconf 89' lang='lat' dir='ltr'><strong>pulchre</strong></span> <span class='ocrx_word' id='word_1_739' title='bbox 3996 4330 4309 4408; x_wconf 91' lang='lat' dir='ltr'><strong>ostendit,</strong></span> <span class='ocrx_word' id='word_1_740' title='bbox 4376 4333 4445 4394; x_wconf 88' lang='lat' dir='ltr'><strong>in</strong></span> <span class='ocrx_word' id='word_1_741' title='bbox 4501 4331 4743 4413; x_wconf 87' lang='lat' dir='ltr'><strong>quibus</strong></span> 
     </span>
     <span class='ocr_line' id='line_1_101' title="bbox 2784 4416 4441 4500; baseline -0.002 -19"><span class='ocrx_word' id='word_1_742' title='bbox 2784 4417 3045 4500; x_wconf 90' lang='lat' dir='ltr'><strong>proprie</strong></span> <span class='ocrx_word' id='word_1_743' title='bbox 3089 4419 3216 4481; x_wconf 92' lang='lat' dir='ltr'><strong>sita</strong></span> <span class='ocrx_word' id='word_1_744' title='bbox 3258 4416 3346 4482; x_wconf 89' lang='lat' dir='ltr'><strong>sit</strong></span> <span class='ocrx_word' id='word_1_745' title='bbox 3385 4417 3614 4481; x_wconf 90' lang='lat' dir='ltr'><strong>officiis</strong></span> <span class='ocrx_word' id='word_1_746' title='bbox 3656 4419 4055 4500; x_wconf 87' lang='lat' dir='ltr'><strong>poenitentia</strong></span> <span class='ocrx_word' id='word_1_747' title='bbox 4098 4438 4229 4481; x_wconf 92' lang='lat' dir='ltr'><strong>non</strong></span> <span class='ocrx_word' id='word_1_748' title='bbox 4271 4418 4441 4479; x_wconf 91' lang='lat' dir='ltr'><strong>ficta.</strong></span> 
     </span>
    </p>
   </div>
   <div class='ocr_carea' id='block_1_17' title="bbox 2783 4532 4760 5802">
    <p class='ocr_par' dir='ltr' id='par_1_20' title="bbox 2783 4532 4760 5747">
     <span class='ocr_line' id='line_1_102' title="bbox 2964 4532 4739 4620; baseline -0.002 -19"><span class='ocrx_word' id='word_1_749' title='bbox 2964 4542 3020 4602; x_wconf 87' lang='lat'><strong>7.</strong></span> <span class='ocrx_word' id='word_1_750' title='bbox 3110 4536 3492 4603; x_wconf 82' lang='lat' dir='ltr'><strong>Secundum</strong></span> <span class='ocrx_word' id='word_1_751' title='bbox 3548 4547 3745 4620; x_wconf 87' lang='lat' dir='ltr'><strong>eaput</strong></span> <span class='ocrx_word' id='word_1_752' title='bbox 3799 4547 3970 4615; x_wconf 88' lang='lat' dir='ltr'><strong>erat,</strong></span> <span class='ocrx_word' id='word_1_753' title='bbox 4038 4532 4212 4617; x_wconf 92' lang='lat' dir='ltr'><strong>quod</strong></span> <span class='ocrx_word' id='word_1_754' title='bbox 4270 4555 4354 4597; x_wconf 85' lang='lat' dir='ltr'><strong>ex</strong></span> <span class='ocrx_word' id='word_1_755' title='bbox 4398 4533 4568 4597; x_wconf 89' lang='lat' dir='ltr'><strong>serio</strong></span> <span class='ocrx_word' id='word_1_756' title='bbox 4610 4533 4739 4598; x_wconf 90' lang='lat' dir='ltr'><strong>Dei</strong></span> 
     </span>
     <span class='ocr_line' id='line_1_103' title="bbox 2788 4619 4743 4707; baseline -0.002 -20"><span class='ocrx_word' id='word_1_757' title='bbox 2788 4625 3024 4689; x_wconf 89' lang='lat' dir='ltr'><strong>timore</strong></span> <span class='ocrx_word' id='word_1_758' title='bbox 3072 4623 3412 4689; x_wconf 88' lang='lat' dir='ltr'><strong>docuimus</strong></span> <span class='ocrx_word' id='word_1_759' title='bbox 3447 4624 3656 4706; x_wconf 89' lang='lat' dir='ltr'><strong>ipsam</strong></span> <span class='ocrx_word' id='word_1_760' title='bbox 3690 4624 4026 4707; x_wconf 86' lang='lat' dir='ltr'><strong>proficisci.</strong></span> <span class='ocrx_word' id='word_1_761' title='bbox 4093 4620 4293 4683; x_wconf 90' lang='lat' dir='ltr'><strong>Prius</strong></span> <span class='ocrx_word' id='word_1_762' title='bbox 4329 4619 4504 4682; x_wconf 90' lang='lat' dir='ltr'><strong>enim</strong></span> <span class='ocrx_word' id='word_1_763' title='bbox 4540 4640 4743 4701; x_wconf 90' lang='lat' dir='ltr'><strong>quam</strong></span> 
     </span>
     <span class='ocr_line' id='line_1_104' title="bbox 2787 4704 4743 4792; baseline -0.003 -17"><span class='ocrx_word' id='word_1_764' title='bbox 2787 4709 2872 4775; x_wconf 88' lang='lat' dir='ltr'><strong>ad</strong></span> <span class='ocrx_word' id='word_1_765' title='bbox 2915 4709 3431 4792; x_wconf 86' lang='lat' dir='ltr'><strong>resipiscentiam</strong></span> <span class='ocrx_word' id='word_1_766' title='bbox 3474 4730 3662 4773; x_wconf 91' lang='lat' dir='ltr'><strong>mens</strong></span> <span class='ocrx_word' id='word_1_767' title='bbox 3703 4707 4061 4791; x_wconf 88' lang='lat' dir='ltr'><strong>peccatoris</strong></span> <span class='ocrx_word' id='word_1_768' title='bbox 4104 4704 4485 4783; x_wconf 91' lang='lat' dir='ltr'><strong>inclinetur,</strong></span> <span class='ocrx_word' id='word_1_769' title='bbox 4535 4705 4743 4770; x_wconf 91' lang='lat' dir='ltr'><strong>divini</strong></span> 
     </span>
     <span class='ocr_line' id='line_1_105' title="bbox 2786 4788 4741 4879; baseline -0.002 -20"><span class='ocrx_word' id='word_1_770' title='bbox 2786 4795 3014 4862; x_wconf 90' lang='lat' dir='ltr'><strong>iudicii</strong></span> <span class='ocrx_word' id='word_1_771' title='bbox 3060 4796 3453 4879; x_wconf 88' lang='lat' dir='ltr'><strong>cogitatione</strong></span> <span class='ocrx_word' id='word_1_772' title='bbox 3497 4795 3770 4859; x_wconf 80' lang='lat' dir='ltr'><strong>excitari</strong></span> <span class='ocrx_word' id='word_1_773' title='bbox 3806 4798 4078 4875; x_wconf 88' lang='lat' dir='ltr'><strong>oportet.</strong></span> <span class='ocrx_word' id='word_1_774' title='bbox 4144 4788 4284 4877; x_wconf 22' lang='lat' dir='ltr'><strong>Ubi·</strong></span> <span class='ocrx_word' id='word_1_775' title='bbox 4318 4797 4541 4854; x_wconf 88' lang='lat' dir='ltr'><strong>autem</strong></span> <span class='ocrx_word' id='word_1_776' title='bbox 4579 4790 4741 4856; x_wconf 88' lang='lat' dir='ltr'><strong>haec</strong></span> 
     </span>
     <span class='ocr_line' id='line_1_106' title="bbox 2786 4874 4743 4966; baseline -0.003 -19"><span class='ocrx_word' id='word_1_777' title='bbox 2786 4881 3090 4966; x_wconf 87' lang='lat' dir='ltr'><strong>cogitat-io</strong></span> <span class='ocrx_word' id='word_1_778' title='bbox 3132 4882 3397 4965; x_wconf 87' lang='lat' dir='ltr'><strong>penitus</strong></span> <span class='ocrx_word' id='word_1_779' title='bbox 3431 4880 3761 4956; x_wconf 88' lang='lat' dir='ltr'><strong>insederit,</strong></span> <span class='ocrx_word' id='word_1_780' title='bbox 3806 4877 4027 4941; x_wconf 89' lang='lat' dir='ltr'><strong>Deum</strong></span> <span class='ocrx_word' id='word_1_781' title='bbox 4062 4874 4411 4957; x_wconf 89' lang='lat' dir='ltr'><strong>aliquando</strong></span> <span class='ocrx_word' id='word_1_782' title='bbox 4447 4875 4743 4942; x_wconf 88' lang='lat' dir='ltr'><strong>tribunal</strong></span> 
     </span>
     <span class='ocr_line' id='line_1_107' title="bbox 2786 4961 4740 5048; baseline -0.002 -16"><span class='ocrx_word' id='word_1_783' title='bbox 2786 4987 3293 5042; x_wconf 83' lang='lat' dir='ltr'><strong>conscensurum</strong></span> <span class='ocrx_word' id='word_1_784' title='bbox 3337 4967 3421 5031; x_wconf 88' lang='lat' dir='ltr'><strong>ad</strong></span> <span class='ocrx_word' id='word_1_785' title='bbox 3464 4963 3855 5048; x_wconf 86' lang='lat' dir='ltr'><strong>exigendam</strong></span> <span class='ocrx_word' id='word_1_786' title='bbox 3901 4962 4199 5024; x_wconf 89' lang='lat' dir='ltr'><strong>omnium</strong></span> <span class='ocrx_word' id='word_1_787' title='bbox 4242 4961 4564 5026; x_wconf 88' lang='lat' dir='ltr'><strong>dictorum</strong></span> <span class='ocrx_word' id='word_1_788' title='bbox 4607 4964 4740 5030; x_wconf 85' lang='lat' dir='ltr'><strong>fac-</strong></span> 
     </span>
     <span class='ocr_line' id='line_1_108' title="bbox 2785 5047 4741 5137; baseline -0.002 -19"><span class='ocrx_word' id='word_1_789' title='bbox 2785 5061 3133 5137; x_wconf 90' lang='lat' dir='ltr'><strong>torumque</strong></span> <span class='ocrx_word' id='word_1_790' title='bbox 3190 5055 3536 5130; x_wconf 82' lang='lat' dir='ltr'><strong>rationem,</strong></span> <span class='ocrx_word' id='word_1_791' title='bbox 3594 5049 3911 5113; x_wconf 89' lang='lat' dir='ltr'><strong>miserum</strong></span> <span class='ocrx_word' id='word_1_792' title='bbox 3968 5047 4302 5111; x_wconf 90' lang='lat' dir='ltr'><strong>hominem</strong></span> <span class='ocrx_word' id='word_1_793' title='bbox 4344 5048 4741 5130; x_wconf 89' lang='lat' dir='ltr'><strong>interquies-</strong></span> 
     </span>
     <span class='ocr_line' id='line_1_109' title="bbox 2787 5133 4739 5219; baseline -0.004 -14"><span class='ocrx_word' id='word_1_794' title='bbox 2787 5161 2933 5205; x_wconf 89' lang='lat' dir='ltr'><strong>cere</strong></span> <span class='ocrx_word' id='word_1_795' title='bbox 2959 5161 3095 5204; x_wconf 90' lang='lat' dir='ltr'><strong>non</strong></span> <span class='ocrx_word' id='word_1_796' title='bbox 3115 5142 3301 5217; x_wconf 90' lang='lat' dir='ltr'><strong>sinet,</strong></span> <span class='ocrx_word' id='word_1_797' title='bbox 3338 5159 3459 5202; x_wconf 92' lang='lat' dir='ltr'><strong>nec</strong></span> <span class='ocrx_word' id='word_1_798' title='bbox 3494 5142 3815 5219; x_wconf 90' lang='lat' dir='ltr'><strong>punctum</strong></span> <span class='ocrx_word' id='word_1_799' title='bbox 3848 5133 4161 5216; x_wconf 88' lang='lat' dir='ltr'><strong>temporis</strong></span> <span class='ocrx_word' id='word_1_800' title='bbox 4195 5134 4540 5216; x_wconf 89' lang='lat' dir='ltr'><strong>respirare,</strong></span> <span class='ocrx_word' id='word_1_801' title='bbox 4577 5135 4739 5215; x_wconf 90' lang='lat' dir='ltr'><strong>quin</strong></span> 
     </span>
     <span class='ocr_line' id='line_1_110' title="bbox 2786 5219 4740 5308; baseline -0.004 -18"><span class='ocrx_word' id='word_1_802' title='bbox 2786 5234 3100 5308; x_wconf 85' lang='lat' dir='ltr'><strong>perpetuo</strong></span> <span class='ocrx_word' id='word_1_803' title='bbox 3144 5224 3227 5288; x_wconf 88' lang='lat' dir='ltr'><strong>ad</strong></span> <span class='ocrx_word' id='word_1_804' title='bbox 3270 5220 3718 5287; x_wconf 88' lang='lat' dir='ltr'><strong>meditandum</strong></span> <span class='ocrx_word' id='word_1_805' title='bbox 3763 5219 3943 5283; x_wconf 91' lang='lat' dir='ltr'><strong>aliud</strong></span> <span class='ocrx_word' id='word_1_806' title='bbox 3986 5220 4161 5285; x_wconf 90' lang='lat' dir='ltr'><strong>vitae</strong></span> <span class='ocrx_word' id='word_1_807' title='bbox 4202 5219 4579 5284; x_wconf 89' lang='lat' dir='ltr'><strong>institutum</strong></span> <span class='ocrx_word' id='word_1_808' title='bbox 4623 5241 4740 5283; x_wconf 81' lang='lat' dir='ltr'><strong>ex-</strong></span> 
     </span>
     <span class='ocr_line' id='line_1_111' title="bbox 2787 5304 4738 5392; baseline -0.004 -18"><span class='ocrx_word' id='word_1_809' title='bbox 2787 5310 3113 5388; x_wconf 88' lang='lat' dir='ltr'><strong>stimulet‚</strong></span> <span class='ocrx_word' id='word_1_810' title='bbox 3180 5331 3307 5392; x_wconf 93' lang='lat' dir='ltr'><strong>quo</strong></span> <span class='ocrx_word' id='word_1_811' title='bbox 3359 5329 3430 5372; x_wconf 90' lang='lat' dir='ltr'><strong>se</strong></span> <span class='ocrx_word' id='word_1_812' title='bbox 3483 5305 3567 5370; x_wconf 89' lang='lat' dir='ltr'><strong>ad</strong></span> <span class='ocrx_word' id='word_1_813' title='bbox 3618 5304 3936 5370; x_wconf 90' lang='lat' dir='ltr'><strong>iudicium</strong></span> <span class='ocrx_word' id='word_1_814' title='bbox 3998 5304 4161 5370; x_wconf 91' lang='lat' dir='ltr'><strong>illud</strong></span> <span class='ocrx_word' id='word_1_815' title='bbox 4227 5306 4455 5370; x_wconf 79' lang='lat' dir='ltr'><strong>sistere</strong></span> <span class='ocrx_word' id='word_1_816' title='bbox 4509 5324 4738 5368; x_wconf 87' lang='lat' dir='ltr'><strong>secure</strong></span> 
     </span>
     <span class='ocr_line' id='line_1_112' title="bbox 2787 5389 4736 5478; baseline -0.004 -19"><span class='ocrx_word' id='word_1_817' title='bbox 2787 5405 2998 5478; x_wconf 89' lang='lat' dir='ltr'><strong>queat.</strong></span> <span class='ocrx_word' id='word_1_818' title='bbox 3090 5394 3312 5475; x_wconf 79' lang='lat' dir='ltr'><strong>Quare</strong></span> <span class='ocrx_word' id='word_1_819' title='bbox 3377 5394 3701 5474; x_wconf 87' lang='lat' dir='ltr'><strong>scriptura</strong></span> <span class='ocrx_word' id='word_1_820' title='bbox 3754 5411 3980 5476; x_wconf 88' lang='lat' dir='ltr'><strong>saepe,</strong></span> <span class='ocrx_word' id='word_1_821' title='bbox 4046 5389 4205 5455; x_wconf 91' lang='lat' dir='ltr'><strong>dum</strong></span> <span class='ocrx_word' id='word_1_822' title='bbox 4260 5390 4343 5454; x_wconf 92' lang='lat' dir='ltr'><strong>ad</strong></span> <span class='ocrx_word' id='word_1_823' title='bbox 4397 5389 4736 5472; x_wconf 90' lang='lat' dir='ltr'><strong>poeniten-</strong></span> 
     </span>
     <span class='ocr_line' id='line_1_113' title="bbox 2783 5474 4736 5556; baseline -0.003 -12"><span class='ocrx_word' id='word_1_824' title='bbox 2783 5482 2947 5545; x_wconf 89' lang='lat' dir='ltr'><strong>tiam</strong></span> <span class='ocrx_word' id='word_1_825' title='bbox 2991 5480 3403 5555; x_wconf 89' lang='lat' dir='ltr'><strong>cohortatur,</strong></span> <span class='ocrx_word' id='word_1_826' title='bbox 3448 5476 3672 5542; x_wconf 86' lang='lat' dir='ltr'><strong>iudicii</strong></span> <span class='ocrx_word' id='word_1_827' title='bbox 3711 5479 4116 5542; x_wconf 90' lang='lat' dir='ltr'><strong>mentionem</strong></span> <span class='ocrx_word' id='word_1_828' title='bbox 4158 5475 4397 5552; x_wconf 88' lang='lat' dir='ltr'><strong>iniicit,</strong></span> <span class='ocrx_word' id='word_1_829' title='bbox 4442 5481 4520 5536; x_wconf 90' lang='lat' dir='ltr'><strong>ut</strong></span> <span class='ocrx_word' id='word_1_830' title='bbox 4561 5474 4736 5556; x_wconf 88' lang='lat' dir='ltr'><strong>apud</strong></span> 
     </span>
     <span class='ocr_line' id='line_1_114' title="bbox 2784 5559 4737 5648; baseline -0.003 -19"><span class='ocrx_word' id='word_1_831' title='bbox 2784 5565 3134 5629; x_wconf 91' lang='lat' dir='ltr'><strong>Ieremiam</strong></span> <span class='ocrx_word' id='word_1_832' title='bbox 3179 5564 3269 5648; x_wconf 87' lang='lat'><strong>(4,</strong></span> <span class='ocrx_word' id='word_1_833' title='bbox 3307 5565 3407 5648; x_wconf 88' lang='lat'><strong>4):</strong></span> <span class='ocrx_word' id='word_1_834' title='bbox 3463 5585 3546 5627; x_wconf 92' lang='lat' dir='ltr'><strong>ne</strong></span> <span class='ocrx_word' id='word_1_835' title='bbox 3599 5564 3767 5628; x_wconf 85' lang='lat' dir='ltr'><strong>forte</strong></span> <span class='ocrx_word' id='word_1_836' title='bbox 3806 5563 4182 5647; x_wconf 88' lang='lat' dir='ltr'><strong>egrediatur</strong></span> <span class='ocrx_word' id='word_1_837' title='bbox 4223 5568 4300 5624; x_wconf 89' lang='lat' dir='ltr'><strong>ut</strong></span> <span class='ocrx_word' id='word_1_838' title='bbox 4336 5560 4510 5643; x_wconf 90' lang='lat' dir='ltr'><strong>ignis</strong></span> <span class='ocrx_word' id='word_1_839' title='bbox 4554 5559 4737 5624; x_wconf 88' lang='lat' dir='ltr'><strong>furor</strong></span> 
     </span>
     <span class='ocr_line' id='line_1_115' title="bbox 2784 5644 4760 5747; baseline -0.003 -33"><span class='ocrx_word' id='word_1_840' title='bbox 2784 5671 3003 5727; x_wconf 91' lang='lat' dir='ltr'><strong>meus,</strong></span> <span class='ocrx_word' id='word_1_841' title='bbox 3060 5656 3128 5713; x_wconf 91' lang='lat' dir='ltr'><strong>et</strong></span> <span class='ocrx_word' id='word_1_842' title='bbox 3181 5670 3317 5713; x_wconf 91' lang='lat' dir='ltr'><strong>non</strong></span> <span class='ocrx_word' id='word_1_843' title='bbox 3359 5649 3447 5714; x_wconf 90' lang='lat' dir='ltr'><strong>sit</strong></span> <span class='ocrx_word' id='word_1_844' title='bbox 3487 5651 3601 5734; x_wconf 89' lang='lat' dir='ltr'><strong>qui</strong></span> <span class='ocrx_word' id='word_1_845' title='bbox 3642 5651 4051 5734; x_wconf 83' lang='lat' dir='ltr'><strong>exstinguat,</strong></span> <span class='ocrx_word' id='word_1_846' title='bbox 4107 5654 4375 5728; x_wconf 85' lang='lat' dir='ltr'><strong>propter</strong></span> <span class='ocrx_word' id='word_1_847' title='bbox 4416 5644 4760 5747; x_wconf 37' lang='lat' dir='ltr'><strong>malitiam,</strong></span> 
     </span>
    </p>

    <p class='ocr_par' dir='ltr' id='par_1_21' title="bbox 4215 5746 4326 5802">
     <span class='ocr_line' id='line_1_116' title="bbox 4215 5746 4326 5802; baseline 0 -24"><span class='ocrx_word' id='word_1_848' title='bbox 4215 5746 4326 5802; x_wconf 60' lang='grc'><strong>28.</strong></span> 
     </span>
    </p>
   </div>
  </div>
 </body>
</html>
