5600 6809
377 799 438 860 css
610 761 702 859 'nm
724 794 787 858 m.
831 795 896 859 na
916 791 1052 859 nono
1074 793 1425 860 Puncrrmuunn
1447 791 1638 860 cnmsnn
1660 793 1878 858 cunnus.
1923 792 2022 858 cnr.
2046 792 2144 857 xm.
2321 797 2382 857 css

375 982 540 1066 maqnidce
551 982 772 1064 praedicatur:
793 983 909 1063 repulit
926 983 1040 1046 tribum
1058 982 1178 1063 Ioseph,
1197 988 1223 1047 el
1240 981 1355 1046 tribum
1404 982 1573 1062 reliquias,
1588 1002 1647 1053 non
1664 982 1788 1063 frustra
1805 980 1959 1060 obseruat5
1980 982 2057 1061 qnia
2073 981 2267 1061 experientia
2289 987 2385 1046 osten·

376 1068 537 1149 prraim
563 1089 625 1132 non
653 1070 757 1150 clepit,·
786 1068 839 1133 sed
866 1068 954 1151 clepit
982 1067 1096 1131 bibam
1124 1068 1217 1132 Inda.
1265 1067 1355 1149 Quod
1405 1068 1451 1132 dit
1469 1088 1507 1131 33
1523 1087 1638 1150 maqna
1656 1067 1852 1132 multitudine
1863 1066 2028 1147 plerosque
2043 1067 2143 1133 dilabi
2156 1074 2185 1131 ct
2201 1087 2383 1147 manescere,

376 1156 541 1236 aliquoties
567 1173 659 1218 saera
688 1153 822 1218 bistoria
849 1155 973 1236 repetit,
1007 1174 1067 1234 quo
1094 1155 1206 1219 melius
1231 1154 1267 1217 m
1292 1155 1354 1217 ista
1406 1159 1442 1217 ut
1461 1155 1590 1234 saepius
1609 1158 1733 1218 maneat
1752 1154 1866 1234 3313333
1887 1157 2009 1216 tontum
2025 1155 2137 1234 portio.
2174 1153 2260 1233 Quod
2282 1160 2385 1218 3331333

375 1242 542 1304 mentatione
558 1238 952 1323 331333331311333311331133Ι
963 1258 1115 1303 arcannm
1126 1245 1242 1321 pateat.
1272 1239 1354 1303 Vitio
1403 1240 1560 1322 qeneralis
1586 1239 1687 1303 electio
1707 1239 1821 1320 populi
1842 1259 1904 1302 3333
1929 1259 2048 1319 semper
2067 1238 2164 1319 timna
2185 1245 2214 1304 ct
2240 1245 2312 1304 rato
2333 1241 2383 1319 sit,

376 1346 433 1390 suo
453 1330 480 1388 et
501 1327 606 1407 333133,
634 1326 747 1406 fauor,
775 1326 955 1389 exciderunt
982 1325 1021 1389 ab
1042 1326 1204 1405 adoptiom
1227 1325 1353 1402 Ismacl,
1407 1326 1442 1388 in
1459 1330 1608 1406 promptu
1629 1346 1661 1389 se
1681 1326 1767 1406 offert
1783 1325 1879 1388 ratio:
1900 1326 1977 1405 qnia
1993 1344 2064 1388 cnm
2081 1326 2194 1406 quibus
2209 1327 2385 1406 paciscitur

377 1410 478 1489 Esau,
501 1417 530 1475 et
550 1412 686 1490 similes,·
707 1413 783 1492 quia
806 1411 950 1492 apposita
967 1416 1034 1475 erat
1054 1411 1202 1489 conditio,
1225 1415 1261 1474 ut
1281 1411 1355 1492 fide·
1406 1410 1496 1475 Deus
1522 1431 1584 1475 nou
1608 1411 1758 1491 protinus
1785 1430 1835 1474 eos
1861 1410 1953 1474 donat
1985 1412 2103 1492 spiritu
2134 1413 2384 1494 repenerotionis,

377 1498 448 1562 liter
470 1498 599 1561 colerunt
620 1497 685 1562 Dei
704 1498 814 1580 foedus
834 1497 914 1577 quod
930 1497 1051 1578 perfide
1072 1497 1237 1560 uiolarunt.
1278 1495 1357 1560 Fuit
1407 1498 1498 1560 onius
1524 1498 1635 1560 31313313
1662 1517 1759 1577 usqne
1787 1497 1822 1558 in
1849 1496 1941 1576 finan
1969 1498 2004 1559 iu
2029 1497 2149 1577 saedere
2172 1503 2385 1578 perseverent,-

378 1589 480 1647 tamcu
500 1582 553 1647 boc
575 1583 736 1666 sinqulare
757 1581 821 1646 Dei
842 1582 1028 1662 beneficium,
1050 1583 1133 1662 qnod
1154 1603 1204 1646 eos
1225 1583 1356 1662 reliquis
1407 1584 1461 1647 sed
1488 1587 1614 1646 33133333
1640 1583 1770 1646 mutatio
1797 1581 1910 1662 absque
1930 1584 2072 1646 interiori
2092 1584 2214 1663 qratiac
2235 1583 2384 1664 efficacia,

375 1667 517 1751 pentibus
539 1669 701 1749 praeferre
725 1668 871 1751 diqnatus
896 1669 1009 1749 fuerat.
1061 1667 1148 1731 Simul
1179 1669 1295 1733 dicitur
1320 1669 1356 1731 in
1407 1689 1488 1749 qnae
1510 1668 1551 1730 od
1572 1689 1622 1731 eos
1643 1668 1817 1732 retinendos
1839 1668 1947 1732 oalula
1969 1673 2052 1744 essct,
2075 1670 2213 1733 audium
2234 1669 2385 1748 quiddam

381 1753 510 1818 Psalmo
533 1755 621 1837 (147,
641 1755 713 1836 20)·
740 1774 800 1817 nori
820 1755 868 1817 ita
887 1754 959 1834 fecit
981 1755 1057 1819 aliis
1084 1755 1277 1832 nalimoibus,
1304 1772 1356 1817 nec
1407 1760 1453 1820 est
1474 1755 1554 1817 inter
1576 1753 1772 1818 abiectionem
1792 1753 1924 1817 bumont
1943 1754 2075 1835 pencris,
2098 1753 2316 1818 delectionem
2335 1774 2386 1818 33-

378 1840 500 1903 indioia
521 1859 582 1904 sua
603 1841 817 1922 manifestavit
839 1841 892 1903 eis.
935 1838 1095 1904 Caeterum
1115 1839 1164 1904 bic
1186 1841 1265 1906 duos
1284 1860 1357 1921 pra
1408 1841 1475 1923 iqui
1492 1840 1621 1919 piarum
1641 1840 1772 1903 numeri.
1807 1837 1996 1903 Haeredilos
2013 1839 2077 1903 Dei
2098 1845 2222 1904 3333133
2242 1845 2286 1903 331
2305 1844 2385 1905 13133

379 1926 439 1988 dus
460 1926 610 1990 notaculos
631 1946 774 1990 essenon
795 1931 904 1989 13333333
921 1925 1009 2004 dini,¹
1030 1927 1107 2007 quia
1128 1926 1194 1989 iam
1211 1926 1245 1988 ia
1263 1926 1357 1989 totius
1402 1926 1542 2008 populus
1564 1925 1675 2002 Israel,
1700 1946 1737 1988 33
1758 1946 1818 2005 qno
1840 1930 1941 1988 tamen
1968 1925 2058 1987 multi
2078 1926 2206 2006 fuerunt
2228 1925 2369 1989 extranei
2375 1948 2385 2003 ,·

377 2013 477 2094 pontis
498 2011 639 2076 electione
660 2012 791 2075 ostendit
802 2010 900 2089 Dens,
923 2031 955 2075 se
976 2013 1011 2074 in
1032 2032 1119 2076 mera
1140 2032 1200 2074 sua
1222 2010 1357 2075 liberali
1408 2011 1463 2075 scd
1490 2012 1565 2090 qnia
1594 2031 1654 2073 non
1682 2011 1719 2075 de
1745 2009 1843 2073 nibilo
1861 2011 2022 2093 pepiqcrat
2042 2008 2140 2090 Deus,
2162 2030 2195 2074 33
2210 2014 2385 2091 patrcmct

379 2101 440 2161 tate
463 2097 563 2161 nullis
588 2098 704 2181 lepibus
732 2098 894 2160 astrictum
916 2097 970 2161 sed
998 2097 1128 2161 libonem
1149 2102 1279 2175 3333331
1299 2097 1357 2159 mi
1407 2097 1626 2177 redemptorem
1650 2096 1738 2160 illius
1759 2096 1839 2176 sore,
1863 2098 2036 2179 qratnitum
2058 2117 2150 2160 suum
2172 2097 2312 2177 fauorem
2327 2117 2386 2176 po·

378 2184 461 2246 nime
478 2182 517 2246 ab
535 2203 574 2247 eo·
590 2183 741 2265 cniqenda
758 2184 800 2246 311
818 2183 959 2264 aequalis
974 2184 1097 2266 qratiae
1107 2184 1248 2264 partitio,
1267 2183 1357 2246 cuius
1380 2193 1382 2212 ¹
1408 2185 1471 2245 tiras
1492 2183 1620 2264 respicit
1636 2202 1731 2263 quam
1745 2183 1901 2262 perfidam
1918 2183 2085 2246 mulmrnm
2104 2182 2307 2264 defectionern,
2324 2203 2385 2261 per

378 2269 591 2348 inaequalitas
622 2271 725 2350 ipsam
758 2289 827 2332 uere
858 2289 923 2334 esse
959 2270 1132 2349 qratuitaui
1158 2270 1355 2334 3333331331.
1409 2289 1485 2349 quos
1513 2270 1606 2332 etiam
1633 2288 1693 2331 non
1720 2268 1835 2331 abolita
1862 2268 1925 2348 fnit
1946 2267 2034 2331 illius
2054 2269 2178 2332 3333133.
2226 2269 2309 2348 Quia
2331 2266 2385 2330 nbi

381 2352 456 2417 Ideo
476 2354 656 2419 Malacbias
679 2357 729 2437 (1,
753 2353 787 2438 2)
812 2355 944 2419 Israelis
966 2355 1222 2437 inqratitudinem
1244 2354 1357 2435 ampli
1408 2352 1469 2419 sibi
1490 2353 1651 2417 residuum
1673 2354 1797 2434 aliquid
1817 2356 1967 2432 scrutinii,
1990 2355 2176 2418 uocatumm
2197 2355 2265 2418 cius
2287 2374 2386 2435 appo-

377 2437 463 2518 11331,
493 2441 574 2519 quod
601 2461 659 2503 3333
682 2445 802 2504 loretum
824 2461 863 2505 33
891 2446 949 2504 1313
968 2461 1077 2523 ponere
1104 2439 1239 2504 bumana
1264 2439 1355 2516 electi,
1407 2441 1474 2502 rnit
1495 2459 1559 2503 esse
1576 2440 1690 2520 absque
1707 2440 1904 2520 poenitentia.
1940 2439 2027 2503 Nam
2048 2441 2128 2520 qnod
2145 2439 2207 2504 sibi
2228 2439 2386 2504 ecclesiam

379 2525 548 2588 sedetiam
570 2546 608 2588 33
635 2545 727 2589 sacra
749 2525 836 2590 domo
858 2527 892 2589 iu
915 2527 1076 2605 peantium
1102 2527 1266 2609 sepreqati,
1284 2545 1357 2607 per-
1408 2525 1538 2590 mbinde
1566 2545 1604 2587 33
1632 2523 1713 2604 filiis
1739 2524 1890 2589 Abrabae
1917 2527 2023 2606 potins
2052 2546 2146 2606 qnam
2174 2545 2212 2589 33
2237 2524 2386 2606 profanis

377 2610 440 2689 fide
467 2616 494 2674 et
520 2612 616 2691 iuqrie
643 2611 749 2675 Deum
776 2616 841 2674 tom
866 2612 1030 2692 beneficum
1050 2617 1176 2693 patrem
1200 2616 1356 2691 33333331.
1406 2610 1549 2694 partibus
1569 2609 1693 2692 colleqit,
1715 2612 1865 2674 ratiomm
1886 2611 1995 2675 babuit
2014 2611 2150 2691 foederis
2170 2610 2231 2690 sii,
2252 2611 2334 2691 qnod
2347 2609 2386 2672 ab

381 2696 493 2759 Nonne
518 2697 618 2777 frater
645 2702 711 2760 crat
739 2695 831 2761 Esau
861 2697 978 2762 Iacob?
1006 2699 1123 2778 13333311,ο
1151 2697 1241 2777 atqui
1264 2696 1357 2762 Iacob
1408 2699 1481 2779 ipsa
1498 2695 1696 2760 multitudiue
1706 2695 1855 2759 3131313333
1865 2698 1908 2761 ad
1920 2717 2040 2778 pancos
2057 2697 2228 2773 restrirmit,
2245 2715 2284 2760 ne
2295 2714 2400 2775 pror·¹

378 2781 492 2859 dileni,
524 2781 616 2845 Esau
644 2788 746 2846 3313333
773 2783 842 2846 odio
873 2783 977 2848 lobni.
1028 2783 1132 2847 Subiit
1158 2785 1241 2847 enim
1267 2782 1357 2848 Deus
1408 2803 1465 2848 sus
1492 2781 1692 2846 intercideret.
1742 2781 1885 2861 Denique
1913 2785 2085 2847 3333333313
2111 2784 2170 2847 illa
2196 2782 2320 2862 adoptio
2341 2801 2386 2845 so-

372 2886 435 2946 pro
456 2867 608 2948 confesso,
630 2888 726 2949 quum
747 2873 873 2948 uterque
893 2874 970 2933 esset
985 2870 1168 2952 proponitis
1190 2889 1228 2932 33
1252 2873 1357 2933 sanda
1409 2869 1506 2933 minis
1528 2867 1834 2931 Abraboeoisibilis
1860 2869 2015 2947 33331333
2040 2869 2145 2950 imaqo
2170 2869 2234 2949 fnit
2254 2866 2387 2932 maioris

371 2957 479 3032 patre,
508 2958 536 3016 et
561 2953 694 3033 focduis
719 2973 889 3033 successor,
917 2955 1048 3034 denique
1067 2974 1177 3018 ramus
1203 2975 1242 3018 33
1262 2975 1357 3020 saera
1409 2954 1560 3034 baudai,
1594 2973 1655 3034 quo
1676 2951 1766 3017 Deus
1788 2954 1911 3034 aliquos
1943 2974 1980 3017 33
2012 2955 2120 3018 multis
2151 2953 2301 3035 diqnotns
2332 2957 2385 3016 est.

377 3039 491 3116 radice,
513 3040 580 3103 iam
595 3040 679 3120 filios
697 3039 788 3104 Iacob
806 3060 866 3103 mn
881 3040 982 3121 fnisse
1002 3040 1172 3123 urdpariter
1192 3040 1356 3118 obstrictos,
1409 3039 1497 3104 Haec
1517 3040 1598 3103 ratio
1620 3043 1664 3103 est
1684 3058 1741 3103 cnr
1761 3043 1825 3102 tam
1846 3040 1952 3104 smulo
1978 3040 2133 3104 discernat
2157 3038 2282 3102 Paulus
2302 3038 2386 3118 filias

378 3125 433 3203 qni
456 3126 490 3187 in
511 3124 601 3188 illam
627 3125 810 3208 diqnitotem
831 3127 923 3190 asciti
949 3127 1090 3204 fuerant·
1118 3126 1172 3190 sed
1192 3145 1290 3205 quum
1310 3145 1358 3189 re-
1409 3124 1559 3190 Abrobae
1589 3124 1757 3190 secundnm
1784 3144 1909 3190 carnem
1936 3146 1957 3188 a
1984 3123 2219 3207 spiritualibus,
2254 3123 2308 3204 qni
2335 3144 2386 3186 33-

377 3211 451 3273 iecto
472 3208 565 3273 Esou
581 3211 803 3293 primoqcnito,
820 3217 913 3293 pater
932 3231 1050 3289 eornm,
1078 3211 1134 3292 qui
1153 3216 1270 3275 notura
1291 3216 1358 3274 3331
1408 3211 1506 3292 ernplo
1534 3211 1636 3275 Isaac·
1659 3211 1757 3275 coedi
1788 3216 1878 3290 sunt,·
1908 3231 1970 3275 non
2002 3211 2083 3293 qnod
2113 3207 2296 3288 simpliciter
2321 3227 2387 3273 esse

366 3295 524 3374 inferior,
553 3295 661 3361 haeres
681 3298 786 3377 1331313
806 3303 895 3375 33331,
918 3297 966 3361 bis
987 3298 1129 3380 inprotos
1150 3297 1298 3379 caarquit,
1321 3318 1357 3361 ac
1408 3296 1559 3362 Abrabae
1577 3296 1682 3376 filimer
1701 3315 1753 3361 res
1771 3296 1869 3378 fucrit
1887 3298 1996 3361 inanis
2017 3301 2045 3360 31
2072 3297 2108 3359 in
2122 3298 2268 3358 unctuosa
2288 3294 2386 3376 (qnod

378 3381 573 3461 conqueritur
595 3382 714 3464 duplici
736 3383 790 3446 illo
811 3383 932 3448 uinculo
954 3403 1014 3447 non
1033 3383 1134 3464 fnisse
1154 3387 1290 3447 retentas.
1407 3403 1467 3447 non
1496 3384 1564 3448 sine
1588 3382 1723 3464 foedum
1748 3384 1931 3448 contumelia
1956 3383 2108 3447 diceretur
2151 3381 2206 3445 sed
2230 3380 2307 3460 qnia
2328 3380 2386 3442 im·

465 3471 492 3529 7.
542 3467 728 3548 Quanquam
744 3470 826 3533 satis
842 3471 909 3533 iam
929 3469 1024 3550 liquet
1038 3469 1144 3534 Deum
1161 3470 1272 3533 ocurlto
1289 3488 1356 3532 con
1407 3469 1554 3534 mutabile
1575 3469 1639 3534 Dei
1665 3469 1844 3546 concilium,
1872 3489 1931 3551 qno
1957 3469 2019 3533 sibi
2034 3464 2281 3549 praedestinavit
2308 3485 2386 3546 qnos

376 3553 450 3616 silio
482 3552 575 3618 libere
602 3573 678 3634 qnos
704 3554 770 3619 unll
797 3554 921 3638 eliqere,
954 3554 1031 3619 aliis
1056 3554 1189 3632 reiectis,
1218 3554 1356 3619 nondum
1407 3554 1510 3635 voluit,
1532 3553 1645 3637 effieoc
1665 3556 1790 3621 dunum
1805 3576 1865 3637 per
1886 3576 1919 3621 se
1940 3554 1990 3621 bis
2010 3554 2087 3619 solis
2102 3550 2330 3634 posterioribus
2351 3551 2386 3614 in

377 3642 478 3702 tomen
501 3640 566 3702 nisi
587 3639 723 3704 dimiolia
743 3660 789 3708 33,
797 3645 890 3722 parte
910 3641 1051 3722 suposito
1067 3645 1111 3705 est
1129 3642 1356 3723 3333313333
1406 3641 1538 3705 salutar
1557 3641 1629 3722 fnit.
1671 3641 1777 3707 Donec
1803 3645 1906 3705 autem
1927 3641 2091 3721 productis
2116 3638 2291 3720 scripturae
2311 3637 2387 3701 locis

376 3725 488 3803 electio,
511 3724 605 3790 dorice
625 3725 668 3789 ad
689 3726 831 3808 sinqrclas
847 3746 1002 3808 personas
1018 3731 1140 3790 nemum
1158 3727 1265 3808 fuerit,
1288 3727 1355 3808 qni-
1406 3728 1484 3808 quid
1511 3727 1703 3792 sortiendum
1729 3728 1772 3790 sit
1797 3726 1926 3808 liqueat,
1959 3746 1998 3790 nc
2022 3727 2058 3790 in
2083 3724 2239 3790 anamais
2260 3727 2386 3805 partem

376 3809 435 3873 bns
456 3809 547 3874 Dens
572 3811 747 3876 nonnmdo
774 3812 905 3876 salutern
932 3813 1034 3894 offert,
1062 3813 1116 3877 sed
1137 3813 1183 3876 ita
1204 3813 1354 3896 assiqnat,
1406 3813 1470 3877 sibi
1501 3813 1739 3894 praeiudicium
1777 3813 1911 3894 afferant
1947 3814 2071 3878 lectores
2106 3830 2220 3875 moneo.
2285 3808 2384 3891 Quod

375 3900 410 3957 nt
436 3916 590 3977 suspensa
616 3897 663 3960 vel
690 3897 786 3960 dubia
812 3918 872 3962 non
893 3899 936 3962 sit
962 3898 1083 3979 effedus
1108 3899 1263 3963 3331113313.
1307 3897 1355 3962 Η1
1406 3919 1484 3982 ergo
1517 3900 1679 3982 scriptura
1705 3898 1794 3964 clare
1826 3898 1969 3964 ostendit
2001 3896 2153 3975 dicimus,
2186 3904 2320 3961 aeterno
2349 3901 2384 3960 et

375 3982 410 4044 in
431 3983 546 4046 sencino
567 3983 621 4047 illo
650 3983 741 4046 norico
759 3988 925 4049 3333331333
950 3985 1042 4048 cuius
1067 3985 1208 4049 muniuit
1230 3983 1355 4050 Paulus
1406 3985 1603 4049 immutabili
1635 3984 1770 4050 consilio
1796 3985 1905 4049 Deum
1933 3984 2034 4049 semel
2056 3982 2272 4062 constimissc,
2301 4003 2382 4066 quos

375 4066 486 4150 (Rom.
507 4071 535 4144 9,
556 4071 590 4147 83
615 4067 688 4133 Gal.
710 4071 738 4146 3,
761 4073 808 4133 16.
830 4073 877 4132 19.
897 4069 961 4153 20).
997 4070 1084 4134 Nam
1100 4071 1157 4135 etsi
1178 4071 1301 4150 adoptio
1318 4071 1354 4134 in
1406 4070 1484 4135 olim
1501 4069 1602 4135 semel
1625 4091 1792 4135 assumere
1809 4070 1909 4136 vellet
1924 4072 1961 4134 in
1983 4068 2132 4147 salutem,
2151 4090 2232 4153 quos
2249 4088 2383 4134 rursum

374 4173 471 4217 manu
499 4153 650 4219 Abrabae
675 4154 740 4235 fuit
772 4154 925 4235 deposita,
958 4157 1034 4235 quia
1062 4161 1165 4219 133333
1196 4156 1287 4220 muti
1315 4177 1353 4221 33
1406 4157 1507 4220 exitio
1536 4156 1705 4221 devovere.
1756 4155 1781 4239 ¹)
1793 4157 1866 4222 Hoc
1888 4155 2061 4222 consilium
2083 4155 2189 4238 quoad
2211 4155 2330 4220 clectos
2347 4154 2384 4217 in

369 4239 506 4319 posteris
527 4241 620 4321 quasi
636 4240 770 4320 putrida
796 4240 933 4304 membra
955 4241 1061 4304 resecti
1082 4246 1163 4320 sunt,
1186 4246 1220 4304 ut
1241 4242 1353 4323 efficax
1405 4243 1549 4326 gratuita
1571 4243 1640 4306 eius
1661 4241 1884 4308 misericordia
1904 4241 2078 4306 fundatum
2100 4261 2171 4306 csse
2197 4239 2383 4316 asserimus,
2426 4257 2430 4266 ’

374 4330 401 4389 31
427 4346 496 4390 3333
528 4325 651 4391 stabilis
678 4327 720 4391 sit
751 4326 867 4403 electio,
901 4346 1019 4391 necesse
1046 4331 1090 4390 est
1121 4328 1283 4392 asccridere
1310 4328 1354 4392 ad
1404 4327 1496 4392 nullo
1518 4328 1682 4393 humanae
1700 4328 1871 4412 dignitatis
1896 4335 2060 4410 respectu3
2089 4347 2170 4408 quos
2190 4345 2270 4390 vero
2292 4322 2383 4387 dam·

373 4417 467 4492 capiet
487 4413 522 4476 iu
543 4433 604 4494 quo
618 4412 731 4495 ι3133133
751 4432 825 4476 suos
845 4413 981 4478 3313133113
996 4418 1090 4492 poter
1113 4414 1194 4476 inter
1215 4433 1248 4477 sc
1271 4414 1353 4478 colli·
1404 4414 1529 4479 nationi
1551 4413 1682 4492 addicit,
1705 4415 1758 4478 his
1779 4414 1865 4480 iusto
1887 4414 2018 4497 quidem
2036 4420 2070 4476 et
2091 4408 2381 4492 irreprehensibili,

372 4500 471 4578 pauit,
501 4504 528 4561 et
554 4498 615 4562 sibi
640 4498 801 4563 insolubili
830 4518 911 4562 nean
932 4498 1079 4563 devincit.
1125 4497 1178 4563 Ita
1200 4499 1236 4562 m
1257 4500 1353 4580 coep
1404 4500 1461 4565 scd
1489 4498 1813 4583 incomprehensibili
1845 4500 1949 4583 ipsius
1976 4498 2109 4573 iudicio,
2142 4496 2230 4560 vitae
2257 4494 2383 4558 aditum

278 4592 283 4601 ·
374 4583 453 4645 time
484 4586 605 4666 pneris
638 4583 789 4650 Abrabae
820 4585 931 4648 enituit
963 4583 1086 4665 quidem
1119 4583 1258 4648 liberalis
1288 4585 1352 4651 Dei
1403 4586 1579 4668 praecludi.
1610 4586 1683 4650 Iam
1700 4607 1778 4652 vero
1795 4587 1831 4650 in
1849 4586 1961 4651 electis
1979 4583 2183 4648 vocationem
2197 4581 2381 4657 statuimus,

371 4668 471 4748 fosnor,
493 4690 583 4749 quem
604 4671 680 4734 aliis
701 4672 833 4754 ueqaoit.
878 4669 921 4734 In
945 4668 1063 4734 Christi
1084 4674 1187 4734 tamen
1206 4671 1352 4736 membris
1404 4671 1570 4736 electionis
1591 4673 1824 4737 testimonium.
1859 4669 2128 4735 Iustificaticnem
2150 4665 2277 4742 deinde,
2301 4665 2404 4730 alte’

373 4753 459 4834 loriqe
482 4759 694 4833 praestantior
715 4759 827 4822 uuiaet
847 4758 897 4822 uis
916 4757 1054 4840 3331133,
1080 4757 1157 4838 qnia
1178 4759 1274 4838 capiti
1295 4777 1352 4822 sno
1403 4757 1560 4823 rumeins
1578 4757 1837 4823 manifestandae
1854 4755 2047 4841 symbolum,
2072 4751 2174 4815 donec
2190 4750 2233 4815 ad
2244 4752 2382 4835 gloriam

374 4840 464 4900 insiti
486 4859 646 4919 nunquam
665 4864 685 4906 a
702 4845 804 4908 salute
820 4843 972 4908 accidunt.
1008 4840 1089 4907 Scite
1105 4843 1210 4923 itaque
1228 4842 1352 4911 Paulus
1403 4843 1439 4908 in
1457 4844 1603 4926 quaeius
1619 4844 1893 4927 complementum
1912 4846 2020 4904 exstat
2029 4839 2228 4920 pervenitur.
2258 4836 2382 4918 Quem·

376 4944 414 4986 en
425 4922 605 4987 Malachiae
622 4926 691 5000 loco,
715 4949 803 5007 quem
815 4950 916 5010 nrqrer
932 4929 1035 5007 331331,
1058 4930 1273 5008 ratiocinatur,
1294 4931 1350 4995 ubi
1404 4929 1580 4994 admodum
1591 4938 1701 4994 autem
1708 4930 1877 4995 accadens
1889 4932 1922 4990 et
1931 4923 2163 4988 iustificatione
2175 4922 2294 4989 electos
2305 4944 2382 4989 suos

374 5008 472 5086 Deus,
495 5010 673 5091 interposito
695 5015 775 5076 31133
796 5021 936 5079 aduena
953 5019 1052 5096 paeto,
1069 5017 1226 5096 populum
1250 5037 1352 5097 quern
1402 5015 1567 5081 Dominus
1579 5017 1696 5100 signat,
1715 5016 1761 5078 ita
1774 5010 1928 5096 reprobos
1943 5009 2156 5075 velanotitia
2172 5010 2222 5074 sui
2240 5009 2382 5074 nominis

368 5096 462 5177 31333
490 5095 532 5158 od
561 5115 593 5158 se
625 5096 751 5175 iaudat,
784 5100 948 5179 specialem
979 5101 1135 5165 electionis
1165 5103 1290 5168 modum
1317 5103 1352 5165 in
1403 5102 1457 5168 vel
1478 5124 1498 5166 a
1520 5102 1654 5184 spiritus
1676 5101 1726 5165 sui
1756 5097 2012 5163 sanctificatione
2039 5094 2257 5175 excludendo,
2286 5095 2381 5178 quale

368 5187 462 5260 parte
482 5181 618 5259 subesse,
647 5186 762 5244 utnon
789 5203 891 5246 onuies
915 5185 1095 5262 prorniscua
1119 5190 1226 5268 qratia
1250 5189 1352 5269 ostica·
1403 5196 1536 5253 maneat
1557 5208 1611 5251 eas
1632 5184 1790 5249 iudicium
1807 5184 1881 5247 istis
1899 5182 2001 5248 veluti
2018 5180 2104 5247 notis
2122 5181 2236 5264 aperit
2271 5181 2382 5245 Multa

373 5269 449 5331 citer
471 5268 572 5351 eliqnt.
619 5267 706 5349 Quod
732 5267 864 5345 dieitur,
893 5267 985 5331 Iacob
1011 5270 1125 5348 dilexi,
1147 5274 1282 5352 pertinet
1310 5275 1352 5338 ad
1404 5274 1458 5338 hic
1485 5272 1667 5355 praeteribo
1688 5272 1859 5352 figmenta,
1883 5288 1967 5351 quae
1989 5267 2031 5332 ad
2053 5265 2264 5334 evertendam
2286 5285 2381 5348 prae·

374 5357 468 5417 totam
486 5353 613 5418 sobolem
629 5352 840 5434 patriarchae,
863 5372 959 5433 quom
974 5353 1126 5433 propbeta
1143 5357 1211 5420 illic
1227 5362 1353 5439 opponit
1404 5357 1655 5423 destinationem
1682 5356 1856 5421 commenti
1883 5361 1962 5420 sunt
1983 5353 2075 5418 stulti
2103 5353 2260 5417 homines.
2305 5349 2380 5414 Non

369 5441 506 5518 posteris
532 5439 631 5504 Esou.
681 5437 749 5502 Hoc
777 5443 878 5502 tamen
909 5459 970 5502 non
996 5437 1094 5502 obstat
1125 5443 1290 5520 quominus
1316 5445 1351 5507 iu
1403 5445 1492 5506 enim
1515 5441 1710 5505 refricatione
1732 5440 1890 5525 indigent,
1913 5460 1996 5523 quae
2018 5439 2153 5506 simulac
2170 5437 2381 5520 proferuntur

369 5545 506 5604 persam
525 5526 621 5588 nnius
642 5522 778 5589 bominis
805 5524 956 5606 specimus
982 5523 1135 5589 dediscis
1155 5528 1351 5607 propositum

373 5611 460 5675 rubis
479 5611 585 5691 fucrit,
607 5631 688 5691 quae
715 5611 839 5694 effluere
863 5631 926 5677 non
946 5614 1047 5692 potest
1071 5612 1150 5692 quin
1170 5611 1214 5675 ad
1239 5617 1351 5675 3331333

374 5716 466 5762 snam
486 5698 656 5778 3333333131.
708 5696 778 5763 Has
807 5695 932 5764 Paulus
959 5696 1068 5783 (Rom.
1098 5701 1152 5776 ll,
1178 5696 1213 5781 5)
1245 5699 1350 5762 uocari
1473 5714 1500 5779 1)
1521 5711 1668 5783 &quenda
1684 5731 1741 5770 ran
1755 5717 1899 5785 pannum
1915 5720 2029 5770 nmen.
