5600 6809
1021 801 1022 804 κ
1071 762 1337 831 merirurro
1358 764 1465 829 ann.
1488 764 1669 832 onaan
1696 769 1788 829 1559.
1836 713 1845 847 ζ

423 778 488 841 875
2379 773 2447 833 876

422 948 490 1029 Ιιοοι
518 971 568 1027 est
599 960 685 1042 quod
717 958 844 1023 Paulus
877 958 991 1024 scribit
1025 954 1110 1038 (001.
1134 958 1163 1030 2,
1188 954 1252 1036 23),
1282 954 1402 1017 habere
1427 957 1431 1026 l
1456 955 1596 1018 multum
1625 955 1781 1018 momenti
1810 965 1974 1035 reponunt
2001 955 2206 1037 hypocritae:
2235 956 2263 1019 si
2285 955 2358 1038 quis
2388 957 2444 1020 in-

421 1049 561 1132 speciem
584 1045 763 1128 sapientiae
784 1045 820 1108 in
842 1043 1062 1109 commentitio
1084 1040 1184 1114 cultu,
1212 1041 1247 1102 in
1269 1038 1402 1103 humili·
1456 1041 1623 1121 trospiciat
1644 1040 1770 1116 melius,
1794 1040 1935 1121 reperiet
1956 1040 2041 1103 nihil
2063 1061 2133 1105 esse
2153 1050 2286 1122 praeter
2307 1042 2445 1106 umbra·

421 1141 496 1212 tate,
520 1142 553 1196 et
570 1153 607 1196 eo
626 1130 712 1213 quod
731 1130 921 1195 austeritate
939 1150 1000 1192 sua
1017 1126 1128 1192 valere
1147 1124 1188 1189 ad
1206 1122 1403 1189 domandam
1455 1126 1513 1190 tile
1535 1135 1568 1190 et
1586 1124 1762 1190 evanidum
1784 1124 1974 1208 disciplinae
1998 1134 2170 1208 spectrum.

420 1240 554 1285 carnem
565 1217 728 1282 videntur.
764 1214 989 1281 Salaberrima
1007 1221 1093 1279 certe
1111 1211 1300 1286 admonitio,
1319 1230 1403 1292 qnae
1545 1216 1591 1276 13.
1636 1212 1709 1275 Iam
1743 1233 1820 1275 vero
1850 1210 1902 1294 (ut
1929 1211 1971 1274 ad
2004 1212 2146 1276 alterum
2180 1213 2336 1295 veniam),
2365 1214 2445 1294 quis

422 1304 572 1370 excidere
591 1303 684 1367 nohis
707 1322 875 1384 nunquam
897 1299 999 1364 debet.
1037 1298 1183 1373 Fallunt,
1206 1297 1320 1377 inquit,
1341 1296 1403 1359 hu·
1456 1318 1524 1361 non
1555 1297 1644 1362 videt
1677 1297 1883 1373 traditiones,
1917 1297 1998 1361 alias
2031 1296 2103 1362 aliis
2137 1298 2366 1375 coacervando,
2404 1300 2444 1362 in

421 1411 539 1455 manae
556 1389 748 1452 traditiones
766 1386 825 1452 sub
848 1387 954 1467 speeie
976 1385 1163 1466 sapientiae.
1201 1381 1297 1447 Unde
1314 1382 1403 1445 hunc
1455 1391 1584 1448 tantum
1611 1404 1787 1447 numerum
1815 1383 2015 1460 excrevisse,
2043 1391 2080 1446 ut
2104 1383 2303 1448 christianae
2334 1383 2444 1448 eccle-

421 1476 564 1542 colorem
595 1473 738 1540 habent?
793 1472 919 1553 Nempe
952 1474 1028 1552 quia
1061 1470 1217 1534 confictae
1251 1477 1329 1533 srmt
1362 1467 1401 1531 ab
1456 1469 1524 1533 siae
1545 1469 1637 1532 nullo
1659 1467 1757 1532 modo
1780 1468 1847 1532 siut
1870 1469 2077 1533 tolerabiles?
2122 1469 2212 1535 Hinc
2231 1470 2354 1534 factum
2378 1482 2442 1543 est,

422 1560 619 1626 hominibus.
674 1560 867 1623 Humanum
900 1558 1070 1639 ingenium
1103 1554 1188 1636 quod
1222 1576 1320 1618 suum
1353 1564 1404 1617 est
1456 1566 1494 1618 ut
1522 1555 1558 1617 in
1583 1555 1794 1620 caeremoniis
1822 1562 1979 1637 appareat
2005 1553 2187 1619 ludaismus
2214 1556 2323 1619 nescio
2351 1556 2442 1636 quis;

421 1647 489 1712 illie
507 1646 716 1728 recognoscit,
740 1653 773 1707 et
791 1643 996 1725 recognitum
1013 1641 1167 1706 libentius
1186 1638 1402 1721 amplectitur,
1457 1640 1541 1705 aliae
1563 1640 1805 1704 observationes
1827 1661 1963 1723 gravem
1980 1641 2043 1723 piis
2072 1642 2191 1716 animis
2214 1640 2444 1705 carnificinam

422 1754 521 1816 quam
551 1733 709 1813 optimum
744 1728 865 1811 aliquid
899 1726 984 1810 quod
1018 1748 1096 1790 suae
1126 1726 1265 1790 vanitati
1293 1726 1404 1789 minus
1456 1727 1604 1790 afferant
1661 1724 1930 1806 Conquerebatur
1963 1726 2179 1808 Augustinus,
2202 1726 2226 1810 ¹)
2257 1727 2344 1808 quod
2379 1748 2444 1792 suo

422 1819 617 1882 conveniret.
668 1814 797 1879 Deinde
824 1814 900 1895 quia
930 1813 1084 1877 videntur
1111 1819 1189 1893 apta
1216 1832 1287 1875 esse
1313 1810 1404 1875 rudi·
1457 1820 1612 1892 tempore,
1637 1810 1794 1892 neglectis
1817 1812 1879 1875 Dei
1902 1813 2093 1894 praeceptis,
2117 1822 2187 1874 tam
2208 1812 2322 1876 multis
2344 1833 2444 1894 prae·

421 1911 535 1967 menta
557 1902 598 1966 ad
625 1901 855 1975 humilitatem,
879 1898 965 1981 quod
986 1899 1157 1962 hominum
1180 1911 1305 1961 mentes
1327 1898 1403 1978 iugo
1457 1897 1698 1978 sumptionibus
1720 1896 1817 1978 plena
1843 1905 1952 1961 essent
1979 1899 2090 1961 omnia
2118 1904 2156 1961 ut
2183 1900 2316 1980 gravius
2339 1900 2445 1963 corri-

422 2010 481 2054 suo
510 1987 679 2071 depressas
708 1987 802 2050 humi
832 1985 994 2061 detinent,
1023 1984 1100 2049 hine
1122 1983 1260 2046 alteram
1282 1983 1405 2046 habent
1457 1993 1591 2064 peretur
1617 1983 1673 2064 qui
1702 2004 1761 2065 per
1782 1994 1914 2047 octavas
1933 2005 2009 2048 suas
2031 1995 2155 2047 terram
2177 1983 2265 2048 nudo
2286 1984 2368 2065 pede
2391 1997 2443 2048 te·

421 2073 744 2155 commendationem.
789 2072 960 2135 Postremo
981 2070 1057 2151 quia
1079 2068 1233 2133 videntur
1253 2089 1290 2131 eo
1312 2089 1404 2150 spec·
1457 2068 1587 2150 tigerat,
1627 2089 1726 2150 qnam
1765 2070 1818 2149 qui
1859 2077 2005 2132 mentem
2039 2070 2217 2134 vinolentia
2256 2069 2442 2151 sepelierat.

423 2168 494 2224 tare
516 2168 553 2224 ut
574 2159 681 2223 carnis
711 2157 842 2221 delicias
871 2156 1043 2221 cohibeant
1065 2163 1099 2218 et
1121 2154 1336 2218 abstinentiae
1359 2154 1403 2216 ri·
1458 2152 1742 2235 Oonquerebatur,
1782 2154 1951 2219 ecclesiam
1985 2177 2085 2236 quam
2118 2155 2183 2219 Dei
2216 2154 2443 2220 misericordia

422 2266 501 2330 gore
525 2245 617 2308 illam
645 2243 807 2326 subigant,
832 2242 905 2306 ideo
929 2241 1082 2305 videntur
1104 2239 1286 2321 prudenter
1307 2259 1403 2301 exco-
1456 2239 1594 2304 liberam
1624 2261 1694 2305 esse
1722 2239 1840 2316 voluit,
1864 2242 1910 2304 sie
1931 2242 2036 2322 premi
2059 2249 2095 2304 ut
2117 2241 2319 2305 tolerabilior
2341 2242 2444 2305 fuerit

422 2332 554 2416 gitatae.
599 2328 688 2408 Quid
717 2336 828 2393 autem
854 2327 896 2390 ad
923 2328 1003 2391 haec
1022 2326 1168 2391 Paulus?
1193 2346 1272 2389 num
1294 2324 1403 2388 larvas
1456 2325 1654 2389 Iudaeorum
1682 2325 1832 2391 conditio.
1868 2325 1916 2391 'Si
1944 2327 1980 2389 in
2002 2327 2167 2391 saeculum
2186 2334 2336 2390 nostrum
2358 2328 2442 2392 inci-

421 2416 496 2480 illas
525 2417 662 2490 excutit,
693 2436 734 2478 ne
760 2413 841 2477 falso
864 2419 1038 2496 praetextu
1060 2411 1223 2493 simplices
1246 2409 1403 2475 deludan·
1456 2410 1557 2475 disset
1584 2419 1717 2476 sanctus
1746 2411 1801 2476 ille
1830 2414 1896 2490 vir,
1924 2412 2041 2493 quibus
2069 2413 2210 2495 querelis
2238 2411 2443 2494 deplorasset

421 2502 498 2566 tur?
545 2499 709 2581 Quoniam
738 2499 798 2563 hoc
826 2500 905 2563 satis
933 2498 975 2561 ad
996 2496 1211 2562 refellendum
1233 2516 1303 2560 esse
1327 2516 1403 2559 cen·
1456 2518 1538 2573 eam,
1561 2512 1644 2578 quae
1665 2520 1754 2561 nunc
1775 2506 1833 2577 est,
1857 2497 2070 2562 servitutem?
2116 2499 2202 2561 Nam
2226 2507 2259 2561 et
2280 2520 2442 2563 numerus

423 2596 544 2663 suerat,
569 2585 653 2668 quod
676 2584 804 2649 dixerat
823 2606 894 2649 esse
916 2585 1087 2648 hominum
1108 2592 1300 2656 commenta,
1321 2582 1403 2647 haec
1456 2590 1506 2647 est
1533 2582 1668 2664 decuplo
1694 2585 1807 2661 maior,
1838 2592 1873 2646 et
1900 2583 2022 2667 singuli
2051 2584 2158 2666 apices
2181 2583 2335 2666 centuplo
2359 2586 2441 2668 rigi-

424 2674 544 2748 omnia,
575 2678 731 2752 tanquam
759 2691 817 2752 pro
840 2670 943 2733 nihilo
965 2670 1093 2746 habeat,
1117 2669 1187 2732 sine
1209 2669 1403 2731 refutatione
1456 2667 1529 2732 dius
1557 2689 1655 2749 quam
1676 2678 1761 2734 tunc
1789 2671 1976 2753 exiguntur,
2021 2670 2076 2733 Ita
2097 2671 2169 2733 fieri
2191 2672 2285 2734 solet:
2308 2670 2365 2734 ubi
2388 2692 2442 2735 se-

423 2757 587 2841 praeterit.
618 2756 689 2820 Imo
712 2758 787 2838 quia
808 2762 953 2831 noverat,
976 2756 1011 2819 in
1029 2754 1165 2820 ecclesia
1183 2775 1296 2817 omnes
1316 2774 1403 2817 eom·
1456 2754 1521 2817 mel
1548 2756 1692 2835 perversi
1720 2756 1774 2819 isti
1802 2755 2004 2838 legislatores
2031 2757 2207 2836 imperium
2227 2773 2441 2836 occuparunt,

423 2842 593 2906 mentitios
610 2842 716 2906 cultus
734 2863 805 2905 esse
827 2840 1006 2916 damnatos,
1030 2849 1063 2904 et
1084 2860 1122 2904 eo
1144 2840 1250 2922 magis
1272 2860 1404 2920 suspec-
1456 2839 1587 2903 nullum
1608 2842 1708 2905 finem
1730 2840 1862 2905 iubendi
1890 2853 1923 2905 et
1948 2840 2082 2906 vetandi
2104 2841 2243 2919 faciunt,
2272 2841 2372 2905 donec
2397 2843 2442 2906 ad

424 2937 475 2993 tos
508 2949 577 2993 esse
613 2927 764 2991 fidelibus
797 2948 861 3010 qno
892 2926 1075 2990 humanum
1102 2926 1272 3008 ingenium
1298 2926 1404 3007 magis

423 3013 600 3089 oblectant;
629 3013 706 3094 quia
732 3020 875 3089 noverat,
903 3011 1021 3076 falsam
1042 3011 1134 3076 illam
1157 3018 1312 3075 externae
1343 3010 1404 3074 hu·

423 3099 573 3163 militatis
589 3098 768 3181 imaginem
785 3120 805 3161 a
823 3119 901 3163 vera
919 3097 1106 3162 humilitate
1124 3104 1254 3162 tantum
1271 3097 1403 3170 distare,

424 3191 463 3249 ut
489 3184 583 3248 facile
605 3182 858 3262 discerneretur3
880 3180 958 3265 quia
980 3183 1118 3265 denique
1140 3192 1290 3261 noverat,
1313 3182 1405 3247 illam

424 3269 659 3353 paedagogium
692 3291 758 3333 non
794 3269 898 3352 pluris
932 3270 1097 3333 aestimari
1131 3290 1231 3351 quarn
1261 3269 1405 3350 eorporis

424 3355 704 3420 exercitationem:
725 3376 764 3418 ea
780 3356 851 3437 ipsa
868 3376 928 3437 pro
951 3355 1172 3418 humanarum
1188 3354 1406 3418 traditionum

423 3441 622 3518 restitutione
643 3441 749 3505 voluit
771 3462 841 3506 esse
859 3440 1017 3516 fidelibus,
1041 3461 1181 3522 quorum
1201 3440 1308 3523 gratia
1329 3439 1406 3505 illae

423 3527 511 3609 apud
532 3528 700 3609 imperitos
721 3525 1041 3592 commendabantur.

513 3617 561 3677 12.
607 3611 664 3677 Sic
698 3612 793 3677 hodie
821 3613 1098 3677 caeremoniarum
1125 3611 1309 3694 spectaculo
1336 3631 1405 3675 non

423 3699 521 3764 modo
555 3699 675 3780 vulgus
707 3697 889 3776 indoctum,
924 3697 981 3762 sed
1009 3707 1046 3762 ut
1072 3699 1209 3780 quisque
1235 3695 1405 3761 mundana

424 3784 599 3867 prudentia
615 3784 759 3848 maxime
775 3786 909 3848 inflatus
927 3793 985 3861 est,
1004 3784 1140 3848 mirifice
1157 3784 1293 3865 capitur.
1328 3783 1403 3865 Hy-

425 3870 570 3953 poeritae
597 3890 674 3934 vero
701 3878 735 3934 et
760 3870 869 3934 fatuae
895 3869 1106 3935 mulierculae
1134 3869 1218 3933 nihil
1245 3890 1303 3933 nec
1331 3890 1404 3951 spe·

424 3955 544 4019 ciosius
578 3975 638 4019 nec
663 3956 780 4020 melius
811 3955 946 4039 cogitari
980 3976 1075 4038 posse
1110 3957 1306 4020 existimant.
1357 3956 1405 4019 At

446 4041 482 4104 ui
508 4040 650 4122 penitius
672 4041 853 4106 discutiunt
878 4050 911 4106 et
931 4042 1043 4106 verius
1065 4041 1264 4123 expendunt,
1288 4061 1403 4105 secun-

369 4168 374 4196 ·
423 4061 504 4190 dum
521 4127 651 4208 pietatis
669 4126 827 4209 regulam,
851 4127 930 4208 quid
950 4134 1054 4192 totae
1077 4127 1160 4192 tales
1182 4128 1404 4192 caeremoniae

423 4211 565 4290 valeant,
593 4212 784 4295 intelligunt
809 4213 952 4294 primum
979 4234 1086 4296 nugas
1109 4234 1188 4290 esse,
1212 4211 1298 4294 quod
1320 4211 1404 4275 nihil

424 4297 574 4362 utilitatis
595 4299 754 4376 habeant;
778 4297 893 4362 deinde
919 4299 1122 4382 praestigias,
1145 4298 1231 4380 quod
1252 4306 1403 4380 spectan-

424 4383 509 4447 tium
534 4384 643 4449 oculos
671 4385 762 4448 inani
789 4404 908 4466 pompa
935 4383 1102 4449 deludunt
1147 4385 1199 4448 De
1225 4385 1266 4449 iis
1293 4404 1403 4449 caere·

424 4469 542 4533 moniis
569 4470 685 4551 loquor
712 4472 829 4552 quibus
857 4471 991 4535 subesse
1017 4491 1138 4553 magna
1165 4471 1325 4554 mysteria
1345 4490 1403 4533 vo·

424 4553 499 4618 lunt
519 4575 730 4621 romanenses
751 4557 914 4639 magistri:
937 4576 997 4620 nos
1019 4555 1102 4619 nihil
1124 4576 1223 4638 quam
1244 4576 1336 4621 mera
1352 4554 1403 4618 lu·

425 4639 531 4704 dibria
557 4643 753 4722 experimur.
793 4642 863 4707 Nec
891 4643 1010 4705 mirum
1041 4649 1103 4717 est,
1131 4663 1246 4706 earum
1273 4648 1403 4704 autores

424 4746 463 4790 eo
489 4725 638 4807 delapsos
666 4748 751 4805 esse,
781 4738 819 4790 ut
841 4727 966 4792 frivolis
989 4727 1120 4809 ineptiis
1151 4735 1183 4791 et
1211 4748 1245 4791 se
1268 4735 1301 4790 et
1323 4725 1403 4790 alios

425 4811 590 4875 luderent:
614 4814 690 4893 quia
710 4815 832 4893 partim
854 4833 895 4876 ex
917 4814 1065 4896 gentium
1088 4812 1211 4877 deliriis
1236 4812 1405 4894 exemplar

426 4894 487 4961 sibi
506 4906 724 4978 sumpserunt,
748 4900 867 4980 partim
889 4900 1058 4963 simiarum
1076 4919 1167 4963 more
1189 4905 1312 4962 temere
1329 4898 1403 4961 imi-

425 4981 486 5044 tati
505 4988 582 5043 sunt
598 4991 725 5048 veteres
741 4985 901 5049 mosaicae
917 4984 999 5068 legis
1021 4985 1114 5061 ritus,
1137 4985 1191 5066 qui
1214 4984 1316 5048 nihilo
1333 5004 1404 5047 ma·

427 5065 479 5149 gis
499 5065 541 5129 ad
564 5090 622 5133 uos
644 5070 850 5150 pertinebant
877 5091 975 5152 quam
1001 5069 1164 5152 pecudum
1186 5069 1347 5150 victimae,
1371 5078 1405 5134 et

424 5151 553 5234 reliqua
575 5153 626 5219 his
647 5156 774 5220 similia.
821 5154 910 5220 Sane
937 5157 1063 5220 etiamsi
1089 5154 1219 5219 nullum
1245 5156 1333 5220 aliud
1360 5156 1404 5219 sit

426 5247 671 5321 argumentum,
694 5251 805 5306 tamen
827 5263 869 5305 ex
890 5242 1055 5324 farragine
1077 5252 1145 5305 tam
1163 5241 1247 5305 male
1269 5250 1404 5307 consuta

318 5358 319 5363 ι
426 5343 522 5390 nemo
545 5347 644 5393 sanus
666 5327 790 5410 aliquid
819 5327 894 5391 boni
916 5328 1068 5409 sperabit.
1113 5327 1158 5391 Et
1180 5348 1233 5392 res
1255 5330 1326 5410 ipsa
1346 5348 1403 5408 pa-

425 5406 493 5474 lam
526 5408 744 5491 demonstrat,
777 5412 935 5495 plurimas
963 5413 1183 5478 caeremonias
1210 5435 1274 5477 non
1296 5412 1404 5476 'alium

427 5492 548 5560 habere
568 5519 673 5577 usum,
695 5499 760 5562 nisi
781 5504 820 5561 ut
836 5497 993 5579 populum
1014 5498 1272 5581 obstupefaciant
1298 5497 1404 5580 magis

426 5599 526 5661 quam
552 5581 696 5648 doceant.
748 5581 804 5648 Sic
835 5584 929 5647 etin
957 5584 1089 5650 novitiis
1117 5586 1188 5650 istis
1215 5581 1401 5662 canonibus,

427 5665 482 5746 qui
511 5664 718 5750 disciplinam
744 5670 914 5734 invertunt
941 5670 1047 5753 mame
1075 5691 1174 5753 quam
1195 5678 1401 5746 conservant,

1457 2934 1643 2989 extremum
1683 2928 1879 2992 morositatis
1918 2927 2120 3008 perveniant.
2178 2926 2272 3006 Quod
2311 2927 2442 2993 Paulus

1456 3012 1557 3074 etiam
1578 3012 1747 3094 eleganter
1767 3012 1927 3078 indicavit
1949 3013 2000 3077 his
2023 3013 2132 3077 verbis
2154 3012 2237 3096 (001.
2261 3016 2289 3089 2,
2313 3014 2383 3090 20):
2408 3015 2442 3077 si

1456 3099 1577 3160 mortui
1610 3098 1688 3162 estis
1715 3097 1852 3176 mundo,
1890 3098 1968 3180 quid
1997 3100 2089 3181 quasi
2118 3099 2264 3163 viventes
2296 3097 2441 3163 decretis

1456 3183 1635 3246 tenemini?
1666 3205 1708 3247 ne
1730 3184 1947 3262 manducaris,
1975 3206 2016 3248 ne
2038 3185 2230 3268 gustaveris,
2253 3205 2295 3247 ne
2317 3194 2443 3249 attrec-

1457 3270 1545 3332 taris.
1590 3269 1677 3333 Nam
1705 3291 1807 3352 quum
1835 3271 1973 3335 verbum
2003 3265 2158 3333 ἅπτεσθαι
2179 3279 2212 3334 et
2238 3266 2443 3334 manducare

1457 3363 1491 3419 et
1518 3364 1654 3437 tangere
1683 3356 1869 3438 signifieat,
1887 3357 1923 3418 in
1949 3357 2057 3437 priore
2079 3356 2266 3439 significatu
2287 3356 2340 3420 hic
2363 3375 2442 3436 pro·

1457 3440 1510 3505 cul
1533 3439 1630 3505 dubio
1649 3441 1816 3522 accipitur,
1840 3463 1882 3505 ne
1900 3463 2101 3523 supervacua
2119 3443 2162 3505 sit
2179 3442 2335 3524 repetitio.
2373 3441 2441 3507 Hie

1456 3546 1535 3610 ergo
1556 3526 1902 3608 pseudoapostolorum
1923 3548 2115 3610 progressus
2139 3527 2359 3609 pulcherrime
2383 3526 2442 3592 de·

1457 3612 1578 3677 scribit.
1624 3612 1759 3676 Initium
1783 3634 1802 3676 a
1824 3614 2057 3696 superstitione
2079 3622 2136 3690 est,
2166 3610 2255 3695 quod
2276 3634 2343 3676 non
2365 3620 2441 3677 tan-

1457 3705 1529 3761 tum
1556 3698 1653 3761 edere
1683 3706 1805 3771 vetant,
1835 3699 2013 3763 sedetiam
2035 3700 2178 3763 tenuiter
2199 3699 2325 3762 esitare.
2372 3698 2441 3764 Ubi

1457 3784 1518 3848 hoc
1535 3784 1754 3861 obtinuerunt,
1774 3785 1839 3848 iam
1857 3794 1988 3868 gustare
2006 3786 2104 3850 etiam
2122 3784 2304 3866 prohibent.
2341 3784 2442 3849 Post-

1456 3890 1554 3952 quam
1573 3869 1634 3934 hoc
1656 3891 1781 3957 qpoque
1803 3871 1868 3935 illis
1886 3892 2073 3936 concessum
2095 3878 2153 3949 est,
2177 3892 2218 3934 ne
2241 3869 2342 3952 digito
2366 3871 2441 3953 qui-

1457 3954 1532 4018 dem
1554 3963 1755 4020 contrectare
1777 3956 1826 4021 fas
1848 3978 1919 4022 csse
1941 3956 2072 4021 ducunt

1546 4045 1594 4104 14.
1638 4041 1736 4107 Hanc
1763 4043 1973 4126 tyrannidem
2002 4043 2036 4106 in
2059 4042 2211 4106 humams
2234 4042 2441 4106 constitutio-

1456 4126 1553 4191 nibus
1580 4129 1698 4191 merito
1721 4127 1817 4192 hodie
1844 4125 2125 4210 reprehendimus,
2156 4148 2220 4211 qua
2242 4129 2364 4192 factum
2387 4139 2441 4192 est

1456 4219 1495 4276 ut
1521 4213 1704 4277 innumeris
1731 4213 1844 4279 edictis
1873 4221 1906 4278 et
1931 4214 2106 4280 immodica
2133 4235 2245 4278 eorum
2267 4215 2441 4278 exactione

1455 4298 1594 4362 miserae
1628 4300 1843 4364 eonscientiae
1876 4300 2069 4365 mirabiliter
2105 4308 2326 4381 torqueantur.
2383 4299 2441 4366 De

1456 4384 1633 4449 canonibus
1655 4382 1696 4448 ad
1719 4385 1923 4467 disciplinam
1945 4387 2185 4468 pertinentibus
2213 4385 2290 4449 alibi
2312 4383 2441 4450 dietum

1456 4479 1513 4533 est.
1558 4470 1610 4534 De
1638 4471 1851 4536 caeremoniis
1879 4472 1957 4553 quid
1986 4472 2105 4550 dicam,
2134 4471 2251 4552 quibus
2278 4470 2339 4534 hoc
2361 4491 2440 4552 per-

1454 4556 1576 4620 feetum
1598 4565 1656 4634 est,
1678 4565 1716 4621 nt
1738 4557 1947 4640 semisepulto
1966 4556 2098 4622 Christo
2121 4556 2161 4620 ad
2185 4556 2329 4621 iudaieas
2351 4557 2440 4640 figu-

1456 4661 1510 4705 ras
1539 4641 1755 4706 redierimus?
1805 4641 1968 4707 Dominus
1998 4652 2109 4706 noster
2138 4639 2301 4718 Christus,
2330 4643 2439 4724 inquit

1456 4728 1673 4810 Augustinus,
1683 4726 1712 4810 ²)
1735 4730 1946 4792 sacramentis
1968 4748 2105 4791 numero
2127 4728 2345 4808 paucissimis,
2370 4730 2439 4810 sig-

1455 4813 1641 4878 nificatione
1667 4813 1971 4894 praestantissimis,
2007 4812 2234 4877 observatione
2261 4813 2437 4891 facillimis,

1457 4901 1533 4962 novi
1560 4898 1671 4980 populi
1697 4899 1882 4962 societatem
1904 4898 2077 4982 colligavit.
2122 4897 2176 4963 Ab
2195 4899 2256 4963 hac
2279 4899 2437 4982 simplici·

1457 4991 1523 5047 tate
1554 4990 1712 5064 quantum
1744 4983 1828 5048 absit
1858 4985 1983 5048 rituum
2016 4983 2192 5049 mtrltitudo
2225 4992 2259 5047 et
2291 4985 2438 5050 varietas

1456 5067 1572 5150 quibus
1605 5067 1702 5130 hodie
1733 5069 1894 5151 implicari
1927 5071 2098 5136 ecclesiam
2132 5070 2315 5145 cernimus,
2354 5072 2438 5135 satis

1456 5153 1602 5218 enarrari
1641 5175 1705 5218 non
1738 5164 1853 5238 potest.
1910 5154 1985 5222 Scio
2018 5179 2081 5239 quo
2114 5157 2250 5222 artificio
2282 5156 2437 5220 nonnulli

1455 5240 1542 5304 acuti
1566 5239 1714 5306 homines
1735 5239 1821 5307 hanc
1843 5244 2089 5324 perversitatem
2117 5248 2284 5308 excusent.
2329 5243 2437 5305 Aiunt

1455 5326 1622 5391 internos
1651 5348 1720 5392 esse
1749 5328 1908 5410 plurimos
1930 5350 2090 5411 peraeque
2119 5327 2217 5393 rudes
2245 5338 2340 5409 atque
2362 5326 2437 5389 fue-

1526 5616 1553 5676 ll
1573 5618 1618 5669 Ad
1637 5620 1743 5671 Ianuar.
1762 5621 1840 5688 epist.
1862 5617 1911 5669 119
1929 5616 1998 5682 (551.
2104 5619 2134 5683 2)
2162 5620 2248 5687 Epist.
2270 5618 2319 5671 118
2337 5618 2372 5669 ad
2392 5619 2439 5670 la-

1455 5703 1530 5740 nuar.
1550 5683 1604 5750 [bh
1625 5686 1663 5752 1).
1701 5721 1705 5727 -
