5600 6809
327 860 332 868 *
396 771 458 832 esr
1038 759 1303 838 111811110Ήο
1325 760 1431 826 Rea.
1454 759 1636 828 euulsa.
1662 764 1753 826 1000.
2174 728 2177 735 '
2335 765 2398 826 sen

396 952 542 1035 operibus
557 930 709 1031 'trdurnm
735 951 781 1015 oet
803 951 1011 1032 praeteritum
1036 952 1156 1029 tempus
1187 967 1249 1011 non
1281 949 1373 1011 inter-
1424 955 1453 1013 u
1473 950 1602 1012 minime
1622 949 1773 1013 caducam
1800 969 1894 1015 servo
1916 956 2183 1030 suppuraverat,
2211 968 2279 1012 nen
2304 947 2399 1012 dnbi-

394 1039 500 1120 ponit,·
526 1036 637 1101 ddnde
658 1037 802 1117 praecise
824 1056 861 1100 ea
882 1035 1009 1116 opponit
1029 1032 1094 1096 Dei
1119 1033 1285 1110 occationi,
1311 1054 1372 1098 una
1424 1034 1522 1110 tavit,
1545 1033 1588 1098 ad
1610 1033 1694 1098 hanc
1716 1034 2069 1116 comprehendamus
2089 1033 2147 1096 illa
2169 1039 2320 1116 peteres
2382 1071 2398 1082 ·

392 1123 497 1206 posito
518 1122 652 1186 alterum
672 1122 785 1187 diserte
806 1126 937 1185 cocrtem
958 1119 1068 1183 calens.
1112 1118 1162 1182 Ac
1188 1119 1219 1182 si
1245 1118 1372 1183 dicmct:
1424 1126 1582 1183 mentum
1620 1119 1799 1184 Tenendum
1815 1121 1908 1184 etiam
1924 1119 2007 1184 illud
2024 1119 2183 1197 maneria,
2200 1123 2301 1184 terrae
2344 1120 2399 1183 ba·

396 1207 657 1274 considerandum
678 1228 742 1272 esse
763 1207 841 1287 quid
861 1206 930 1270 Deo
945 1203 1117 1284 placuerit,
1146 1223 1208 1267 raon
1230 1204 1307 1283 quid
1327 1209 1373 1268 at·
1425 1225 1512 1268 naon
1540 1224 1698 1269 ammaum
1723 1205 1825 1286 fuisse
1856 1205 1990 1269 melestis
2021 1204 2172 1268 domicilii
2197 1205 2333 1287 marrus,-
2365 1209 2400 1269 ut

396 1293 526 1358 tulerint
554 1313 593 1357 eu
625 1314 658 1357 se
689 1294 770 1374 ipsis
801 1291 948 1355 bmnines.
993 1288 1152 1353 Postremo
1183 1295 1298 1352 certem
1330 1294 1373 1353 est
1424 1290 1568 1354 dubitari
1599 1290 1727 1354 minime
1756 1289 1861 1355 debeat
1894 1290 1986 1356 Iacob
2015 1310 2085 1354 cum
2118 1290 2237 1372 anpelis
2266 1290 2400 1355 insitum

397 1378 551 1444 electionis
571 1382 600 1442 ct
614 1378 771 1460 propositi
791 1376 929 1454 00011100,
957 1394 1155 1456 quascunque
1182 1375 1373 1439 comminisci
1422 1376 1526 1457 fuisse
1540 1376 1576 1438 in
1596 1373 1714 1439 Obristi
1734 1395 1854 1455 corpus,
1876 1382 1910 1439 ut
1930 1377 2066 1441 musdem
2088 1375 2169 1440 citae
2190 1377 2291 1440 somus
2312 1382 2397 1440 esset.

397 1463 536 1529 homines
563 1464 658 1528 solem
682 1483 797 1527 causas
823 1467 910 1526 entra
936 1481 1089 1526 arcanum
1111 1459 1174 1524 Dei
1200 1461 1372 1539 canalium,
1425 1462 1569 1544 Eligitur
1596 1480 1674 1543 ergo
1695 1460 1807 1537 Iacob,
1833 1462 1925 1527 Esau
1948 1460 2136 1543 repudiato,
2164 1469 2199 1525 et
2218 1461 2282 1525 Dei
2304 1482 2398 1543 prae-

398 1549 438 1614 ab
459 1549 518 1614 trac
539 1570 636 1614 causa
654 1550 809 1612 removeri.
1426 1547 1642 1611 destinatione
1671 1546 1881 1624 discernitur,
1910 1569 1930 1612 a
1951 1567 2014 1629 que
2036 1546 2136 1610 nullis
2157 1547 2284 1611 meritis
2305 1547 2398 1611 diffe-

487 1639 515 1698 5.
550 1633 715 1714 Quidnam
732 1632 774 1696 ad
785 1633 866 1698 haee
878 1630 1083 1697 obscuranda
1092 1637 1295 1712 praetexant,
1318 1630 1374 1712 qui
1425 1633 1527 1697 rebat.
1572 1630 1714 1697 causam
1742 1632 1769 1695 si
1797 1653 1947 1715 quaeres,
1982 1633 2066 1698 hane
2099 1631 2208 1696 reddit
2234 1632 2398 1714 apestolus

399 1720 551 1802 operibus
578 1719 632 1784 vel
657 1719 842 1801 praeteritis
868 1718 922 1782 vel
948 1717 1069 1780 futuris
1096 1716 1205 1780 lecum
1232 1715 1374 1797 aliquem
1425 1717 1585 1802 (1101119,
1608 1716 1671 1801 15),
1694 1718 1770 1800 quia
1787 1718 1873 1783 Masi
1892 1717 2014 1782 dictum
2033 1719 2090 1782 sit:
2110 1717 2289 1782 miserebor
2306 1719 2398 1783 euius

399 1806 436 1868 in
457 1805 613 1870 electione
635 1803 825 1887 assignant?
870 1803 944 1867 Hoc
965 1803 1053 1866 enim
1076 1809 1127 1865 est
1147 1821 1280 1882 prorsus
1302 1802 1371 1865 0111-
1424 1804 1611 1880 miserebor,
1635 1811 1669 1866 01
1685 1803 1894 1867 miseratione
1913 1803 2071 1886 dignabar
2088 1823 2315 1884 quemcunque
2335 1804 2398 1866 mi·

398 1889 475 1954 dere
492 1889 579 1971 qued
597 1889 763 1955 contendit
779 1889 954 1971 apestolus,
973 1908 1040 1951 non
1058 1908 1100 1951 ex
1118 1887 1226 1969 aliqua
1238 1908 1374 1969 operum
1425 1890 1588 1953 seratione
1609 1888 1776 1971 dignabar.
1811 1890 1857 1954 Et
1877 1888 1955 1971 quid
1977 1889 2046 1966 hee,
2069 1908 2198 1969 quaese,
2222 1888 2284 1952 sibi
2304 1888 2396 1953 vult?
2470 1940 2473 1945 .

397 1975 532 2053 ratione,
555 1975 612 2040 sed
634 1997 676 2038 ex
697 1996 789 2039 mera
806 1975 870 2039 Dei
887 1973 1056 2038 vocatione
1073 1971 1215 2054 pendere
1234 1973 1374 2036 fratrum
1425 1974 1552 2056 Nempe
1574 1973 1754 2039 clarissime
1775 1975 1938 2039 Dominus
1959 1974 2164 2057 pronuntiat,
2192 1974 2318 2037 nullam
2340 1974 2397 2038 he·

398 2059 592 2137 discrimen,
626 2062 703 2142 quia
734 2060 821 2127 inter
852 2058 1000 2123 nondum
1032 2067 1127 2122 natas
1160 2059 1374 2122 coustitutum
1425 2060 1569 2124 minibus
1592 2058 1812 2124 benefaciendi
1844 2061 2005 2124 rationem
2032 2060 2068 2122 in
2092 2059 2173 2141 ipsis
2200 2080 2236 2123 se
2263 2059 2397 2138 hahere;

397 2146 506 2210 fuerit.
550 2145 664 2228 Neque
693 2167 770 2210 vera
796 2166 873 2208 eum
898 2144 1050 2208 latuisset
1075 2144 1214 2207 istorum
1236 2143 1372 2226 argutia,
1425 2145 1483 2209 sed
1505 2165 1524 2208 a
1546 2145 1615 2208 sela
1635 2165 1696 2210 sua
1717 2145 1942 2210 misericordia
1968 2165 2111 2221 sumere,
2137 2144 2273 2226 ideoque
2301 2167 2398 2209 suum

397 2231 426 2295 si
447 2230 526 2313 quid
545 2231 639 2296 solidi
662 2230 843 2294 habuisset:
867 2229 924 2294 sed
942 2229 1018 2310 quia
1035 2229 1156 2310 optime
1178 2237 1317 2293 noverat
1338 2229 1373 2291 in
1426 2251 1497 2295 esse
1518 2251 1599 2312 opus
1621 2251 1754 2295 suorum
1777 2231 1924 2296 salutem.
1969 2229 2082 2311 Quum
2104 2240 2195 2293 tuam
2217 2230 2254 2292 in
2275 2252 2309 2295 se
2330 2250 2398 2294 uno

397 2316 529 2381 homine
546 2317 656 2380 Deum
675 2314 866 2399 praevidere
883 2314 967 2378 nihil
985 2314 1063 2378 honi
1081 2333 1184 2395 pesse,
1208 2314 1271 2378 nisi
1289 2313 1374 2396 quod
1426 2316 1565 2380 salutem
1588 2315 1680 2380 Deus
1706 2324 1844 2396 statuat,
1872 2338 1931 2382 eur
1953 2315 1995 2380 ad
2016 2326 2049 2379 te
2070 2317 2178 2398 ipsum
2199 2314 2396 2381 descendes?

397 2402 565 2468 electionis
593 2421 671 2466 suae
698 2401 854 2466 beneficia
876 2401 941 2462 iam
963 2400 1054 2481 prius
1076 2399 1191 2481 largiri
1212 2400 1372 2476 statuerit,
1427 2400 1539 2481 Quum
1562 2421 1663 2464 unam
1685 2401 1743 2465 tibi
1765 2423 1860 2466 suam
1880 2401 2137 2467 misericordiam
2159 2402 2318 2485 assignet,
2341 2423 2398 2466 eur

397 2508 464 2552 nen
494 2487 641 2569 confugit
667 2486 709 2549 ad
735 2495 980 2568 praeposterum
1014 2485 1108 2548 illum
1140 2484 1302 2562 ordinem,
1337 2492 1375 2547 ut
1426 2485 1469 2551 ad
1489 2487 1621 2568 propria
1641 2488 1759 2550 merita
1779 2486 1952 2552 decurre's?
1981 2485 2094 2567 Quum
2117 2494 2208 2550 tuam
2229 2488 2398 2569 cogitatie-

397 2593 496 2654 epera
513 2572 599 2635 bona
616 2592 731 2636 causae
749 2594 827 2636 suae
844 2571 1015 2653 praeferat.
1050 2569 1222 2634 Habemus
1239 2592 1281 2634 ex
1299 2591 1373 2635 ver·
1426 2593 1504 2636 nem
1524 2572 1560 2634 in
1582 2592 1642 2635 sua
1663 2572 1870 2637 miseratione
1897 2572 2075 2650 contineat,
2111 2593 2170 2636 eur
2196 2571 2238 2639 ad
2264 2593 2399 2654 operum

397 2658 448 2721 his
476 2657 629 2739 apostati,
659 2656 758 2721 solius
786 2656 929 2722 divinae*
946 2655 1111 2720 electionis
1140 2654 1276 2719 arbitrio
1297 2656 1372 2719 fun·
1426 2666 1559 2721 tuorum
1580 2658 1736 2721 intuitum
1757 2664 1886 2740 partem
1908 2657 2076 2723 reflectes?
2107 2657 2220 2738 Itaque
2241 2659 2283 2722 ad
2303 2661 2399 2722 mmo-

398 2742 510 2807 datam
532 2762 602 2808 esse
623 2742 770 2806 fidelium
792 2741 947 2819 salutem,
976 2762 1081 2822 neque
1110 2740 1205 2803 illum
1225 2742 1373 2806 favorem
1425 2764 1491 2806 rem
1511 2743 1604 2807 illum
1619 2743 1775 2823 poputum
1801 2745 1906 2808 venire
1931 2763 2050 2808 measse
2076 2748 2134 2822 est,
2162 2763 2251 2823 quem
2275 2742 2399 2808 Paulus

399 2829 549 2910 operibus
571 2827 744 2906 conciliari,
768 2827 825 2891 sed
842 2848 884 2891 ex
901 2827 1047 2909 gratante
1067 2826 1235 2891 1000110110
1255 2846 1373 2909 preve·
1426 2828 1504 2893 alibi
1524 2829 1761 2910 praecopnitum
1787 2829 1888 2910 fuisse
1908 2829 1976 2894 Deo
1997 2828 2103 2894 scribit
2131 2828 2241 2913 (Rom.
2270 2829 2400 2911 11‚2).·

399 2914 481 2977 nire.
525 2912 694 2977 Habemus
724 2921 758 2977 01
779 2914 851 2977 01110
877 2913 926 2976 101
947 2913 1147 2994 propositam
1174 2913 1265 2993 quasi
1298 2910 1374 2974 iuo-
1425 2934 1487 2977 non
1507 2913 1644 2995 qualiter
1665 2914 1719 2977 isti
1740 2915 1966 2998 inrapinantnr,
1982 2914 2142 2995 praescire
2158 2935 2196 2977 ea
2213 2915 2310 2977 otiosa
2331 2935 2399 2994 spe·

399 2998 545 3061 cinnam.
578 2998 714 3063 Fratres
736 3006 815 3062 sunt
834 2998 926 3062 Esau
947 3003 981 3062 et
1002 2996 1108 3073 Iacob,
1131 2997 1248 3061 fisdem
1270 2998 1373 3081 geniti
1425 2999 1497 3063 aila
1513 3019 1593 3079 quae
1609 3019 1671 3063 non
1686 2999 1779 3080 facit;
1795 3001 1850 3065 sed
1867 3021 1926 3081 arco
1942 3021 2035 3065 scrrsu
2051 3020 2143 3080 saepe
2158 2999 2276 3082 lepitm.
2310 2999 2398 3062 Nam

397 3082 1373 3251 latitatttatttttttttmttt
1425 3084 1739 3251 attittttt
1754 3084 2288 3253 11211Ὗο11ᾞὲῗέ
2296 3083 2399 3251 'filit

398 3253 438 3320 de
459 3255 524 3319 illis
546 3254 611 3318 Dei
631 3253 799 3320 iudicium.
839 3253 992 3318 Alterum
1014 3254 1103 3317 enirn
1124 3256 1270 3332 assumit,
1293 3255 1374 3319 alte·
1424 3257 1517 3321 morti
1540 3255 1713 3334 addidnm
1740 3276 1802 3320 nan
1822 3256 2029 3338 munientem
2049 3257 2154 3322 Deum
2182 3256 2316 3334 inducit,
2344 3256 2398 3320 sed

397 3361 471 3404 rum
499 3339 620 3413 reiicit.¹
658 3337 739 3405 Sola
771 3348 843 3404 erat
867 3340 1142 3423 primogenitura,
1176 3341 1269 3405 cuius
1301 3342 1373 3404 iure
1424 3343 1539 3408 amictis
1559 3347 1682 3405 noemae
1703 3345 1850 3406 uictorem.
1890 3341 1943 3406 Sic
1964 3348 1993 3406 et
2012 3342 2094 3406 idem
2117 3341 2231 3406 Petrum
2252 3340 2285 3426 (1
2306 3342 2396 3406 Petr.

397 3426 481 3490 alter
503 3424 644 3490 alterum
665 3424 883 3508 praecederet.
916 3426 1030 3507 Atqui,
1053 3425 1110 3489 illa
1130 3445 1256 3507 quoque
1278 3447 1373 3509 prae·
1428 3434 1454 3507 1,
1478 3429 1523 3512 2),
1552 3427 1657 3491 electos
1676 3427 1768 3490 iccata
1783 3428 2065 3510 praecopnitionem
2086 3427 2150 3492 Dei
2169 3427 2271 3508 fuisse
2292 3427 2397 3492 dicate

397 3511 509 3587 terite,
537 3511 657 3576 iuniori
685 3511 830 3576 defertur
856 3509 942 3593 quod
970 3517 1111 3593 negatur
1131 3512 1256 3576 maiori.
1300 3511 1373 3575 Ima
1422 3513 1530 3595 fideles
1546 3513 1589 3577 ad
1604 3531 1683 3593 quos
1698 3512 1813 3591 snitu,
1825 3513 1957 3594 proprie
1974 3513 2123 3595 acprimit
2139 3533 2290 3578 arcanam
2308 3513 2396 3577 illarn

396 3596 433 3661 in
461 3596 534 3660 aliis
560 3617 687 3679 quoque
716 3596 878 3662 destinato
911 3596 1046 3665 aemilio
1078 3597 1373 3680 primogenituram
1417 3598 1747 3682 praedestinationem,
1780 3618 1844 3677 qaia
1869 3596 1961 3663 Deris
1988 3598 2075 3679 filios
2101 3599 2163 3662 sibi
2189 3618 2266 3678 quos
2300 3599 2395 3662 coluit

397 3680 527 3748 ridetur
548 3703 677 3765 semper
700 3683 933 3765 contempsisse
953 3683 1062 3760 Deus,
1091 3689 1130 3746 ut
1150 3703 1280 3746 omnem
1302 3683 1372 3765 glo·
1423 3686 1567 3768 sipnaoit.
1600 3681 1645 3746 Io
1656 3683 1853 3764 propositum
1871 3684 1954 3764 quod
1969 3684 2031 3750 loco
2047 3685 2211 3765 synonymi
2231 3684 2395 3765 eoniunpit,

396 3766 504 3831 riandi
530 3769 703 3832 materiam
730 3768 822 3833 carni
853 3767 1064 3850 praecideret.
1108 3766 1295 3851 Repudiato
1321 3768 1373 3834 Is·
1423 3791 1520 3852 quarn
1539 3769 1652 3850 ubique
1670 3766 1787 3848 duam,
1808 3774 1844 3832 ut
1859 3770 1950 3851 culpo
1967 3770 2148 3850 loquuntur,
2168 3770 2396 3834 determinatio-

396 3852 502 3915 maele
520 3853 669 3916 animum
685 3852 727 3917 ad
744 3855 837 3919 Isaac
855 3853 975 3918 adiicit.
1004 3854 1189 3936 Postposito
1207 3854 1371 3931 Manasse,
1424 3877 1494 3920 nem
1515 3856 1684 3936 suprimat,
1707 3853 1812 3917 Deum
1825 3853 1919 3920 baud
1940 3855 2044 3934 dabre,
2070 3855 2147 3919 dum
2168 3861 2261 3919 autor
2281 3860 2326 3919 est
2344 3875 2396 3918 no
2511 3875 2513 3882 ·

398 3936 560 4020 Ephraim
581 3959 615 4001 m
661 3940 686 4003 's
708 3939 856 4004 honorat
1424 3947 1506 4006 strae
1532 3941 1661 4017 salutis,
1687 3959 1750 4003 non
1775 3940 1878 4022 epredi
1904 3946 1992 4005 cetra
2012 3961 2046 4005 se
2065 3941 2171 4021 ipsum
2197 3941 2286 4005 docet.
2333 3941 2397 4020 Quo

485 4027 513 4085 6.
557 4020 631 4102 Quo
675 4026 704 4088 si
726 4025 887 4107 quispiam
907 4025 1110 4107 interpellet,
1133 4026 1268 4090 abistis
1289 4025 1371 4089 inie-
1423 4047 1519 4092 mma
1544 4029 1581 4090 in
1607 4026 1711 4090 eodem
1736 4027 1836 4107 capite
1864 4024 2024 4092 Christum
2049 4027 2125 4091 dicit
2149 4047 2267 4109 apuam
2297 4027 2398 4107 fuisse

332 4134 335 4142 ·
397 4106 539 4172 rioribus
566 4116 600 4172 et
625 4111 763 4175 minutis
790 4109 955 4175 beneficiis
982 4131 1050 4175 nen
1069 4110 1279 4176 statuendum
1301 4133 1372 4176 esse
1419 4113 1655 4195 praecopnitnm
1681 4112 1882 4176 dammandi
1903 4114 2095 4178 creationem.
2143 4113 2225 4192 Quid
2247 4115 2329 4176 einim
2350 4112 2398 4174 in·
2525 4119 2527 4124 '

397 4191 438 4259 de
459 4215 588 4258 summa
609 4195 738 4260 futurae
761 4197 861 4275 vitae,
891 4201 930 4259 ut
956 4197 1011 4277 qui
1038 4197 1074 4261 in
1094 4196 1372 4279 primogeniturae
1424 4198 1544 4264 utlaius
1564 4202 1623 4262 aut
1640 4197 1794 4280 frigidius
1814 4218 1909 4279 qnam
1929 4197 2034 4263 Deum
2055 4219 2071 4262 0
2093 4198 2220 4262 sribtimi
2245 4201 2398 4275 spectasse

396 4278 557 4345 honorem
578 4290 710 4346 evectus
732 4282 840 4359 fuerit,
862 4281 934 4345 ideo
955 4289 1126 4364 reputetur
1142 4284 1178 4347 in
1194 4282 1276 4347 coeli
1294 4283 1372 4348 hae·
1424 4285 1506 4350 unde
1533 4289 1665 4349 0011100
1691 4288 1769 4348 00001
1799 4283 1936 4348 hnmano
1960 4284 2066 4367 perteri
2092 4283 2205 4347 salus?
2254 4280 2398 4359 Populus

396 4364 568 4431 ruditatem
587 4374 754 4449 cooptatus
773 4368 866 4450 (sunt
883 4367 972 4430 enim
988 4367 1123 4449 plurimi
1140 4369 1196 4450 qui
1214 4389 1255 4433 ne
1267 4370 1372 4435 Paule
1424 4391 1495 4453 erpo
1511 4368 1730 4452 praecognitus
1747 4370 1927 4434 tantundem
1945 4369 2047 4433 Paulo
2070 4368 2150 4431 oatct
2166 4371 2256 4444 atque
2279 4365 2396 4446 empna

396 4449 527 4534 quidem
550 4461 703 4533 parcant,
733 4452 826 4535 quasi
848 4451 891 4516 ad
912 4452 1057 4518 alienum
1078 4475 1211 4519 sensum
1233 4457 1372 4538 seriptu-
1418 4457 1524 4537 portio
1544 4453 1652 4519 turbae
1666 4456 1835 4534 purnium,
1857 4475 1936 4534 quae
1951 4452 2117 4535 salschi
2133 4470 2241 4514 nomen
2257 4448 2396 4514 obtendit

396 4557 469 4602 ram
490 4536 664 4601 deterserit
677 4539 722 4600 in
744 4538 796 4602 his
817 4538 1014 4602 testimoniis
1036 4539 1206 4624 citandis),
1235 4562 1372 4623 respon·
1424 4542 1515 4606 Alibi
1540 4560 1659 4623 quoque
1682 4539 1820 4618 Paulus,
1847 4545 1884 4602 ut
1909 4559 2015 4604 eoram
2041 4537 2224 4602 iactaratiam
2252 4535 2398 4599 rdundat

396 4621 456 4689 deo
487 4624 568 4686 mmet
600 4623 741 4702 arubae,
775 4643 835 4687 nec
866 4624 1080 4707 incogitantia
1112 4625 1243 4709 lapsum
1271 4628 1371 4692 fuisse
1423 4628 1478 4709 qui
1498 4627 1560 4691 sibi
1582 4627 1673 4692 larva
1693 4630 1814 4689 tantum
1830 4624 1943 4701 obtecti,
1959 4624 2087 4703 primas
2104 4622 2186 4686 inter
2197 4623 2274 4703 pios
2290 4641 2396 4686 coram

396 4708 592 4790 apostolum,
620 4730 680 4774 nee
707 4709 889 4791 scripturae
917 4711 1112 4775 testimoniis
1134 4721 1248 4793 sponte
1269 4713 1371 4778 fuisse
1422 4713 1537 4778 mundo
1563 4715 1726 4793 arrogant,
1752 4710 1828 4773 dicit
1847 4708 1952 4772 Deam
1978 4726 2152 4790 capnoscere
2179 4708 2235 4788 qui
2260 4709 2313 4771 sui
2333 4707 2397 4770 sint

395 4794 541 4858 abusum.
587 4791 655 4859 Sed
687 4794 820 4860 videbat
852 4795 953 4879 (quod
980 4797 1043 4878 ipsi
1069 4796 1274 4863 considerare
1303 4818 1370 4862 non
1423 4798 1457 4883 (2
1477 4798 1560 4862 Tim.
1587 4799 1620 4874 2,
1642 4795 1704 4878 19).
1732 4794 1876 4873 Denique
1896 4793 1954 4858 illo
1973 4813 2043 4858 voce
2063 4791 2216 4874 duplicem
2236 4793 2325 4857 nobis
2340 4812 2396 4872 po

394 4877 574 4961 sustinent)
601 4880 875 4978 voluisselDeum
897 4881 1100 4962 spiritualem
1121 4884 1218 4949 Iacob
1241 4883 1371 4959 0100110-
1416 4884 1531 4966 putum
1552 4883 1693 4977 desipnm
1711 4878 1846 4956 Paulson,
1867 4898 1967 4943 unam
1984 4898 2022 4942 ea
2038 4878 2395 4976 101090101011110100ζ

393 4966 1370 5135 111111111111111111111131
1420 4965 1986 5129 matrasta
2006 4964 2192 5114 1111ἵέ
2202 4962 2396 5115 ddiffld

393 5153 520 5200 cessam
551 5133 599 5198 illi
630 5137 922 5220 primogenituram
955 5139 997 5204 ad
1027 5140 1176 5205 futurum
1203 5138 1369 5214 saeculum
1420 5138 1592 5218 sumpsisse
1620 5136 1674 5201 bac
1699 5155 1739 5200 aa
1765 5133 1871 5213 Mose,
1902 5136 1959 5214 qui
1984 5135 2090 5201 Deum
2121 5136 2235 5217 quibas
2266 5136 2315 5200 ool
2377 5135 2383 5146 '

393 5220 573 5298 referimus,
596 5221 704 5286 inanis
725 5223 825 5287 fuerit
842 5229 875 5288 et
891 5223 1029 5291 ridicula
1045 5225 1278 5290 benedictionis
1296 5245 1369 5307 spe·
1420 5222 1649 5288 misericordem
1663 5223 1731 5304 fore
1753 5220 1898 5303 affimat
1916 5221 2077 5306 (moraris
2101 5222 2140 5286 de
2166 5221 2255 5286 electo
2275 5219 2394 5302 populo

393 5307 472 5384 aies,
503 5327 544 5370 ex
571 5326 637 5388 qua
665 5307 747 5371 nihil
776 5310 807 5372 ei
833 5311 1005 5374 accesserit
1027 5319 1156 5394 praeter
1183 5309 1370 5392 multiplices
1420 5328 1520 5374 001000
1547 5313 1638 5385 00001,
1664 5308 1757 5372 cuius
1782 5307 1925 5388 aequalis
1951 5313 2017 5374 erat
2037 5307 2071 5371 in
2092 5308 2223 5388 speciun
2247 5304 2394 5386 conditio)

393 5412 577 5472 ceramum,
601 5394 805 5472 incommoda,
828 5397 916 5460 triste
937 5397 1098 5476 caedium,
1120 5396 1292 5478 mittasque
1312 5398 1370 5460 tri-
1415 5394 1547 5478 perinde
1566 5414 1605 5459 ac
1624 5393 1655 5458 si
1674 5395 1802 5472 dicerd,
1824 5394 1861 5457 in
1882 5393 2035 5458 commum
2055 5392 2219 5474 adoptione
2239 5391 2395 5457 inolresam

393 5480 497 5543 stitiac
524 5483 553 5543 et
579 5498 730 5543 curarum
758 5479 947 5544 acerbitates.
992 5480 1106 5562 Quum
1137 5502 1215 5566 erge
1245 5481 1370 5546 Paulus
1420 5502 1485 5547 csse
1512 5481 1599 5562 apud
1625 5499 1659 5545 se
1678 5479 1872 5562 cinpularern
1891 5499 1967 5561 erpa
1989 5479 2113 5559 aliquas
2130 5479 2270 5561 pralium
2289 5478 2395 5542 instar

393 5563 477 5629 citra
498 5563 744 5643 dubitationem,
766 5565 875 5630 Deum
900 5572 1039 5631 externa
1060 5567 1282 5634 benedictione
1303 5575 1369 5634 tes·
1420 5568 1586 5634 amaris
1610 5566 1765 5645 anoun‘,
1791 5584 1846 5629 nec
1871 5565 1990 5629 obstare
2014 5583 2172 5628 0011011010
2191 5563 2300 5644 foedus
2320 5581 2394 5644 quo-

289 5665 294 5672 ·
393 5648 554 5715 efflatum
585 5658 747 5730 cerneret,
775 5670 874 5733 quam
895 5651 932 5714 in
960 5672 1144 5736 regnasua
1170 5654 1369 5736 spiritualem
1419 5655 1529 5719 minus
1542 5654 1694 5736 maritas
1714 5651 1773 5716 illa
1792 5650 1946 5715 mmmuni
1966 5649 2075 5715 ordirre
2100 5649 2293 5714 adimeretur.
2336 5648 2395 5713 At-
