5600 6809
378 746 436 812 ’83
810 808 814 812 ,
1042 740 1313 810 martanam
1335 742 1440 807 REL.
1463 740 1644 807 CHRIST.
1667 746 1759 808 1559.
1913 801 1919 814 ,
2367 747 2410 810 84

396 936 465 1000 sint
485 933 656 1012 idolorum,
679 955 746 998 non
768 934 868 998 etiam
890 933 1039 998 cultores.
1085 930 1190 1011 Quasi
1210 952 1289 996 vero
1310 951 1377 994 non
1430 931 1515 995 ullas
1537 932 1669 995 omnino
1689 931 1865 1015 imagines,
1894 934 1963 998 sive
1993 955 2078 1016 quae
2106 954 2159 997 res
2186 941 2308 1017 gestas,
2339 935 2411 1000 sive

397 1022 564 1103 aliquanto
586 1021 692 1086 levius
714 1020 758 1086 sit
780 1020 885 1086 colere
907 1040 1007 1102 quam
1025 1019 1157 1084 servire.
1197 1018 1245 1081 Et
1265 1023 1377 1081 tamen
1430 1039 1513 1100 quae
1539 1017 1712 1081 hominum
1740 1038 1877 1101 corpora
1897 1020 2050 1102 figurent,
2073 1019 2194 1084 habere
2222 1021 2256 1083 in
2278 1020 2411 1103 templis

397 1107 477 1172 dum
504 1107 539 1170 in
567 1126 685 1190 graeca
711 1127 791 1171 voce
820 1105 962 1170 latebras
991 1111 1141 1186 captant,
1175 1124 1287 1168 seeum
1314 1103 1376 1184 ipsi
1431 1103 1619 1168 christianis
1648 1102 1809 1185 expediat,
1834 1105 1939 1170 obiter
1961 1102 2196 1188 expendamus.
2230 1105 2410 1189 Principio,

395 1199 548 1276 pugnant
569 1192 746 1259 admodum
768 1191 948 1275 pueriliter.
992 1190 1081 1254 Nam
1101 1210 1205 1271 quum
1226 1188 1377 1272 λατρεύειν
1430 1188 1547 1272 siquid
1568 1209 1628 1254 nos
1650 1198 1762 1255 movet
1784 1192 1905 1255 veteris
1928 1191 2082 1256 ecclesiae
2104 1191 2270 1270 emeritae,
2293 1191 2412 1256 memi-

395 1278 482 1343 nihil
504 1277 594 1342 aliud
616 1278 755 1343 Graecis
776 1277 940 1360 significet
967 1296 1067 1358 quam
1090 1275 1212 1354 colere,
1241 1272 1376 1356 perinde
1430 1276 1576 1339 nerimus
1597 1274 1786 1358 quingentis
1807 1277 1937 1342 circitor
1958 1278 2062 1354 anuis,
2086 1275 2203 1359 quibus
2224 1278 2330 1359 magis
2352 1276 2411 1341 ad·

395 1364 485 1431 valet
506 1364 591 1446 quod
615 1362 737 1442 dicunt,
761 1385 799 1428 ao
821 1362 849 1427 si
869 1363 1031 1446 imagines
1053 1380 1130 1424 1111
1152 1361 1319 1425 fateantur
1341 1379 1377 1424 se
1430 1361 1495 1426 huc
1521 1361 1659 1425 florebat
1687 1361 1818 1445 religio,
1851 1369 1885 1426 et
1911 1363 2067 1427 sincerior
2093 1361 2242 1426 doctrina
2268 1364 2410 1446 vigebat,

395 1450 517 1527 colere,
548 1449 606 1515 sed
635 1451 757 1532 absque
782 1449 881 1513 cultu.
925 1448 995 1512 Nee
1024 1455 1076 1521 est
1104 1445 1191 1528 quod
1212 1446 1375 1523 obiiciant,
1430 1447 1609 1512 christiana
1636 1446 1760 1529 templa
1781 1447 1881 1512 fuisse
1903 1450 2121 1512 communiter
2148 1448 2189 1512 ab
2210 1449 2412 1531 imaginibus

396 1536 537 1618 aucupia
559 1557 613 1599 me
639 1537 675 1600 in
702 1536 811 1600 verbis
832 1533 981 1612 tendere;
1009 1531 1067 1596 sed
1088 1532 1161 1615 ipsi,
1185 1532 1264 1596 dum
1285 1539 1376 1595 tene-
1429 1555 1542 1598 vaona.
1586 1532 1678 1615 Ergo
1713 1540 1791 1597 tnnc
1822 1535 1967 1616 primum
1997 1535 2034 1597 11
2065 1542 2295 1598 omamsntum
2327 1544 2412 1600 tem·

398 1622 475 1687 bras
500 1629 663 1687 conantur
686 1619 854 1685 offundere
873 1619 1072 1702 simplicium
1083 1618 1194 1697 oculis,
1211 1619 1376 1683 inscitiam
1430 1619 1560 1702 plorum
1578 1619 1699 1682 ascitae
1717 1624 1805 1697 sunt,
1828 1640 1931 1702 quum
1948 1620 2122 1684 ministerii
2140 1620 2309 1686 sinceritas
2327 1643 2412 1686 non·

397 1727 491 1773 suam
512 1707 663 1791 produnt.
710 1705 901 1786 Quamlibet
922 1713 1034 1770 tamen
1055 1705 1122 1770 sint
1143 1702 1267 1780 diserti,
1290 1725 1376 1768 nnn·
1430 1704 1515 1769 nihil
1541 1703 1781 1787 degenerasset
1826 1705 1901 1769 Non
1934 1705 2107 1788 disputabo
2135 1704 2251 1787 ecquid
2273 1707 2412 1773 rationis

396 1814 495 1875 quam
519 1814 578 1858 sua
599 1791 785 1875 eloquentia
806 1798 1046 1873 consequentur
1065 1796 1105 1854 nt
1126 1810 1197 1853 rem
1219 1810 1322 1853 unam
1344 1795 1378 1852 et
1429 1789 1605 1854 habuerint
1626 1789 1683 1871 qui
1703 1790 1801 1873 primi
1823 1791 1958 1855 fuerunt
1979 1792 2050 1855 eius
2067 1792 2273 1870 reiautores;
2294 1813 2414 1857 verum

398 1877 538 1943 eandem
563 1877 656 1943 nobis
684 1876 767 1942 duas
795 1898 865 1942 esse
892 1875 1042 1959 probent.
1084 1875 1127 1940 In
1153 1897 1204 1954 re,
1233 1876 1376 1957 inquam,
1431 1878 1458 1940 si
1487 1883 1628 1940 aetatem
1656 1897 1731 1940 cum
1753 1883 1860 1940 aetate
1882 1877 2045 1951 conferas,
2072 1876 2198 1944 videbis
2224 1877 2298 1942 illos
2325 1877 2413 1942 mul·

399 1964 576 2029 ostendant
595 1964 785 2039 disorimen‚
815 1971 853 2026 ut
880 1962 1066 2026 habeantur
1086 1961 1252 2026 veteribus
1273 1958 1378 2023 idolo·
1430 1969 1502 2026 tum
1525 1961 1704 2026 declinasse
1726 1961 1766 2025 ab
1788 1983 1903 2026 eorum
1924 1963 2113 2045 integritate
2135 1964 2191 2045 qui
2210 1963 2414 2047 imaginibus

398 2049 495 2114 latris
524 2048 706 2114 dissimiles.
753 2047 860 2113 Sicuti
886 2048 975 2134 enim
1000 2053 1130 2112 reatum
1152 2068 1220 2111 non
1242 2046 1379 2128 effugiet
1432 2054 1616 2112 caruerant.
1650 2046 1761 2127 Quid?
1785 2069 1828 2112 an
1850 2069 2004 2131 passuros
2021 2048 2123 2115 fuisse
2139 2056 2295 2131 putamus
2316 2069 2414 2116 sano·

398 2135 606 2199 adulterant
628 2133 798 2212 homicida,
822 2136 850 2198 si
872 2131 962 2198 aliud
982 2134 1160 2198 ascititium
1182 2132 1297 2198 sceleri
1319 2153 1378 2196 suo
1432 2142 1482 2197 tos
1504 2134 1578 2197 illos
1599 2141 1710 2215 putres
1732 2134 1903 2199 ecclesiam
1914 2133 2039 2198 tamdiu
2062 2154 2288 2212 1111111111,
2311 2155 2414 2217 quam

398 2241 520 2284 nomen
551 2219 757 2302 imposuerit,
790 2220 839 2284 ita
869 2220 949 2284 istos
982 2219 1095 2284 subtili
1122 2218 1264 2283 nominis
1291 2239 1378 2283 oom-
1432 2218 1548 2283 utilem
1569 2239 1607 2283 ao
1628 2219 1805 2284 salutarem
1827 2241 1898 2285 esse
1919 2218 2124 2284 iudicarent?
2157 2221 2204 2283 At
2225 2229 2313 2285 certe
2335 2221 2416 2303 quia

399 2312 511 2371 mento
535 2305 660 2371 absolvi
682 2305 863 2370 absurdum
884 2312 943 2384 est,
968 2306 997 2369 si
1018 2325 1118 2370 causa
1138 2304 1223 2368 nihil
1246 2304 1286 2368 ab
1309 2303 1378 2367 ido·
1432 2304 1589 2371 videbant
1606 2306 1641 2368 in
1663 2314 1772 2368 eaaut
1792 2305 1944 2370 nihilaut
1964 2306 2140 2370 minimum
2150 2305 2315 2384 utilitatis,
2338 2307 2414 2389 plu·

397 2391 525 2456 lolatris
548 2390 719 2470 differunt,
755 2412 835 2473 quos
871 2390 1028 2455 damnare
1049 2391 1113 2473 ipsi
1135 2391 1235 2455 etiam
1257 2411 1379 2472 eogun-
1433 2394 1555 2455 11111
1588 2397 1700 2454 autem
1732 2390 1864 2456 subesse
1898 2391 2044 2475 periculi,
2068 2390 2285 2474 repudiarunt
2305 2394 2415 2476 magis

398 2483 464 2541 tur.
495 2477 599 2558 Atqui
620 2483 751 2540 tantum
774 2477 866 2542 abest
887 2484 924 2540 ut
945 2475 986 2541 ab
1007 2476 1140 2541 illorum
1161 2497 1261 2540 cansa
1283 2495 1379 2540 suam
1433 2476 1568 2543 consilio
1590 2485 1625 2540 et
1644 2477 1788 2554 ratione,
1813 2497 1912 2560 qnam
1933 2477 2140 2559 ignoratione
2163 2486 2221 2541 aut
2241 2478 2414 2563 negligen-

397 2563 581 2645 seiungam,
604 2569 643 2627 ut
663 2563 771 2645 potius
791 2563 863 2627 fons
885 2562 988 2627 totius
1008 2562 1087 2627 mali
1109 2562 1153 2626 sit
1169 2567 1380 2645 praepostera
1433 2563 1480 2626 tia
1500 2562 1801 2646 praetermiserunt.
1842 2561 1941 2643 Quod
1962 2564 2062 2628 etiam
2082 2564 2292 2647 Augustinus
2314 2564 2416 2631 claris

400 2647 594 2724 aemulatio,
627 2668 693 2731 qua
719 2670 794 2713 oum
821 2648 887 2714 illis
909 2654 1094 2727 certarunt,
1128 2647 1207 2713 dum
1232 2646 1381 2732 symbola
1432 2649 1542 2714 verbis
1564 2655 1714 2713 testatur.
1728 2647 1753 2731 ¹)
1798 2647 1912 2730 Quum
1934 2648 1988 2712 1111
2010 2647 2143 2714 sedibus
2164 2648 2330 2729 locantur,
2360 2650 2437 2715 in-'

398 2734 518 2818 quibus
536 2734 646 2798 Deum
667 2733 728 2798 sibi
750 2735 904 2817 figurant,
927 2740 960 2799 et
982 2755 1040 2798 suo
1057 2734 1190 2817 ingenio
1213 2732 1275 2797 sibi
1292 2752 1380 2799 com·
1426 2736 1514 2817 „quit,
1538 2733 1722 2798 honorabili
1744 2734 1960 2813 sublimitate,
1984 2743 2022 2798 ut
2043 2756 2063 2798 1
2082 2736 2292 2818 precantibus
2314 2743 2417 2819 atque

398 2821 629 2898 minisountur,
653 2826 686 2884 et
708 2820 776 2884 suis
798 2820 950 2885 manibus
972 2821 1175 2902 confingunt.
1432 2819 1677 2884 immolantibus
1699 2819 1927 2899 attendantur,
1955 2820 2028 2903 ipsa
2050 2820 2264 2885 similitudine
2286 2823 2416 2888 anima-

489 2910 537 2971 12.
582 2905 697 2988 Neque
729 2913 841 2970 tamen
869 2927 908 2970 ea
934 2905 1165 2989 superstitione
1198 2912 1314 2969 teneor
1342 2910 1382 2967 nt
1433 2912 1544 2970 torum
1565 2903 1789 2969 membromm
1815 2914 1914 2989 atque
1934 2927 2106 2985 sensuum,
2135 2907 2286 2989 quamvis
2314 2929 2417 2974 sensu

399 2992 508 3057 nullas
539 3012 674 3075 prorsus
712 2991 873 3074 imagines
911 2990 1063 3056 11111111
1096 3011 1256 3056 censeam.
1313 2987 1380 3054 Sed
1434 2999 1468 3056 et
1495 2992 1605 3055 anima
1633 2998 1776 3070 careant,
1800 2993 1948 3057 afficiunt
1975 2993 2123 3057 infirmos
2141 2992 2280 3074 animos,
2303 3000 2343 3058 ut
2363 2995 2417 3060 vi·

398 3080 476 3160 quia
498 3077 666 3160 sculptura
687 3082 721 3141 et
740 3078 871 3160 pictura
892 3077 958 3142 Dei
977 3076 1063 3141 dona
1085 3082 1179 3155 sunt,
1203 3096 1326 3159 purum
1348 3081 1382 3139 11
1433 3098 1512 3143 vere
1545 3097 1582 3141 11
1615 3077 1740 3159 spirare
1772 3077 1963 3156 videantur,
1997 3086 2057 3144 111.
2106 3078 2152 3142 Et
2185 3077 2317 3162 alibi22)
2351 3080 2417 3147 hoo

400 3163 582 3247 legitimum
604 3164 774 3245 utriusque
796 3184 894 3228 usum
915 3163 1060 3244 requiro:
1091 3184 1133 3227 ne
1161 3183 1245 3244 quac
1264 3160 1380 3226 Domi·
1435 3164 1523 3228 enim
1555 3163 1633 3228 facit
1666 3170 1700 3226 et
1737 3162 1979 3246 quodammodo
2012 3170 2184 3247 extorquet
2214 3164 2272 3229 illa
2304 3166 2417 3249 figura

398 3271 462 3314 111
483 3250 519 3313 11
541 3270 636 3313 suam
657 3248 796 3332 gloriam
818 3256 852 3313 et
870 3249 995 3314 bonum
1016 3255 1166 3314 nostrum
1187 3248 1281 3313 nobis
1303 3268 1380 3313 con·
1433 3249 1673 3326 membrorum,
1707 3254 1745 3313 ut
1777 3249 1971 3315 animus'in
2002 3268 2137 3333 corpore
2163 3250 2279 3315 vivens
2306 3253 2417 3335 magis

397 3335 489 3412 tulit,
518 3356 558 3399 ea
578 3356 646 3400 non
666 3342 797 3399 tantum
825 3334 1015 3417 polluantur
1033 3340 1244 3416 praepostero
1265 3333 1379 3410 abusu,
1434 3333 1612 3399 arbitretur
1633 3335 1754 3401 sentire
1775 3356 1908 3418 corpus,
1937 3334 2024 3419 qnod
2052 3355 2111 3400 suo
2136 3335 2343 3401 simillimum
2363 3339 2417 3404 vi-

398 3420 514 3486 sedin
536 3428 686 3485 nostram
702 3441 829 3503 quoque
847 3421 1026 3503 perniciem
1043 3425 1286 3485 convertantur.
1311 3417 1380 3482 De-
1434 3420 1498 3498 det,
1522 3426 1582 3486 eto.
1613 3420 1718 3486 Paulo
1740 3427 1829 3504 post:
1853 3421 1928 3504 plus
1949 3421 2062 3486 valent
2082 3421 2258 3486 simulacra
2278 3421 2321 3487 ad
2338 3443 2418 3488 our·

398 3528 456 3572 um
485 3507 598 3591 effingi
626 3507 749 3572 visibili
772 3508 878 3590 speeie
899 3505 992 3572 nefas
1015 3527 1085 3571 esse
1106 3512 1275 3588 putamus,
1303 3506 1381 3588 quia
1433 3505 1576 3572 vendam
1597 3506 1761 3572 infelicem
1783 3507 1945 3585 111111,
1975 3501 2062 3590 q'uod
2083 3528 2134 3586 os,
2157 3507 2282 3586 oculos,
2305 3530 2417 3590 aures,

397 3592 433 3658 id
453 3594 562 3657 vetuit
581 3593 667 3676 ipse,
696 3599 730 3657 et
754 3593 827 3657 fieri
855 3593 925 3659 sine
953 3591 1062 3675 aliqua
1086 3591 1209 3676 gloriae
1231 3591 1300 3657 eius
1323 3591 1380 3655 11-
1433 3592 1533 3676 pedes
1556 3590 1691 3671 habent;
1720 3610 1818 3675 quam
1841 3588 1883 3657 11
1904 3592 2146 3676 corrigendam,
2168 3593 2255 3676 quod
2275 3613 2342 3659 non
2365 3595 2417 3660 lo·

398 3679 594 3743 formatione
615 3698 684 3742 non
703 3685 819 3762 potest.
865 3679 915 3746 Ac
938 3699 981 3744 ne
1003 3679 1039 3742 11
1060 3678 1123 3743 heo
1145 3677 1298 3760 opinione
1318 3698 1380 3743 nos
1432 3685 1596 3761 quuntur,
1627 3699 1733 3761 neque
1754 3677 1885 3758 vident,
1915 3700 2021 3765 noque
2043 3678 2191 3757 audiunt,
2214 3700 2319 3763 neque
2341 3701 2417 3746 am-

401 3763 487 3830 solos
508 3784 579 3828 esse
601 3771 727 3846 putent,
751 3785 864 3831 omnes
886 3786 983 3832 sanos
1005 3765 1179 3847 scriptores
1199 3762 1233 3827 id
1251 3784 1381 3846 semper
1433 3764 1555 3829 bulant
1600 3762 1693 3830 Haec
1715 3785 1794 3830 sane
1816 3763 1948 3830 videtur
1975 3785 2075 3830 eausa
2096 3786 2168 3830 esse
2192 3787 2251 3832 cur
2271 3766 2418 3834 Ioannes

400 3848 599 3930 improbasse
610 3851 782 3932 reperient,
804 3852 915 3934 quiin
936 3872 1049 3916 eorum
1067 3850 1288 3916 monumentis
1305 3872 1380 3916 ver·
1433 3848 1467 3935 (1
1487 3849 1602 3914 Ι1111.
1623 3854 1652 3928 5,
1671 3849 1729 3935 21)
1755 3871 1823 3915 111
1847 3857 1979 3914 tantum
2000 3870 2021 3914 a
2041 3850 2290 3917 simulacrorum
2309 3852 2417 3933 cultu,

400 3936 463 4001 sati
485 3935 617 3999 1111111
652 3933 691 4001 Si
712 3957 754 4001 ne
776 3938 921 4020 figurare
943 3935 1076 4020 quidem
1096 3936 1169 4001 Deo
1191 3957 1380 4019 corpoream
1434 3936 1491 4002 sed
1520 3934 1561 4001 ab
1582 3935 1662 4017 ipsis
1683 3957 1809 4019 quoque
1832 3936 2016 4001 simulacris
2042 3956 2158 4002 cavere
2180 3959 2240 4002 nos
2261 3937 2417 4006 voluerit

401 4021 544 4105 effigiem
571 4022 620 4085 fas
648 4028 707 4100 est,
735 4022 841 4087 multo
868 4024 980 4088 minus
1001 4024 1107 4105 ipsam
1129 4043 1188 4105 pro
1210 4024 1297 4099 Deo,
1327 4023 1381 4089 vel
1433 4023 1481 4088 Et
1501 4043 1561 4087 nos
1582 4020 1731 4086 horribili
1752 4023 1895 4101 insania,
1924 4043 2006 4106 quae
2034 4022 2076 4087 11
2097 4023 2198 4088 totius
2219 4021 2287 4088 fere
2308 4023 2418 4106 pieta-

400 4105 513 4171 Deum
545 4108 581 4169 in
604 4107 676 4189 ipsa
705 4107 810 4172 colere
836 4108 954 4174 licebit
998 4108 1119 4173 Restat
1145 4108 1248 4192 igitur
1276 4115 1315 4172 ut
1342 4129 1382 4173 ea
1433 4110 1477 4173 tis
1498 4106 1669 4173 interitum
1695 4109 1808 4174 orbem
1835 4109 1976 4173 antehae
1998 4109 2183 4192 occupavit,
2210 4108 2285 4191 plus
2311 4111 2418 4177 nimio

401 4193 470 4259 sola
496 4193 677 4276 pingantur
705 4214 743 4258 ae
771 4193 964 4277 sculpantur
991 4215 1130 4276 quorum
1157 4196 1225 4260 sint
1246 4215 1381 4278 capaces
1434 4214 1548 4260 sumus
1581 4195 1722 4276 experti,
1754 4195 1854 4260 simul
1877 4200 1973 4277 atque
1994 4195 2031 4258 in
2052 4194 2183 4277 templis
2210 4195 2419 4262 collocantur

400 4278 498 4344 oculi:
533 4278 598 4343 Dei
630 4279 799 4358 maiestas,
836 4300 919 4362 quae
952 4279 1122 4345 oculorum
1153 4302 1253 4346 sensu
1283 4282 1381 4366 longe
1433 4281 1609 4364 imagines,
1631 4280 1727 4363 quasi
1748 4281 1882 4364 signum
1903 4279 2105 4346 idololatriae
2126 4280 2223 4364 erigi;
2251 4281 2329 4364 quia
2351 4281 2420 4348 sibi

400 4365 548 4449 superior
570 4370 628 4442 est,
652 4386 694 4429 ne
716 4365 878 4431 indecoris
901 4367 1036 4449 spectris
1058 4374 1298 4452 corrumpatur.
1338 4368 1381 4431 In
1433 4376 1618 4450 temperare
1639 4388 1707 4431 non
1728 4374 1836 4451 potest
1858 4367 2030 4432 hominum
2050 4366 2206 4444 stultitia,
2235 4367 2316 4450 quin
2359 4389 2418 4432 ro·

400 4472 438 4516 eo
461 4472 581 4536 genere
603 4452 726 4534 partim
749 4458 827 4516 sunt
847 4452 1002 4517 historiae
1024 4472 1061 4516 ao
1081 4474 1133 4518 res
1156 4461 1282 4537 gestae,
1305 4473 1381 4536 par·
1433 4454 1524 4517 tinus
1550 4452 1592 4517 ad
1619 4454 1864 4535 superstitiosos
1892 4453 2001 4517 cultus
2028 4451 2209 4517 delabatur.
2258 4390 2358 4532 Quod
2385 4455 2417 4519 si

400 4538 460 4601 tim
481 4538 642 4622 imagines
664 4558 702 4602 11
723 4539 849 4602 formae
870 4559 1057 4620 corporum,
1086 4539 1157 4603 sine
1179 4539 1248 4603 ulle
1268 4560 1381 4604 rerum
1432 4559 1494 4604 nec
1526 4546 1658 4602 tantum
1683 4539 1822 4622 periculi
1846 4540 2049 4616 immineret,
2083 4559 2186 4621 quum
2213 4544 2323 4603 tamen
2352 4559 2416 4604 ex·

400 4629 567 4705 gestarum
596 4625 771 4689 notatione.
816 4624 949 4689 Priores
974 4646 1072 4691 nsum
1100 4627 1136 4687 in
1161 4623 1304 4690 docendo
1327 4624 1380 4688 vel
1432 4623 1539 4708 pendo
1566 4624 1603 4688 in
1624 4646 1722 4706 quem
1743 4645 1843 4688 usum
1865 4623 2028 4688 destinata
2049 4624 2117 4687 sint
2139 4623 2272 4707 templa,
2299 4625 2416 4690 neseio

400 4707 604 4773 admonendo
627 4710 769 4795 aliquem
791 4710 930 4790 hahent3
952 4710 1129 4789 secundae,
1152 4710 1230 4793 quid
1251 4717 1381 4792 praeter
1432 4709 1593 4792 quomodo
1620 4709 1794 4793 indignum
1821 4710 1905 4773 mihi
1934 4709 2064 4775 videtur
2091 4730 2206 4774 eorum
2227 4709 2414 4792 sanctitate,

400 4792 648 4858 oblectationem
670 4798 788 4863 afferre
809 4797 945 4880 possint,
967 4817 1035 4861 non
1056 4796 1161 4863 video.
1201 4797 1249 4861 Et
1270 4803 1381 4860 tamen
1433 4803 1473 4859 ut
1493 4796 1574 4860 alias
1596 4796 1756 4878 recipiant
1778 4796 1938 4878 imagines
1960 4817 2061 4878 quam
2081 4796 2175 4862 vivas
2195 4794 2270 4860 illas
2291 4800 2325 4859 et
2345 4787 2416 4862 ico·

400 4886 528 4943 constat
559 4880 642 4944 11111
673 4883 773 4949 fuisse
808 4905 921 4949 omnes
948 4880 1187 4967 propemodum
1219 4883 1380 4964 imagines
1433 4883 1538 4959 11111,
1568 4901 1648 4964 ques
1675 4882 1775 4947 verbo
1799 4901 1859 4946 suo
1882 4882 2044 4947 Dominus
2065 4882 2277 4948 consecravit.
2321 4882 2414 4966 Bap-

400 4984 484 5046 quae
507 4965 665 5030 hactenus
691 4969 728 5031 in
755 4970 885 5053 templis
905 4970 1130 5051 prestiterunt.
1174 4968 1272 5034 Unde
1294 4966 1379 5031 iudi·
1432 4969 1569 5032 tismum
1590 4967 1739 5050 intelligo
1761 4975 1795 5033 et
1816 4987 1950 5031 coenam
1972 4968 2124 5045 Domini,
2146 4989 2223 5033 cum
2244 4967 2317 5033 aliis
2338 4988 2415 5034 oae-

400 5070 475 5115 caro
496 5050 580 5128 lieet,
603 5072 670 5115 non
691 5053 811 5119 iudicio
833 5064 890 5120 aut
912 5055 1049 5132 delectu,
1071 5053 1129 5118 sed
1151 5054 1251 5117 stulta
1273 5063 1307 5118 et
1328 5056 1379 5117 in-
1431 5053 1588 5119 remoniis
1620 5053 1738 5136 quibus
1770 5053 1881 5118 oonlos
1903 5061 2031 5118 nostros
2064 5061 2099 5117 et
2125 5052 2303 5119 studiosius
2329 5053 2414 5119 deti-

400 5134 606 5202 oonsiderata
633 5137 810 5221 cupiditate
830 5141 898 5206 illio
918 5141 1018 5205 fuisse
1040 5140 1210 5204 1111111111.Ι
1253 5138 1379 5205 Omitto
1432 5140 1518 5217 neri,
1549 5148 1583 5203 et
1608 5137 1751 5204 vividius
1774 5140 1860 5206 affici
1881 5140 2043 5218 convenit,
2067 5160 2166 5222 quam
2187 5139 2412 5204 1111111111-

400 5242 498 5304 qnam
520 5243 693 5306 perperam
720 5231 753 5288 et
773 5224 962 5291 indecenter
989 5245 1111 5309 magna
1133 5246 1175 5289 ex
1196 5234 1289 5307 parte
1312 5227 1381 5291 sint
1432 5224 1560 5289 minum
1585 5224 1719 5307 ingenio
1748 5224 1942 5291 fabrefactas
1974 5226 2151 5309 requirant.
2200 5226 2256 5289 111
2286 5227 2413 5291 iucom-

399 5308 540 5387 cffiotae,
573 5330 673 5392 quam
705 5309 871 5376 licentiose
903 5312 958 5377 hic
989 5312 1131 5394 pictores
1164 5319 1199 5376 et
1229 5313 1380 5377 statuarii
1431 5311 1576 5394 parabile
1602 5311 1784 5395 imaginum
1812 5310 1947 5392 bonum,
1981 5311 2069 5395 quod
2102 5311 2196 5377 nulla
2220 5311 2413 5396 pensatione

398 5392 615 5474 lascivierint,
649 5416 749 5478 quam
777 5415 849 5461 rem
875 5396 973 5480 paulo
1001 5403 1079 5461 ante
1106 5397 1214 5480 attigi;
1247 5404 1379 5462 tantum
1432 5397 1583 5462 resarciri
1604 5404 1720 5480 potest,
1739 5398 1768 5462 si
1788 5399 1926 5482 papistis
1948 5397 2100 5464 creditur.
2422 5396 2425 5408 '

399 5477 485 5557 dieo,
509 5481 638 5546 etiamsi
658 5481 743 5546 nihil
766 5482 839 5548 vitii
859 5482 989 5561 inesset,
1018 5480 1102 5545 nihil
1124 5489 1235 5548 tamen
1257 5485 1378 5549 habere

397 5563 441 5628 ad
463 5563 645 5630 docendum
665 5568 832 5633 momenti.
1177 5649 1180 5655 Α

489 5653 537 5715 13.
582 5651 711 5718 Verum
736 5653 793 5718 illo
815 5673 943 5736 quoqne
965 5651 1153 5721 1111111111
1173 5656 1308 5735 omisso,
1335 5674 1378 5720 an
1501 5670 1635 5742 111111.
1653 5669 1934 5741 4111111111.
1969 5671 2000 5738 1)
2017 5669 2411 5736 111111111111111
