5600 6809
398 767 459 837 tir
719 775 808 840 nra.
832 775 893 840 rr.
936 776 1000 839 nn
1023 773 1259 841 nxraaurs
1281 769 1448 840 nuans
1471 771 1535 837 aa
1552 768 1788 840 susurru.
1801 744 1814 845 f
1833 771 1933 839 ear.
1957 773 2001 838 11.
2025 772 2086 839 111.
2342 779 2404 840 arc

397 964 468 1047 lpse
490 984 572 1045 opus
594 971 688 1047 agat;
715 963 856 1046 qualiter
877 964 919 1028 ad
940 985 1021 1046 opus
1044 983 1170 1046 quoque
1190 962 1376 1030 faciendum
1426 960 1483 1044 qui
1506 961 1652 1026 aseendit
1674 971 1711 1026 ut
1731 962 1883 1048 impleret
1904 962 2028 1040 omnia;
2052 968 2085 1025 ot
2106 961 2193 1027 idam
2215 960 2305 1026 dedit
2325 964 2406 1030 alios

397 1049 617 1114 instrumento
635 1050 740 1114 utitur
757 1050 884 1114 artifex.
923 1050 1006 1130 (laec
1024 1051 1091 1114 iam
1113 1055 1182 1115 cate
1203 1051 1342 1130 expositi,
1352 1048 1375 1134 ¹)
1429 1046 1560 1129 quidem
1583 1047 1753 1129 apostolos,
1777 1049 1857 1112 alios
1879 1066 1957 1112 vero
1979 1048 2168 1131 prophetas,
2193 1047 2273 1113 alios
2296 1057 2405 1114 autern

397 1137 511 1200 iterum
533 1140 665 1215 repetere
686 1155 780 1218 sopor.
820 1136 937 1201 Posset
963 1134 998 1199 id
1030 1135 1170 1225 quidem,
1186 1135 1237 1200 vel
1260 1157 1319 1219 per
1341 1157 1375 1200 se
1429 1133 1662 1216 evangelistas,
1692 1134 1773 1198 ahos
1795 1141 1941 1216 pastores
1964 1154 2001 1199 ac
2024 1133 2186 1211 doctores,
2217 1133 2258 1198 ad
2280 1135 2405 1200 instau-

398 1221 507 1303 ipsum
536 1221 607 1285 sine
635 1221 698 1285 alio
727 1222 841 1303 quovis
864 1233 922 1286 aut
944 1220 1141 1286 adminiculo
1165 1231 1222 1286 aut
1243 1241 1374 1305 organo,
1428 1219 1589 1283 rationem
1621 1231 1825 1294 sanctorum,
1860 1221 1894 1283 in
1922 1241 2004 1302 opus
2031 1218 2338 1297 administrationis
2371 1221 2405 1286 in

399 1307 451 1370 vel
481 1307 578 1370 etiam
606 1327 665 1388 per
693 1307 826 1390 angelos
853 1309 974 1385 lacerc;
1005 1307 1061 1372 sed
1090 1309 1271 1390 complures
1299 1318 1376 1372 sunt
1428 1303 1686 1369 aedificationem
1713 1307 1857 1387 eorporis
1879 1304 2018 1384 Ghristi3
2046 1304 2150 1369 donec
2175 1307 2405 1387 perveniamus

398 1413 516 1457 causae
548 1413 608 1457 cur
640 1413 699 1474 per
732 1392 881 1458 homines
911 1393 1013 1457 malit.
1059 1394 1131 1458 Hoc
1164 1394 1252 1458 enim
1281 1393 1376 1458 modo
1430 1410 1542 1454 onmes
1564 1392 1599 1454 in
1622 1393 1781 1456 unitatem
1804 1391 1895 1468 fidei,
1925 1402 1958 1456 et
1984 1392 2160 1475 agnitionis
2181 1392 2240 1455 filii
2262 1390 2342 1468 Dei,
2370 1392 2406 1456 in

398 1480 541 1562 primum
564 1476 787 1561 dignationem
809 1499 888 1562 erga
909 1500 969 1544 nos
988 1501 1081 1544 suain
1099 1478 1251 1556 declarat,
1274 1499 1375 1562 quum
1429 1477 1537 1540 tirum
1561 1478 1755 1558 perfectum,
1784 1479 1817 1541 in
1841 1498 2028 1542 mensuram
2055 1477 2171 1541 aetatis
2194 1477 2289 1559 plene
2313 1477 2406 1542 adul-

399 1584 441 1628 ex
464 1563 649 1628 hominibus
672 1565 772 1627 sumit
794 1566 848 1646 qui
872 1585 931 1646 pro
954 1586 989 1628 sc
1011 1566 1046 1629 in
1069 1564 1190 1629 mundo
1212 1564 1375 1648 legatione
1428 1568 1495 1640 tae;
1518 1577 1554 1625 ut
1573 1584 1639 1625 nen
1661 1563 1801 1645 amplius
1819 1565 1922 1629 simus
1942 1565 2046 1646 pueri,
2065 1564 2120 1645 qui
2139 1564 2407 1628 circumferamur

398 1650 594 1732 fungantur,
624 1649 680 1732 qui
706 1669 845 1714 arcanae
873 1671 952 1716 suaa
983 1651 1162 1716 voluntatis
1185 1651 1252 1715 sint
1274 1652 1375 1715 inter·
1429 1650 1517 1710 omni
1547 1659 1644 1712 vento
1673 1649 1853 1728 doctrinam
1888 1649 1945 1713 sed
1978 1649 2151 1714 veritatem
2181 1658 2341 1715 sectantes
2370 1650 2406 1714 in

421 1747 520 1809 retes,
549 1736 604 1818 qui
632 1756 807 1817 personam
837 1735 975 1819 denique
1003 1758 1097 1801 suam
1120 1744 1373 1821 repraesentent.
1429 1733 1579 1810 caritate,
1608 1733 1832 1799 adolescemus
1860 1735 1897 1798 in
1918 1734 2012 1799 illum
2033 1756 2093 1817 per
2114 1735 2239 1812 omnia,
2270 1735 2327 1816 qui
2355 1742 2406 1800 est

397 1756 520 1902 bisque
560 1822 783 1904 experimento
823 1819 1011 1903 comprobat
1049 1844 1116 1887 non
1149 1842 1272 1887 vanum
1306 1844 1376 1887 esse
1428 1831 1534 1901 eaput,
1557 1840 1675 1903 nempe
1696 1819 1879 1898 Christum,
1901 1822 1937 1884 in
1959 1842 2022 1902 quo
2045 1828 2150 1884 totum
2172 1842 2289 1903 corpus
2310 1840 2405 1906 coag-

398 1906 483 1988 quod
511 1908 632 1987 passim
660 1927 719 1971 nos
748 1918 844 1972 vocat
871 1907 995 1990 templa
1029 1930 1103 1986 sua,
1136 1908 1213 1973 dum
1247 1931 1288 1973 ex
1321 1930 1376 1973 ore
1427 1913 1610 1969 mentatum
1633 1915 1666 1970 et
1687 1916 1889 1988 compactum
1911 1926 1972 1989 per
1999 1928 2129 1970 omnem
2157 1907 2405 1970 commissuram
2488 1903 2493 1919 '

400 1992 569 2055 hominum
596 1992 689 2057 velut
711 2015 750 2057 ex
774 1995 976 2072 sanctuario,
1004 2015 1159 2078 responsa
1188 1993 1375 2061 hominibus
1428 1992 1753 2069 subministrationis,
1787 1994 1880 2056 iuxta
1908 2002 2017 2056 actum
2044 1993 2080 2055 in
2106 2013 2261 2056 mensura
2290 1993 2405 2056 unius-

397 2077 512 2141 reddit.
527 2078 556 2159 ¹²)
600 2078 730 2142 Deinde
753 2079 813 2142 hoc
843 2081 1002 2161 optimum
1030 2102 1067 2145 ac
1095 2081 1307 2144 utilissimum
1334 2081 1376 2145 ad
1428 2078 1583 2159 cuiusque
1604 2079 1721 2160 partis,
1745 2079 1982 2145 incrementum
2004 2078 2148 2160 corporis
2171 2078 2261 2157 tacit,
2294 2078 2328 2141 in
2351 2101 2405 2142 ac-

399 2162 620 2227 humilitatem
638 2165 831 2230 exercitium
849 2178 907 2241 est,
926 2165 1005 2230 dum
1022 2187 1081 2231 nes
1100 2164 1141 2230 ad
1159 2165 1375 2231 obediendum
1428 2161 1644 2228 dificationem
1667 2164 1841 2246 suiipsius
1886 2185 1922 2229 er
1944 2165 2122 2230 caritatem.

397 2249 497 2313 verbo
519 2268 579 2312 suo
602 2251 791 2327 assuefacit,
814 2257 978 2333 uteunque
1000 2272 1059 2333 per
1079 2251 1230 2317 hominos
1252 2252 1375 2318 similes
1515 2253 1542 2312 2.
1577 2250 1641 2313 His
1662 2250 1770 2314 vorbis
1792 2250 1851 2313 illu
1897 2250 2040 2315 ostendit
2061 2249 2231 2315 hominum
2254 2250 2405 2314 muniste-

397 2334 499 2410 nobia,
522 2335 687 2398 interdum
709 2337 810 2400 etiam
832 2336 991 2420 (lignitate
1008 2338 1186 2414 interiores,
1209 2339 1375 2420 praedice-
1428 2335 1523 2412 rium,
1546 2355 1609 2418 quo
1628 2334 1719 2400 Deus
1736 2336 1772 2400 in
1791 2335 2004 2420 gubernanda
2022 2335 2157 2400 ecclesia
2174 2336 2288 2413 utitur,
2311 2357 2405 2418 quae-

397 2428 462 2482 tur.
501 2417 540 2483 Si
563 2419 602 2484 do
624 2420 712 2486 coelo
733 2423 803 2504 ipse
825 2423 1021 2504 loqueretur,
1043 2424 1128 2488 nihil
1149 2425 1269 2488 mirum
1292 2425 1376 2489 foret
1428 2421 1559 2506 cipuum
1588 2442 1659 2485 esse
1691 2443 1829 2486 nervum
1863 2443 1926 2505 quo
1960 2422 2072 2486 fideles
2096 2423 2140 2484 ¹in
2173 2443 2239 2485 uno
2272 2442 2405 2504 corpore

398 2506 425 2569 s'i
448 2526 542 2569 sacra
563 2506 634 2583 eius
656 2507 788 2572 oracula
810 2509 957 2572 omnium
981 2509 1113 2575 auribus
1135 2517 1232 2592 atque
1257 2510 1375 2574 animis
1410 2506 1638 2594 ,cohaereant3
1668 2516 1739 2571 tum
1763 2530 1839 2573 vero
1861 2510 1961 2572 ctiam
1984 2507 2120 2586 indicat,
2151 2528 2216 2571 non
2238 2508 2333 2570 aliter
2354 2510 2404 2571 in·

397 2598 587 2655 reverenter
604 2593 674 2656 sine
692 2613 785 2657 mora
803 2594 1039 2676 exciperentur.
1074 2594 1157 2677 Quis
1175 2597 1262 2661 enim
1280 2616 1374 2679 prae·
1428 2591 1587 2656 columem
1606 2594 1731 2657 servari
1749 2593 1917 2658 ecclesiam
1939 2615 2042 2676 posse,
2066 2615 2164 2676 (11111111
2188 2593 2215 2656 Si
2238 2593 2290 2657 his
2312 2615 2405 2675 111110·

397 2686 524 2740 sentem
547 2677 616 2741 eius
638 2687 832 2759 potestatem
853 2701 919 2743 non
941 2680 1112 2746 horreret?
1143 2682 1216 2764 quis
1244 2702 1310 2745 non
1333 2680 1374 2746 ad
1428 2677 1520 2741 sidiis
1562 2678 1718 2742 fulciatur
1749 2682 1784 2743 in
1818 2679 1934 2761 quibus
1974 2680 2114 2764 salutern
2146 2681 2215 2743 eius
2248 2699 2406 2761 reponere

396 2762 541 2843 primum
564 2769 674 2828 tantae
695 2765 876 2829 maiestatis
899 2774 1066 2849 aspectum
1089 2767 1373 2850 prosterneretur?
1428 2762 1571 2826 Domino
1588 2764 1718 2844 placuit.
1753 2765 1912 2829 Ascendit
1928 2764 2134 2830 Christas'in
2152 2757 2265 2841 altam,
2289 2766 2405 2847 inquit,

396 2848 469 2929 quis
492 2868 558 2912 non
580 2850 740 2914 immense
763 2850 818 2914 illo
840 2840 968 2934 fulgore
990 2852 1262 2917 cenfrmderetur?
1307 2853 1374 2919 Ve-
1428 2856 1465 2912 ut
1497 2850 1609 2912 omnia
1641 2851 1800 2931 impleret.
1853 2852 1945 2916 Hraec
1979 2862 2089 2915 autom
2121 2849 2279 2932 implendi
2313 2852 2405 2929 ratio,
2434 2919 2437 2928 ,

396 2952 470 2996 rum
491 2932 547 2997 ubi
570 2933 745 2999 homuncio
767 2936 929 3018 quispiam
952 2938 1151 3020 expulsare
1173 2959 1318 3003 emersus
1339 2939 1375 3003 in
1427 2932 1513 3016 quod
1538 2956 1598 3017 per
1625 2936 1807 3012 ministros,
1838 2934 1954 3019 quibus
1982 2937 2124 3001 officium
2152 2936 2214 3001 hoc
2236 2936 2407 3002 mandavit

397 3019 531 3082 nomine
548 3018 613 3083 Dei
630 3019 782 3102 loquitur,
807 3023 861 3088 hic
878 3036 1024 3087 nostram
1043 3044 1122 3108 erga
1139 3024 1248 3089 Deum
1267 3026 1374 3107 ipsum
1428 3030 1462 3084 et
1483 3021 1630 3086 muneris
1652 3022 1792 3086 obeundi
1816 3023 1955 3105 gratiam
1978 3022 2123 3098 contulit,
2151 3044 2211 3086 sua
2233 3021 2318 3085 dona
2339 3022 2405 3085 dia·

395 3105 549 3187 pietatem
572 3117 605 3169 et
626 3105 867 3172 observantiam
888 3109 1010 3191 optimo
1028 3110 1212 3174 testimonio
1230 3108 1375 3175 declara-
1427 3116 1545 3188 pensat
1577 3128 1614 3171 ac
1648 3106 1815 3173 distribuit
1847 3108 2018 3180 ecclesiae,
2052 3128 2151 3189 seque
2184 3107 2263 3170 adeo
2297 3110 2404 3190 ipsum

396 3209 478 3266 mus,
502 3191 530 3254 si
552 3191 671 3256 dociles
693 3213 753 3258 nos
775 3193 967 3260 exhibemu‘s
990 3197 1059 3259 eius
1080 3195 1247 3273 ministro,
1272 3216 1374 3278 quum
1427 3201 1633 3273 praesentem
1660 3193 1899 3276 quodammodo
1927 3194 2074 3271 exhibet,
2103 3192 2236 3274 spiritus
2264 3194 2314 3256 sui
2337 3194 2404 3257 vir-

396 3275 487 3338 nulla
514 3285 626 3341 tamen
653 3278 688 3342 in
714 3297 752 3342 re
777 3300 838 3344 nos
865 3280 1011 3345 excellat.
1057 3280 1131 3346 Hac
1153 3282 1254 3365 igitur
1276 3282 1374 3345 etiarn
1427 3284 1533 3341 tutem
1555 3279 1589 3342 in
1612 3298 1673 3343 sua
1695 3279 1756 3346 hac
1778 3280 1985 3345 institutione
2008 3278 2202 3357 exserend0,
2233 3300 2274 3343 nc
2296 3278 2405 3342 inanis

396 3377 495 3425 causa
523 3363 671 3427 coelestia
699 3382 778 3429 suae
807 3366 986 3447 sapientiae
1013 3366 1208 3432 thesaurum
1228 3368 1374 3432 invasis
1427 3363 1471 3427 sit
1491 3363 1544 3427 vel
1566 3365 1677 3430 otiosa.
1718 3363 1775 3431 Sic
1796 3367 1990 3431 instauratio
2012 3373 2200 3430 sanctorum
2221 3364 2404 3448 peragitur3
2499 3434 2501 3438 ,

395 3446 566 3528 fragilibus
595 3467 632 3512 ac
658 3449 757 3514 luteis
784 3451 968 3529 abscondit,
1002 3474 1066 3536 quo
1094 3453 1214 3518 certius
1245 3453 1373 3536 experi·
1427 3449 1474 3515 sic
1503 3449 1694 3516 aedificatur
1720 3473 1838 3534 corpus
1861 3451 2001 3530 Christi3
2032 3452 2079 3516 sic
2108 3449 2323 3515 adolescimus
2345 3472 2405 3532 per

395 3543 543 3595 mentum
571 3534 686 3616 capiat,
709 3537 822 3618 quanti
845 3558 864 3600 a
886 3538 980 3602 nobis
1000 3538 1066 3605 fiat.
1111 3537 1165 3603 Ad
1188 3538 1269 3605 hacc
1291 3537 1374 3603 nihil
1426 3536 1537 3600 omnia
1558 3537 1594 3599 in
1616 3559 1692 3602 eum
1714 3538 1770 3621 qui
1792 3548 1842 3602 est
1863 3545 1975 3622 capnt,
2005 3544 2038 3602 et
2059 3537 2148 3600 inter
2169 3557 2230 3600 nos
2251 3537 2405 3602 coalesci-

396 3617 437 3682 ad
464 3618 638 3684 fovendam
663 3630 814 3686 mutuam
837 3625 1007 3688 caritatem
1035 3624 1144 3707 aptius
1165 3632 1251 3703 erat,
1275 3645 1373 3709 quam
1426 3636 1515 3700 mus3
1543 3623 1589 3689 sic
1617 3623 1799 3707 redigimur
1825 3645 1938 3690 omnes
1959 3624 1994 3688 in
2016 3623 2179 3687 unitatem
2202 3622 2343 3701 Christi,
2374 3623 2402 3689 si

396 3703 457 3768 hoc
485 3704 617 3769 vinculo
646 3705 796 3773 homines
824 3710 913 3774 inter
934 3730 969 3774 se
991 3709 1152 3795 colligari,
1181 3711 1259 3775 dum
1286 3733 1373 3777 unus
1425 3708 1598 3791 prophetia
1619 3710 1787 3774 internos
1808 3712 1907 3794 viget,
1930 3710 1959 3774 si
1980 3709 2144 3793 apostolos
2165 3709 2349 3791 recipimus,
2373 3709 2402 3773 si

396 3790 607 3853 constituitur
633 3798 745 3873 pastor
771 3795 827 3876 qui
854 3795 997 3879 reliquos
1026 3797 1122 3862 simul
1157 3795 1284 3876 doceat;
1318 3798 1373 3879 qui
1426 3793 1607 3860 doctrinam
1646 3796 1738 3861 nobis
1777 3795 2039 3861 administratam
2077 3816 2143 3860 non
2179 3815 2401 3876 aspernamur.

395 3894 473 3939 vero
497 3873 646 3958 discipuli
668 3898 738 3943 esse
759 3878 923 3960 iubentur,
946 3904 1153 3947 communem
1173 3905 1215 3947 ex
1232 3903 1300 3947 uno
1318 3904 1373 3947 ore
1424 3881 1592 3946 Ecclesiae
1614 3901 1691 3964 crgo
1714 3881 1974 3965 dissipationem,
2003 3880 2056 3946 vel
2085 3881 2215 3945 ruinam
2237 3882 2346 3962 potius
2368 3889 2402 3944 ct

395 3958 580 4026 doctrinam
598 3965 775 4046 excipiunt
804 3963 841 4030 Si
859 3967 947 4031 enim
966 3967 1027 4033 sibi
1046 3970 1180 4053 quisque
1198 3969 1372 4046 sufficeret,
1427 3967 1565 4031 exitium
1587 3967 1721 4031 molitur
1738 3968 1883 4050 quisquis
1905 3967 2053 4032 ordinem
2074 3966 2164 4032 hunc
2186 3965 2227 4031 de
2248 3987 2313 4049 quo
2335 3965 2401 4030 dis·

394 4066 454 4111 nec
477 4045 639 4130 indigeret
661 4048 797 4115 alterius
818 4073 933 4134 opera,
959 4075 1043 4136 quae
1065 4055 1217 4137 superbia
1239 4063 1289 4120 est
1309 4054 1372 4119 hu·
1424 4060 1587 4134 patrunus,
1611 4059 1644 4116 et
1665 4052 1727 4119 hoc
1749 4075 1854 4137 genus
1875 4053 2046 4138 regiminis
2065 4053 2119 4118 vel
2136 4051 2265 4117 abolere
2283 4052 2401 4131 studet,

394 4135 484 4196 mani
513 4134 652 4216 ingenii,
681 4142 905 4201 contemneret
931 4141 1067 4221 quisque
1089 4140 1168 4205 alios
1190 4149 1223 4204 et
1245 4139 1373 4204 abillis
1425 4138 1479 4203 vel
1506 4140 1599 4219 quasi
1625 4139 1735 4203 minus
1762 4140 1982 4204 necessarium
2011 4138 2125 4203 elevat.
2170 4138 2284 4220 Neque
2313 4139 2400 4201 enim

394 4228 668 4284 contemneretur.
692 4221 802 4302 Quem
819 4223 922 4306 igitur
938 4224 1164 4290 firmissimum
1181 4225 1372 4290 retinendae
1425 4223 1478 4289 vol
1507 4223 1583 4289 solis
1609 4224 1720 4290 lumen
1749 4245 1786 4291 ac
1814 4225 1916 4300 calor,
1946 4223 2000 4290 rel
2026 4225 2119 4290 cibus
2146 4246 2184 4289 ac
2209 4234 2304 4305 potus
2332 4232 2400 4287 tam

394 4306 530 4369 unitatis
553 4305 675 4371 nodum
696 4308 765 4372 fore
786 4309 930 4391 providit
947 4310 1120 4390 Dominus,
1144 4333 1181 4375 eo
1204 4311 1373 4376 ecclesiam
1425 4317 1504 4375 sunt
1521 4311 1686 4392 praesenti
1710 4311 1798 4376 ritae
1825 4310 1984 4377 fovendae
2004 4331 2042 4376 ac
2060 4307 2270 4375 sustinendae
2286 4328 2401 4372 neces-

394 4410 489 4455 suam
508 4390 694 4471 adstrinxit,
718 4392 797 4458 dum
818 4395 933 4459 salutis
954 4415 992 4461 ac
1013 4397 1102 4461 vitae
1125 4405 1276 4462 aeternae
1298 4396 1373 4462 doc-
1426 4396 1531 4472 saria,
1565 4415 1662 4477 quam
1696 4406 1745 4463 est
1778 4397 2019 4462 conservandae
2051 4395 2214 4462 interris
2246 4393 2401 4458 ecclesiae

396 4477 518 4543 trinam
541 4477 627 4560 apud
644 4479 794 4546 homines
812 4480 971 4562 deposuit,
994 4489 1033 4546 ut
1049 4504 1108 4565 per
1125 4503 1238 4547 eorum
1256 4503 1373 4547 manus
1426 4481 1638 4564 apostolicum
1660 4503 1698 4548 ac
1720 4482 1882 4565 pastorale
1904 4503 2034 4547 munus.

395 4560 529 4643 reliquis
551 4567 814 4632 communicaret.
853 4566 930 4631 Huc
951 4570 1096 4652 respexit
1116 4569 1249 4647 Pardus,
1272 4588 1374 4650 quum
1513 4571 1541 4633 3.
1574 4567 1720 4633 Proinde
1738 4591 1837 4650 supra
1856 4568 2013 4645 admonui,
2036 4566 2144 4629 Deum
2160 4565 2277 4647 quibus
2294 4565 2402 4646 potuit

396 4646 548 4744 Ephesiis
571 4649 616 4732 (t,
640 4657 659 4713 4
682 4653 786 4735 seqq.)
811 4650 980 4718 scriberet:
1004 4675 1107 4718 unum
1130 4674 1263 4737 corpus,
1287 4676 1374 4720 unus
1426 4654 1540 4737 elogiis
1562 4655 1632 4719 eius
1654 4655 1848 4739 dignitatem
1865 4655 1959 4719 nobis
1977 4672 2073 4733 saepe
2091 4650 2340 4727 commendasse,
2362 4657 2402 4714 ut

396 4741 544 4828 spurtus,
572 4738 845 4814 quomadmodum
873 4747 906 4804 et
933 4741 1038 4806 vocati
1066 4742 1144 4806 estis
1170 4741 1206 4804 in
1227 4762 1295 4805 una
1316 4761 1373 4824 spe
1426 4741 1460 4804 in
1487 4761 1613 4804 summo
1640 4742 1764 4807 honoro
1792 4763 1829 4806 ac
1851 4739 1971 4823 pretio,
2000 4743 2157 4816 tanquam
2179 4755 2232 4799 res
2254 4736 2401 4801 omnium

395 4819 575 4882 vocationis
597 4831 741 4902 vestram
763 4844 850 4889 unus
871 4825 1045 4906 Dominus,
1068 4848 1134 4891 una
1156 4825 1246 4905 fides,
1269 4848 1373 4892 unum
1416 4827 1719 4909 praestantissima,
1750 4826 1837 4910 apud
1858 4844 1919 4888 nos
1941 4828 2034 4887 esset.
2079 4818 2255 4906 Singulare
2277 4821 2401 4886 benefi-

396 4903 565 5001 baptlflmb
584 4924 672 4969 unus
690 4907 781 5006 Deqs
799 4919 832 4976 et
849 4913 943 4994 pater
960 4912 1115 4991 omnium,
1135 4914 1190 4994 qui
1208 4919 1257 4978 est
1275 4934 1375 4996 super
1425 4913 1512 4978 oium
1540 4934 1575 4977 se
1602 4913 1790 4978 hominibus
1817 4909 1946 4993 largiri,
1975 4907 2120 4971 doctores
2148 4907 2195 4972 cis
2218 4908 2404 4988 excitando,

395 5009 521 5086 omnia,
546 4996 579 5053 ct
599 5009 659 5071 per
681 4996 804 5070 omnia,
835 5005 869 5060 et
889 4999 924 5061 in
947 4998 1098 5064 omnibus
1121 4999 1228 5065 nobis:
1257 5020 1373 5064 verum
1425 5006 1574 5078 testatur,
1593 5000 1650 5064 ubi
1668 4999 1758 5064 iubet
1773 4995 1967 5081 prophetam
1986 4993 2063 5077 (Ies.
2084 4997 2135 5073 52,
2155 4991 2189 5079 t)
2208 4994 2403 5075 exclamare,

395 5076 570 5157 unicmque
597 5081 747 5140 nostrum
778 5077 854 5143 data
881 5091 930 5146 est
951 5084 1058 5165 gratia
1080 5086 1259 5150 secrmdum
1280 5107 1373 5150 men·
1425 5083 1580 5168 pulchros
1598 5107 1668 5150 esse
1686 5083 1783 5167 pedes
1801 5087 1835 5146 et
1851 5081 1985 5144 beatum
2003 5077 2181 5144 adrentum
2203 5080 2403 5146 annuntian-

395 5182 509 5226 suram
539 5161 724 5225 donationis
746 5161 880 5228 Christi.
928 5165 1136 5251 Quapropter
1158 5171 1250 5236 dicit:
1273 5176 1373 5254 quum
1425 5172 1509 5236 tium
1530 5192 1657 5254 pacem;
1681 5190 1781 5252 quum
1804 5164 1967 5249 apostolos
1989 5163 2098 5229 lucem
2113 5166 2231 5231 mundi
2248 5174 2283 5231 et
2299 5166 2402 5232 salem

395 5247 596 5313 ascendisset
625 5247 660 5311 in
687 5247 805 5325 altum,
836 5249 1000 5331 captivam
1023 5251 1117 5316 duxit
1137 5257 1371 5339 captivitatem,
1425 5264 1532 5321 terrae
1555 5256 1703 5320 nominat
1725 5251 1858 5337 (Matth.
1879 5256 1907 5329 5,
1931 5254 1977 5314 13.
2000 5248 2063 5336 14).
2107 5251 2178 5317 Nec
2200 5251 2401 5335 splendidius

394 5331 485 5399 dedit
507 5333 593 5398 dona
616 5332 816 5411 hominibus;
850 5335 905 5418 qui
928 5332 1108 5415 descendit,
1136 5337 1224 5403 idern
1244 5342 1300 5405 ille
1323 5351 1373 5406 est
1425 5337 1939 5424 ornaripoterathocoffieium,
1963 5357 2186 5422 quamquam
2208 5336 2292 5401 dixit
2302 5336 2399 5421 (Luc.

1428 5433 1476 5505 10,
1504 5426 1570 5507 lbl:
1601 5426 1656 5507 qui
1678 5446 1738 5490 vos
1758 5424 1867 5503 audit,
1896 5444 1951 5488 me
1972 5420 2078 5504 andit3
2105 5424 2161 5507 qui
2182 5443 2241 5487 vos
2263 5423 2398 5504 spernit,

1424 5534 1477 5576 me
1500 5512 1636 5595 spernit.
1680 5509 1747 5576 Sed
1775 5511 1887 5576 nullus
1914 5516 1965 5575 est
1992 5509 2152 5575 illustrior
2180 5509 2270 5573 locus
2299 5529 2399 5591 quam

393 5505 595 5516 -----—

463 5622 492 5690 1)
510 5625 574 5748 cap.
595 5626 618 5678 1.
638 5634 702 5679 see.
721 5600 745 5680 5.
805 5626 835 5693 a)
853 5627 926 5699 nege
944 5627 1065 5711 anea(
1079 5625 1140 5678 uer.
1160 5625 1184 5680 1.
1204 5627 1238 5680 aa
1256 5625 1371 5683 socam
1424 5597 1512 5679 apud
1534 5597 1676 5661 Paulum
1699 5599 1735 5662 in
1756 5596 1900 5664 secunde
1919 5595 1963 5661 ad
1984 5593 2171 5662 manthos
2194 5594 2234 5677 (⁰·
2254 5599 2274 5657 3
2296 5605 2331 5659 θῑ
2351 5593 2398 5680 4),

393 5689 492 5744 chart.
511 5711 533 5746 c.
569 5692 683 5764 aseqq:
1424 5683 1481 5747 ubi
1513 5683 1599 5748 hano
1631 5686 1854 5767 quaestionem
1885 5682 1977 5749 velut
2011 5703 2053 5748 cx
2092 5681 2236 5766 professo
2270 5686 2400 5747 ῖτθθῖθῖ
