5600 6809
377 741 437 803 241
748 735 838 801 LIB.
861 734 904 800 II.
949 737 1013 802 Du
1036 735 1324 803 COGNI'I'IONE
1348 737 1432 805 DlllI
1453 730 1801 805 REDEMPrORIS.
1846 739 1945 806 OAP.
1968 741 2012 807 V.
2321 750 2389 812 242

375 933 503 1006 nostra,
537 935 575 991 ιιι
603 927 712 1009 ipsum
740 925 926 1008 diligamus.
972 926 1064 1009 Ergo
1093 925 1192 1004 hano,
1227 927 1267 991 de
1289 947 1354 1009 qua
1406 935 1555 993 mentum
1577 929 1666 1011 capit
1693 925 1771 1010 quid
1794 947 1828 992 se
1857 927 1992 992 absente
2019 929 2138 994 facturi
2160 931 2277 1010 simus,
2307 932 2385 1000 inde

376 1035 456 1079 mox
482 1013 640 1095 loquitur,
674 1011 865 1077 facilitatem
893 1032 960 1076 non
986 1011 1021 1075 in
1050 1010 1193 1076 hominis
1221 1012 1352 1091 virtute,
1405 1013 1487 1079 falso
1521 1013 1701 1097 colligitur,
1741 1014 1866 1095 aliquas
1898 1034 1969 1078 esse
2001 1013 2097 1078 liberi
2134 1016 2262 1081 arbitrii
2295 1019 2383 1086 vires

378 1099 437 1166 sed
465 1099 503 1163 in
530 1120 590 1181 ope
617 1120 654 1164 ac
680 1096 843 1179 praesidio
865 1098 1002 1181 spiritus
1020 1097 1124 1164 suncti
1145 1098 1268 1181 posuit,
1296 1099 1354 1181 qui
1405 1120 1485 1181 quas
1507 1099 1746 1182 contempletur
1763 1107 1796 1163 et
1814 1098 1974 1181 exploret;
1992 1099 2123 1194 quando
2140 1123 2206 1166 non
2224 1102 2261 1166 in
2279 1104 2382 1170 alium

379 1208 461 1270 opus
488 1205 586 1249 suum
618 1190 768 1266 potenter
792 1183 828 1247 in
854 1191 967 1249 nostra
993 1183 1186 1248 infirmitate
1213 1185 1363 1273 peragit.)
1404 1184 1439 1250 id
1460 1188 1561 1250 finem
1582 1186 1660 1250 facit
1681 1206 1780 1267 quam
1800 1190 1839 1248 ut
1860 1183 1902 1248 ad
1923 1185 2218 1268 recognoscendum
2234 1198 2383 1256 nostram

381 1269 578 1353 Quanquam
600 1291 661 1335 nec
682 1269 722 1333 de
744 1269 925 1351 praeceptis
946 1269 1139 1351 simpliciter
1167 1269 1352 1354 intelligen-
1404 1269 1538 1335 οὐδενίαν
1557 1289 1616 1336 nos
1639 1270 1758 1354 adigat
2331 1320 2333 1325 .

379 1358 442 1422 due
463 1362 515 1422 est
535 1355 634 1435 loeus,
656 1355 714 1420 sed
735 1356 841 1438 magis
862 1353 902 1419 de
920 1355 1189 1438 promissionibus
1211 1376 1352 1440 evange-
1494 1362 1541 1420 14.
1586 1357 1745 1440 Pugnant
1768 1355 1869 1420 etiam
1891 1376 1933 1420 ex
1959 1363 2117 1439 perpetua
2145 1357 2300 1439 loquendi
2325 1384 2380 1429 ra·
2492 1350 2494 1359 ¹

374 1443 461 1521 licis,
494 1463 577 1524 quae
606 1441 686 1506 adeo
725 1441 960 1524 comparandae
989 1440 1132 1507 iustitiae
1161 1441 1352 1508 facultatem
1403 1444 1501 1518 tione,
1535 1464 1618 1525 quae
1652 1452 1723 1505 turn
1756 1441 1791 1505 in
1822 1441 2008 1523 scripturis,
2041 1447 2114 1506 turn
2145 1443 2182 1505 in
2209 1444 2381 1512 hominum

375 1529 413 1593 in
442 1526 535 1593 nobis
562 1547 628 1592 non
662 1526 833 1591 stabiliunt
859 1534 898 1590 ut
926 1548 999 1591 eam
1031 1548 1164 1609 prorsus
1192 1535 1349 1594 evertant
1404 1528 1607 1595 sermonibus
1629 1529 1830 1593 observatur.
1873 1525 2045 1610 Siquidem
2067 1527 2153 1592 bona
2174 1549 2273 1612 opera
2294 1554 2380 1596 nun·

376 1612 417 1680 Id
439 1622 596 1696 reputans
607 1611 742 1690 Paulus,
764 1634 832 1677 non
853 1613 913 1677 sub
933 1612 1016 1677 dura
1031 1613 1098 1690 illa,
1118 1612 1221 1677 ardua
1240 1620 1272 1679 et
1289 1615 1351 1677 im-
1403 1620 1566 1697 cupantur
1587 1622 1708 1692 nostra,
1732 1620 1766 1678 et
1787 1611 1872 1695 quod
1895 1623 2046 1678 sanctum
2067 1613 2288 1698 placitumque
2311 1619 2380 1682 Do-

375 1699 522 1784 possibili
555 1697 739 1765 conditione
767 1697 907 1762 sulutem
939 1699 975 1762 in
1004 1697 1172 1782 evangelio
1205 1701 1349 1783 proponi,
1403 1701 1492 1765 mino
1510 1707 1573 1771 est.
1606 1720 1673 1763 non
1700 1699 1809 1764 minus
1836 1699 1943 1763 facere
1969 1720 2069 1781 quam
2102 1710 2236 1782 peccata
2262 1723 2380 1785 perpe-

375 1807 443 1869 qua
463 1784 631 1850 nobiscum
658 1783 712 1848 lex
739 1786 809 1868 agit
837 1782 970 1867 (nempe
989 1791 1029 1848 ut
1049 1783 1197 1865 ipsamii
1220 1785 1351 1850 demum
1403 1794 1491 1851 trare
1513 1785 1661 1850 dicimur.
1713 1782 1811 1864 Quod
1837 1785 1866 1849 si
1892 1791 2024 1865 peccata
2051 1785 2124 1850 iure
2151 1788 2244 1852 nobis
2271 1789 2379 1870 impu-

376 1877 595 1953 assequantur
626 1871 681 1952 qui
715 1869 870 1934 mandata
892 1871 1002 1934 omnia
1029 1868 1263 1952 impleverint),
1293 1870 1351 1937 sed
1402 1880 1532 1950 tantur,
1555 1869 1658 1936 veluti
1680 1870 1812 1935 a'nobis
1833 1871 1989 1952 profecta,
2018 1877 2107 1936 certe
2130 1880 2164 1935 et
2186 1872 2221 1936 in
2243 1873 2379 1940 iustitiis

375 1957 473 2034 facili,
494 1954 656 2039 expedita,
680 1961 713 2019 et
734 1956 873 2038 expositi
895 1975 1052 2033 accessus,
1076 1955 1137 2021 hoe
1165 1957 1350 2021 testimonio
1402 1956 1524 2040 aliquid
1546 1955 1639 2022 nobis
1661 1954 1897 2040 assignandum
1918 1955 2031 2020 eadem
2053 1957 2181 2021 ratione
2203 1958 2274 2022 erit
2310 1959 2378 2024 Ne-

373 2044 554 2111 confirmat.
605 2040 698 2106 Nihil
729 2063 807 2124 ergo
836 2041 898 2106 hoc
924 2042 1148 2106 testimonium
1174 2041 1215 2106 ad
1237 2041 1349 2107 vendi·
1401 2064 1464 2125 que
1487 2042 1576 2107 enim
1598 2050 1855 2108 consentaneum
1883 2042 1969 2106 esset
1985 2042 2113 2120 rationi,
2136 2051 2176 2106 ut
2194 2064 2234 2108 eu
2255 2044 2379 2110 dicere-

373 2127 513 2194 candem
534 2128 678 2192 humano
701 2127 835 2192 arbitrio
856 2127 1049 2193 libertatem.
1400 2128 1477 2192 mu'r
1498 2129 1604 2193 fucere
1627 2126 1745 2211 quibus
1772 2125 1908 2210 agendis
1937 2128 2069 2210 proprie
2091 2137 2182 2192 motu
2203 2129 2376 2210 inhabiles,

464 2217 511 2277 13.
557 2211 726 2279 Obiectari
751 2212 858 2278 solent
883 2220 917 2277 et
945 2213 1001 2278 alii
1022 2213 1156 2297 quidam
1185 2214 1247 2279 loci
1276 2214 1349 2296 qui·
1400 2215 1506 2279 instar
1530 2212 1683 2296 ¹lapidum
1716 2235 1736 2276 a
1762 2213 1834 2278 Deo
1867 2233 2082 2278 moveremur.
2127 2212 2174 2278 Ut
2207 2236 2285 2298 ergo
2312 2217 2378 2282 Dei

282 2294 314 2343 ·'
373 2300 437 2366 bus
474 2298 667 2378 ostenditur,
695 2299 806 2364 Deum
837 2298 1017 2377 interdum,
1057 2299 1190 2365 reducto
1223 2301 1348 2384 gratiae
1400 2302 1526 2384 gratiae
1553 2300 1677 2382 primae
1705 2298 1836 2376 demus,
1864 2307 2010 2363 nostram
2038 2309 2148 2363 tamen
2170 2321 2302 2382 operam
2324 2302 2379 2368 vel

374 2407 453 2453 suae
463 2385 617 2463 subsidio,
639 2384 810 2468 explorare
821 2385 979 2464 homines,
1001 2393 1035 2450 et
1051 2396 1240 2469 exspectare
1251 2407 1347 2468 quor·
1400 2385 1610 2451 secundariae
1631 2392 1744 2448 tenere
1766 2391 1877 2467 partes
1899 2382 1975 2448 illae
1992 2383 2198 2467 loquutionee
2219 2386 2375 2454 indicant

373 2493 449 2538 sum
486 2478 680 2536 convertant
718 2491 779 2535 sua
814 2469 931 2536 studia
992 2468 1143 2552 Qualiter
1175 2485 1226 2537 est
1261 2469 1348 2554 apud
1401 2470 1441 2538 Si
1462 2493 1566 2536 unum
1592 2470 1675 2535 illud
1701 2477 1886 2553 urgeretur,
1915 2467 2000 2534 bona
2026 2490 2125 2552 opera
2151 2478 2264 2536 nostra
2291 2494 2377 2538 nun·

374 2554 656 2642 Oseam(5,15):
690 2555 809 2640 vadam
837 2555 880 2621 ad
901 2556 1009 2622 locum
1030 2579 1143 2621 meum
1164 2556 1266 2623 donee
1289 2577 1347 2640 po·
1400 2558 1528 2641 cupari,
1563 2577 1623 2640 ego
1654 2556 1797 2622 vicissim
1824 2554 2012 2634 obiicerem,
2045 2576 2165 2638 panem
2191 2559 2378 2640 nuncupari

371 2651 457 2708 nant
472 2643 510 2706 in
527 2641 622 2707 corde
640 2663 707 2721 suo,
730 2649 763 2706 et
783 2650 942 2724 quaerant
962 2642 1079 2708 faciem
1100 2663 1218 2708 meana
1253 2642 1347 2708 Ridi-
1400 2651 1551 2709 nostrum
1583 2663 1680 2724 quem
1707 2642 1801 2707 nobis
1830 2640 1902 2706 dari
1930 2662 1950 2705 a
1975 2641 2048 2706 Deo
2069 2643 2241 2724 poscimus.
2286 2642 2378 2724 Quid

371 2728 495 2804 culum,
527 2729 627 2805 aiunt,
651 2735 730 2807 erat,
759 2728 787 2792 si
810 2727 1030 2793 consideraret
1049 2727 1214 2794 Dominus
1235 2749 1276 2793 an
1297 2729 1348 2796 Is·
1400 2750 1442 2794 ex
1463 2728 1677 2811 possessionis
1699 2727 1794 2792 titulo
1821 2727 2017 2809 percipient,
2040 2748 2140 2809 quarn
2168 2729 2234 2793 Dei
2263 2729 2378 2814 benig-

372 2813 443 2879 rael
470 2814 587 2878 faeiem
615 2835 709 2879 suam
736 2813 942 2896 quaesiturus
964 2821 1063 2893 esset,
1091 2813 1156 2878 nisi
1187 2814 1347 2880 flexibiles
1400 2816 1504 2880 nitate
1527 2836 1564 2878 ac
1593 2814 1737 2896 gratuito
1764 2834 1902 2877 munere
1925 2821 2076 2881 nostrum
2096 2815 2178 2892 fieri,
2200 2814 2288 2897 quod
2314 2817 2377 2880 mi-

373 2900 512 2965 fuissent
533 2899 643 2977 animi,
676 2900 732 2982 qui
754 2899 878 2966 utrovis
900 2907 1014 2983 suopte
1035 2900 1166 2984 ingenio
1188 2901 1348 2967 inclinare
1399 2901 1489 2966 nime
1511 2900 1592 2965 elias
1610 2898 1703 2963 nobis
1721 2896 1878 2963 debetur?
1901 2898 1992 2980 Ergo
2014 2906 2073 2963 aut
2094 2899 2232 2965 eandem
2248 2902 2285 2964 in
2303 2922 2376 2967 ora-

373 2992 514 3069 possent
560 2983 665 3065 Quasi
687 3006 764 3050 vero
784 2983 873 3049 istud
895 3006 962 3050 non
982 2984 1027 3050 sit
1043 2985 1078 3050 in
1095 2985 1263 3069 prophetis
1281 2987 1347 3052 usi-
1400 2988 1489 3052 tione
1516 2984 1679 3050 dominica
1710 2983 1841 3048 rideant
1872 2983 2123 3063 absurditatem;
2156 2993 2214 3049 aut
2245 3008 2288 3050 ne
2316 3008 2377 3071 pro

373 3070 580 3151 tutissimum,
603 3071 675 3136 Deo
697 3069 838 3154 speciem
861 3092 898 3136 as
921 3071 1068 3153 ornantis
1089 3093 1127 3138 ae
1148 3071 1348 3153 proficientis
1400 3072 1536 3138 ridiculo
1564 3071 1708 3136 habeant
1735 3068 1821 3152 quod
1845 3076 1957 3134 nostra
1978 3078 2138 3134 vocantur
2159 3069 2245 3135 bona
2267 3093 2375 3154 opera,

373 3157 530 3241 populum
567 3177 647 3241 prae
680 3178 715 3221 se
745 3157 846 3236 ferre,
908 3178 988 3223 onec
1020 3157 1124 3223 vitam
1162 3156 1199 3222 in
1231 3158 1348 3224 melius
1399 3157 1572 3241 inquibus
1591 3156 1676 3221 nibil
1698 3155 1856 3221 habemus
1877 3154 2048 3238 proprium
2075 3156 2203 3220 nisiex
2222 3157 2287 3221 Dei
2309 3157 2376 3223 lar-

374 3241 563 3309 emendarit
609 3239 677 3308 Sed
698 3239 776 3325 quid
802 3242 935 3307 tandem
964 3264 1004 3308 ex
1031 3243 1151 3309 talibus
1172 3243 1270 3309 minis
1291 3242 1349 3307 ad·
1400 3245 1511 3328 gitate.
1545 3243 1649 3326 Atqui
1666 3240 1754 3307 istud
1772 3241 1939 3324 aliquanto
1961 3242 2012 3304 est
2031 3239 2182 3319 validius,
2205 3240 2291 3323 quod
2313 3263 2375 3308 nos
2440 3283 2445 3293 ·

376 3328 509 3395 versarii
529 3325 680 3394 elicient?
723 3325 913 3406 siverunt,
940 3328 1099 3413 populum
1120 3350 1141 3393 a
1161 3329 1233 3394 Deo
1255 3328 1348 3395 dere-
1399 3331 1489 3414 ipsos
1511 3329 1622 3394 Deum
1644 3328 1758 3407 colere,
1782 3347 1915 3393 servare
1943 3326 2116 3405 iustitiam,
2144 3325 2275 3392 obedire
2296 3327 2373 3412 legi,

374 3413 488 3481 lictum
508 3415 753 3480 conversionem
773 3435 793 3478 a
814 3435 849 3480 se
870 3414 941 3498 ipso
968 3435 1063 3497 posse
1084 3414 1252 3494 meditari,
1279 3422 1348 3480 tota
1399 3417 1493 3481 bonis
1530 3415 1681 3498 operibus
1715 3411 1847 3479 studere
1886 3411 2050 3495 scriptura
2086 3434 2183 3495 saepe
2221 3413 2373 3480 affirmat.

373 3500 535 3582 scriptura
552 3499 751 3567 reclamante
779 3497 814 3563 id
834 3498 969 3581 facient;
996 3499 1025 3565 si
1045 3501 1262 3567 necessariam
1283 3501 1348 3566 Dei
1399 3502 1492 3567 Haec
1513 3522 1615 3583 quum
1643 3501 1711 3566 sint
1735 3500 1866 3583 propria
1892 3499 2012 3564 mentis
2040 3506 2074 3562 et
2101 3498 2281 3564 voluntatis
2302 3500 2374 3566 offi-

434 3586 514 3650 tium
540 3585 582 3651 ad
609 3585 853 3652 conversionem
880 3586 1039 3665 fatentur,
1072 3585 1150 3668 quid
1178 3586 1348 3652 nobiscum
1400 3588 1467 3666 cia,
1502 3585 1662 3670 quomodo
1689 3585 1879 3652 conveniret
1905 3584 1947 3649 ad
1970 3584 2123 3666 spiritum
2144 3584 2225 3650 haec
2247 3585 2374 3665 referri,

388 3670 526 3755 tigerit?
548 3672 597 3736 At
617 3670 835 3737 necessariam
854 3670 902 3737 ita
923 3671 1105 3738 concedunt
1121 3679 1159 3736 ut
1175 3693 1269 3739 suam
1288 3673 1347 3738 ho-
1399 3681 1433 3738 et
1454 3673 1552 3739 simul
1573 3672 1668 3738 nobis
1689 3671 1799 3750 tribui,
1822 3671 1886 3735 nisi
1906 3668 2066 3752 quaedam
2088 3677 2174 3735 esset
2194 3670 2295 3736 studii
2316 3693 2375 3737 no-

373 3757 455 3821 mini
475 3756 579 3822 velint
598 3763 764 3823 servatam
784 3756 981 3823 facultatem
1011 3756 1108 3824 Unde
1129 3757 1164 3823 id
1185 3756 1345 3841 probant?
1400 3760 1459 3825 stri
1488 3781 1565 3825 cum
1591 3757 1704 3823 divina
1730 3757 1852 3822 virtute
1881 3755 2153 3822 communicatio?
2197 3756 2262 3823 His
2283 3758 2375 3824 tricis

372 3849 461 3909 certe
488 3864 555 3907 non
575 3864 618 3907 ex
638 3842 709 3908 loco
730 3842 801 3922 illo,
828 3864 935 3926 neque
959 3843 1129 3911 similibus.
1173 3844 1275 3909 Aliud
1297 3852 1348 3910 est
1399 3844 1490 3910 nullo
1512 3845 1621 3910 labore
1647 3863 1710 3908 nos
1731 3841 1954 3920 exsolvemus,
1981 3841 2011 3907 si
2038 3843 2101 3907 rite
2122 3841 2256 3908 modum
2278 3864 2376 3926 repu-

373 3928 463 3993 enim
491 3925 641 3995 secedere
672 3928 713 3994 ab
742 3928 890 4007 homine,
924 3937 957 3994 et
990 3930 1151 4012 respicere
1180 3930 1257 4013 quid
1285 3929 1348 3995 sibi
1399 3941 1506 3996 ternus
1528 3951 1591 4013 quo
1612 3931 1649 3994 in
1670 3929 1792 3994 sanctis
1810 3928 1879 4010 agit
1905 3926 2041 4009 spiritus
2063 3926 2207 3994 Domini.
2251 3929 2376 3994 Extra·

371 4013 550 4097 permissus
582 4013 779 4097 relictusque
814 4021 904 4099 agat;
938 4014 1042 4094 aliud,
1071 4017 1158 4081 vires
1191 4017 1260 4082 eius
1287 4016 1347 4081 ali·
1399 4038 1463 4083 nea
1488 4024 1539 4081 est
1564 4014 1621 4080 illa
1648 4012 1825 4080 similitudo
1853 4034 1918 4096 qua
1949 4034 2009 4078 nos
2035 4012 2196 4080 invidiose
2223 4022 2374 4097 gravant

371 4100 547 4184 quantulas
575 4121 634 4183 pro
661 4098 757 4164 modo
784 4099 1016 4166 imbecillitatis
1046 4101 1210 4167 adiuvare.
1257 4099 1347 4183 Quid
1399 4101 1484 4183 Quis
1505 4101 1593 4166 enim
1615 4101 1664 4165 ita
1684 4098 1804 4183 desipit
1826 4105 1863 4164 ut
1884 4099 2027 4164 hominis
2045 4099 2223 4165 motionem
2245 4122 2265 4165 a
2286 4102 2375 4167 iactu

372 4205 466 4270 ergo,
506 4185 592 4252 dicet
629 4186 806 4268 quispiam,
844 4187 1014 4251 insinuant
1045 4187 1127 4250 istae
1165 4185 1345 4253 formulae?
1398 4187 1517 4269 lapidis
1544 4186 1629 4250 nihil
1652 4186 1784 4251 differre
1811 4182 1980 4251 autumet?
2035 4185 2150 4269 Neque
2177 4205 2255 4252 vero
2281 4184 2375 4269 quid·

371 4270 575 4354 Respondeo,
594 4270 731 4355 perinde
748 4271 859 4336 ualere
877 4293 915 4336 ac
933 4272 961 4337 si
977 4272 1025 4336 ita
1041 4271 1228 4354 loqueretur
1237 4272 1345 4338 Deus:
1399 4295 1498 4356 quam
1530 4272 1636 4337 simile
1668 4271 1877 4354 consequitur
1910 4292 1952 4336 ex
1984 4281 2097 4336 nostra
2130 4271 2286 4335 doctrina
2331 4269 2371 4333 In

370 4357 632 4441 quandoquidem
656 4356 832 4435 monendo,
856 4356 1028 4434 hortando,
1047 4356 1245 4441 increpando
1262 4358 1347 4423 nihil
1399 4357 1566 4425 naturales
1593 4357 1737 4423 heminis
1769 4356 1942 4424 facultates
1969 4358 2154 4433 referimus,
2183 4354 2371 4438 approbare,

371 4444 459 4527 apud
476 4450 700 4509 contumacem
726 4443 814 4508 hune
835 4441 993 4526 populum
1013 4442 1195 4525 proficitur,
1224 4441 1346 4508 subdu·
1399 4465 1562 4528 respuere,
1584 4443 1678 4520 velle,
1701 4442 1796 4522 nolle,
1820 4443 1908 4522 eniti,
1932 4443 2098 4521 resistere;
2126 4460 2233 4519 nempe
2255 4459 2372 4520 appro-

371 4550 444 4596 cam
465 4550 519 4594 me
544 4530 728 4613 paulisper,
757 4536 888 4593 etcum
914 4529 1064 4594 afflictari
1086 4529 1207 4594 tacitus
1229 4528 1344 4595 sinam.
1399 4532 1477 4597 bare
1498 4530 1688 4609 vanitatem,
1706 4550 1861 4611 respuere
1883 4528 2023 4594 solidum
2044 4528 2174 4600 bonum,
2197 4523 2282 4589 velle
2302 4545 2372 4589 ma·

371 4614 499 4680 Videbo
526 4637 569 4682 an
597 4613 772 4699 aliquando
800 4636 876 4681 eum
897 4622 971 4698 post
997 4614 1113 4698 longas
1143 4614 1346 4681 calamitates
1398 4617 1476 4695 lum,
1500 4615 1586 4680 nolle
1606 4616 1746 4693 bonum,
1769 4615 1849 4679 eniti
1871 4614 1912 4678 ud
1934 4613 2125 4696 nequitiam,
2148 4608 2300 4675 resistere
2320 4611 2373 4675 iu·

370 4702 480 4785 capiat
511 4701 578 4766 mei
609 4699 805 4781 recordatio,
842 4708 881 4766 ut
912 4708 1049 4783 quaerat
1080 4700 1197 4766 faeiem
1228 4722 1344 4766 meam.
1398 4703 1516 4769 stitiae.
1562 4700 1652 4782 Quid
1674 4700 1727 4765 hic
1749 4701 1818 4784 agit
1837 4697 2020 4763 Dominus?
2055 4695 2093 4760 Si
2115 4694 2274 4760 eimmodi
2296 4718 2373 4780 pra·

370 4786 557 4853 Abscedere
579 4793 689 4852 autem
712 4787 893 4852 Dominum
919 4785 1046 4870 procul,
1075 4787 1183 4871 signat
1205 4787 1347 4869 prophe·
1397 4788 1500 4853 vitate
1522 4788 1572 4852 uti
1593 4787 1666 4851 vult
1686 4794 1842 4868 tanquam
1863 4785 1932 4848 irae
1949 4803 2026 4848 suae
2042 4781 2270 4861 instrumento,
2293 4782 2373 4847 diri-

370 4873 452 4938 tium
473 4873 675 4939 submovere.
719 4870 891 4955 Speculari
917 4872 1033 4956 ecquid
1055 4873 1173 4939 facturi
1199 4872 1271 4955 sint
1287 4873 1346 4937 ho-
1423 4875 1447 4938 't
1469 4895 1507 4938 ac
1528 4872 1669 4938 destinat
1691 4893 1755 4955 quo
1772 4870 1912 4944 libuerit,
1936 4875 1973 4930 ut
1989 4887 2048 4948 per
2065 4867 2215 4931 vitiosam
2237 4889 2374 4934 manum

369 4959 486 5036 mines,
507 4959 671 5042 significat
693 4961 830 5027 taciturn
857 4968 891 5025 et
912 4959 1006 5042 quasi
1028 4980 1063 5024 se
1086 4959 1347 5026 dissimulantem
1440 4981 1520 5024 num
1552 4980 1649 5023 suum
1681 4979 1763 5040 opus
1799 4959 2004 5036 exsequatur.
2055 4950 2238 5018 Scelestum
2270 4955 2374 5038 igitur

371 5044 603 5111 afflictionibus
621 5046 719 5110 variis
737 5066 792 5110 eos
811 5044 853 5110 ad
869 5052 999 5128 tempus
1017 5067 1177 5112 exercere.
1209 5045 1347 5112 Utrum-
1399 5045 1574 5123 hominem,
1597 5045 1653 5128 qui
1674 5044 1738 5108 Dei
1760 5039 1922 5124 potentiae
1944 5037 1991 5103 sic
2013 5039 2122 5117 servit,
2145 5037 2225 5103 dum
2246 5040 2375 5105 libidini

372 5151 439 5214 que
460 5132 538 5198 facit
558 5151 623 5214 quo
640 5151 699 5196 nos
716 5132 821 5280 rumpis
842 5131 1000 5196 humiliet
1034 5131 1141 5198 Citius
1163 5131 1253 5197 enim
1270 5153 1346 5198 eon·
1398 5138 1527 5197 tantum
1549 5152 1627 5202 suae
1648 5128 1782 5211 obsequi
1809 5123 1934 5202 studet,
1965 5145 2008 5189 an
2030 5146 2105 5191 eum
2126 5146 2206 5190 saro
2227 5127 2374 5191 eonfere-

782 5239 802 5280 v

372 5216 588 5282 tunderemur
605 5237 715 5280 rerum
803 5237 953 5281 arsurum
971 5218 1109 5300 flagellis
1126 5240 1226 5302 quam
1247 5218 1347 5283 uerri·
1397 5239 1482 5296 mus,
1506 5216 1592 5300 quod
1615 5216 1719 5280 alieno
1748 5213 1872 5295 impetu
1894 5209 2074 5309 vibratum,
2097 5233 2158 5276 nec
2180 5218 2285 5290 motu,
2312 5231 2373 5275 nec

370 5323 540 5387 geremur,
572 5302 638 5367 nisi
663 5301 781 5384 spiritu
806 5322 864 5366 suo
891 5321 951 5365 nos
979 5300 1021 5366 ad
1048 5323 1121 5368 eam
1148 5303 1347 5368 docilitatem
1398 5324 1506 5380 sensu,
1529 5324 1590 5368 nec
1607 5300 1777 5365 voluntate
1795 5317 1929 5380 propria
1944 5296 2069 5363 fertur?
2093 5295 2253 5362 Videmus
2270 5316 2374 5393 quan-

369 5395 588 5472 oomponeret
638 5388 742 5453 Porro
776 5385 833 5451 ubi
853 5386 1026 5464 Dominus,
1063 5389 1204 5454 infracta
1233 5396 1347 5454 nostra
1397 5395 1469 5451 turn
1491 5389 1534 5453 sit
1555 5384 1760 5451 discriminis.
1805 5381 1894 5463 Quid
1914 5403 1991 5448 vero
2012 5383 2048 5448 in
2067 5383 2169 5460 bonis,
2193 5380 2234 5445 de
2256 5379 2374 5462 qmbus

368 5475 555 5558 pervicacia
580 5475 725 5539 offensus
750 5479 784 5535 et
805 5478 962 5553 tanquam
983 5471 1153 5555 fatigatus,
1182 5494 1242 5538 nos
1265 5495 1346 5557 pau·
1398 5474 1572 5555 praecipua
1600 5478 1651 5534 est
1672 5466 1842 5552 quaestio?
1885 5469 1953 5535 Ubi
1974 5489 2113 5553 regnum
2135 5465 2254 5531 inillis
2276 5485 2374 5529 suum

269 5548 275 5559 ⁸
369 5557 474 5644 lisper
500 5561 620 5626 omittit
648 5559 810 5644 (submoto
838 5556 963 5623 scilieet
989 5558 1088 5620 verbo
1116 5579 1189 5634 suo,
1218 5559 1255 5621 in
1283 5578 1346 5640 quo
1398 5558 1503 5640 erigit,
1522 5555 1733 5633 voluntatem,
1752 5576 1793 5621 ne
1811 5556 1904 5640 vagis
1921 5552 2109 5620 hbrdrmbus
2127 5573 2258 5617 sursum
2279 5550 2373 5616 deor·

369 5648 593 5730 praesentiem
613 5644 777 5729 quandem
797 5645 849 5711 sui
870 5640 1025 5708 exhibere
1045 5641 1142 5725 solet)
1165 5654 1199 5706 et
1219 5643 1347 5725 experi-
1397 5664 1472 5706 sum
1498 5647 1647 5721 raptetur
1680 5661 1740 5723 pro
1765 5652 1902 5708 naturae
1929 5638 2153 5714 inclinatione,
2190 5658 2250 5722 per
2277 5636 2373 5722 spiri·

477 5746 591 5804 talem
609 5765 701 5819 opere.
739 5747 797 5804 Vol.
812 5745 856 5801 11.
2137 5740 2171 5794 16
