5600 6809
397 752 454 811 111
650 743 658 761 '
1051 739 1766 809 InsnannloltsL.chss.1sss.
1938 715 1940 719 ’
2344 747 2405 808 112

394 957 464 1000 cum
491 935 558 1015 filio
587 954 655 998 eam
683 933 961 996 communicaverit.
1007 931 1075 994 Hoc
1101 950 1171 994 aere
1192 950 1255 994 nmn
1270 931 1375 1010 potuit
1426 949 1490 1008 aaa
1511 929 1691 993 exinanitus
1717 929 1835 1010 fumat,
1853 935 1882 993 et
1906 932 2013 995 carnis
2038 936 2174 1012 respectu
2200 951 2288 996 omne
2311 933 2406 1015 impe

394 1042 458 1086 esse
480 1042 517 1085 ea
539 1024 647 1102 parte:
674 1020 752 1100 ania
779 1018 950 1082 dimidium
973 1016 1129 1097 larnano
1157 1014 1262 1078 Deum
1284 1016 1374 1096 nefas
1426 1017 1513 1078 rium
1534 1015 1585 1078 illi
1617 1015 1727 1078 datum
1756 1034 1821 1078 esse
1849 1016 1884 1078 in
1913 1016 1990 1080 cocle
2007 1021 2035 1080 et
2055 1018 2090 1080 in
2112 1023 2213 1081 terra:
2247 1020 2324 1098 quia
2345 1019 2405 1084 etsi

394 1112 478 1172 esset.
523 1106 615 1170 Adde
643 1105 724 1184 quod
751 1105 805 1167 hoc
831 1103 919 1166 nmdo
939 1102 1025 1183 foede
1054 1102 1221 1165 lacerarent
1243 1099 1308 1164 Dei
1330 1121 1374 1166 es-
1427 1100 1601 1163 extenditur
1622 1100 1706 1182 repis
1722 1105 1751 1163 et
1769 1100 1885 1165 iudicis
1906 1103 2054 1166 maiestas
2081 1103 2124 1166 ad
2144 1107 2239 1166 tetam
2258 1105 2404 1169 mediato-

394 1194 534 1258 sentiam.
581 1191 690 1254 Restat
717 1195 751 1252 ut
778 1193 841 1254 tota
862 1193 889 1251 et
916 1190 950 1250 in
978 1187 1113 1251 solidum
1135 1187 1242 1267 patris
1263 1191 1291 1249 et
1309 1186 1373 1266 atti·
1426 1185 1474 1250 ris
1490 1205 1672 1267 personam,
1701 1185 1766 1250 uisi
1793 1189 1894 1250 tamen
1923 1187 2012 1251 Deus
2032 1188 2250 1268 manifestatus
2271 1194 2347 1254 esset
2368 1191 2405 1254 iu

394 1281 436 1344 sit
457 1278 635 1343 communis.
661 1275 749 1357 Quod
769 1277 800 1338 si
820 1295 927 1338 oerum
949 1274 1084 1349 estium
1105 1293 1181 1336 sane
1202 1273 1304 1352 quoad
1326 1273 1373 1350 ip-
1426 1291 1532 1348 carne,
1555 1290 1616 1334 nen
1639 1271 1742 1351 potuit
1770 1272 1806 1334 in
1828 1275 1945 1335 tantam
1971 1272 2167 1337 altitudinem
2194 1275 2299 1338 antedi
2325 1276 2404 1356 euin

393 1386 464 1430 sem
485 1365 574 1428 nulla
600 1364 659 1426 erit
684 1361 815 1426 atterius
841 1359 880 1423 ab
909 1358 1003 1422 altero
1029 1358 1180 1422 discretio.
1228 1357 1266 1420 Si
1294 1359 1373 1420 esci
1426 1357 1515 1421 Dens
1536 1376 1638 1419 secum
1660 1357 1727 1437 ipse
1741 1363 1905 1439 pupneret.
1950 1359 2054 1438 Alam
2070 1357 2151 1422 hanc
2167 1361 2405 1425 controuersiam

390 1452 491 1533 piaret,
508 1455 634 1531 patrem
656 1446 847 1511 assentiendo
868 1464 992 1507 manere
1014 1443 1219 1508 nihilominus
1245 1445 1373 1507 anunm
1426 1444 1537 1526 optime
1571 1441 1694 1505 Paulus
1726 1443 1806 1507 tollit
1839 1442 1940 1526 (Phil.
1961 1447 1990 1520 2,
2011 1449 2039 1507 6.
2060 1442 2111 1523 7),
2144 1445 2306 1526 aequalem
2334 1445 2404 1529 Deo

394 1536 508 1609 Deam,
527 1555 622 1616 penes
643 1553 732 1613 qicem
753 1533 794 1595 sit
816 1530 963 1594 essentia:
994 1528 1137 1593 Christus
1164 1549 1235 1611 erpa
1254 1529 1373 1611 fipura-
1423 1528 1524 1609 fuisse
1543 1528 1660 1604 docem,
1683 1533 1847 1608 antennam
1868 1549 1901 1592 se
1921 1530 2094 1594 exinaniret
2114 1530 2171 1594 sith
2190 1529 2295 1610 sernia
2311 1532 2403 1595 semi.

396 1624 479 1686 tious
500 1622 559 1684 erit
580 1619 677 1696 Dens,
701 1638 737 1680 ac
758 1616 859 1696 specie
879 1611 1001 1679 tanetum
1018 1613 1066 1678 ecl
1088 1616 1227 1692 nemim,
1255 1633 1373 1678 neure
1429 1612 1530 1677 Porro
1569 1612 1744 1698 aequalitas
1780 1615 1843 1677 ista
1880 1616 2025 1694 quomode
2051 1621 2161 1693 staret,
2193 1617 2258 1680 nisi
2289 1615 2405 1697 fuisset

396 1710 483 1789 ipsa;
516 1707 593 1786 quia
627 1703 694 1767 Dee
722 1701 803 1765 nihil
835 1701 939 1782 mapis
967 1701 1139 1780 proprium
1171 1719 1267 1779 quam
1298 1719 1371 1778 esse,
1425 1698 1516 1763 Dens
1535 1699 1590 1762 ille
1611 1700 1701 1762 cuius
1722 1719 1832 1762 nemen
1848 1704 1893 1764 est
1921 1698 1963 1764 Ie
1984 1706 2012 1765 et
2034 1701 2181 1779 Iehoeah,
2209 1703 2264 1781 qui
2285 1704 2405 1784 mutat

396 1795 487 1858 inata
508 1783 604 1871 illud:
626 1790 680 1870 qai
702 1793 753 1865 est,
776 1787 864 1849 misit
886 1806 933 1849 me
953 1787 996 1850 ad
1018 1805 1070 1849 eos
1092 1784 1211 1863 (Exod.
1233 1789 1261 1861 3,
1284 1784 1347 1868 14).
1425 1803 1519 1866 snper
1543 1783 1715 1861 Cherubim,
1734 1785 1790 1864 qui
1810 1804 1866 1849 rea
1886 1790 1931 1850 est
1951 1788 2045 1851 totius
2066 1793 2180 1866 terrae,
2210 1791 2315 1851 elren
2336 1809 2404 1873 sae-

483 1882 532 1940 24.
579 1873 713 1938 Falsum
740 1873 865 1953 onmem
892 1891 958 1935 esse
980 1871 1061 1950 quod
1082 1876 1222 1948 summit,
1257 1873 1373 1950 quoties
1425 1869 1586 1933 eunom?
1632 1868 1706 1933 Iam
1727 1875 1879 1950 uanaque
1905 1872 2091 1954 obstrepant,
2118 1893 2180 1938 non
2202 1878 2302 1955 potest
2322 1873 2421 1955 eripi»

396 1960 584 2041 ahsolutehl
606 1959 670 2023 Dei
695 1958 809 2022 mentio
831 1957 1060 2035 inscriptura,
1083 1975 1145 2020 uon
1166 1957 1231 2020 nisi
1246 1961 1372 2035 patrem
1428 1954 1551 2019 Christo
1572 1955 1654 2035 qued
1683 1955 1760 2018 alili
1786 1955 1861 2019 dicit
1889 1957 2019 2023 Iesaies
2040 1959 2106 2044 (25,
2126 1958 2177 2043 9):
2208 1958 2266 2035 hic,
2288 1959 2339 2023 hic
2359 1964 2405 2024 cst

397 2049 530 2131 intellipi
551 2067 590 2110 ea
612 2046 719 2109 multis
740 2044 816 2107 locis
844 2040 982 2123 refellere
997 2048 1179 2121 promptum
1198 2047 1256 2121 est,·
1288 2047 1315 2104 et
1337 2042 1372 2104 in
1425 2040 1635 2118 Deusnoster,
1658 2043 1995 2122 caspeetacimuseum5
2016 2045 2140 2124 qnando
2161 2045 2212 2110 his
2232 2045 2334 2110 verbis
2347 2046 2404 2109 ad·

397 2136 465 2199 illis
487 2134 576 2213 ipsis,
605 2151 681 2212 quos
696 2150 760 2211 pro
777 2150 810 2192 se
834 2128 946 2205 edant,
968 2128 1101 2208 turpiter
1122 2128 1263 2207 produnt
1282 2147 1374 2190 suam
1425 2132 1545 2191 eentum
1557 2126 1621 2190 Dei
1636 2127 1837 2207 redemptoris
1853 2129 1998 2193 describit
2008 2132 2064 2212 qui
2072 2150 2132 2194 non
2142 2131 2230 2194 mede
2242 2131 2404 2196 meantia

397 2219 639 2302 incopitantiam,
661 2217 739 2298 quia
759 2214 825 2278 illic
843 2211 907 2293 dlii
928 2233 1037 2276 noneen
1057 2214 1235 2292 apponitur.
1287 2212 1373 2277 Unde
1424 2213 1599 2292 babylonico
1622 2212 1774 2292 populum
1798 2215 1966 2292 reduceret,
1994 2217 2049 2280 sed
2069 2217 2229 2281 ecclesiam
2245 2217 2337 2298 plene
2357 2237 2405 2280 re·

396 2310 528 2386 apparet
553 2303 681 2367 relatiee
710 2301 811 2380 accipi
839 2297 903 2361 Dei
920 2318 1045 2375 muneri,
1072 2299 1197 2378 ideoqm
1224 2298 1373 2379 restrinpi
1425 2299 1559 2361 stitueret
1580 2299 1721 2361 munibus
1742 2301 1896 2363 numeris.¹
1934 2300 2040 2366 Altero
2064 2304 2158 2366 etiam
2184 2302 2295 2366 conith
2321 2301 2406 2369 nihil

397 2393 440 2456 ad
467 2391 575 2470 patris
600 2408 786 2467 persenam,
823 2404 860 2449 aa
891 2404 998 2448 eorum
1030 2384 1153 2447 obiectio
1189 2404 1250 2447 une
1283 2384 1373 2446 ambo
1419 2383 1597 2464 preficiunt,
1622 2382 1783 2447 Christum
1804 2386 2020 2465 fuisseDcum
2041 2389 2076 2453 in
2092 2394 2185 2469 patre
2206 2408 2271 2452 suo.
2318 2387 2407 2452 Nam

398 2477 541 2543 diluitur
572 2473 665 2537 xNisi
678 2472 770 2536 sotus
781 2475 883 2551 pater,
901 2470 1055 2550 inquiunt,
1074 2488 1165 2532 aemes
1182 2475 1258 2534 esset
1275 2468 1372 2545 Deus,
1425 2471 1482 2533 etsi
1499 2469 1637 2550 fatemur
1660 2471 1779 2533 ratione
1800 2471 1922 2535 ordinis
1946 2478 1974 2536 et
1999 2473 2120 2554 medus
2137 2474 2335 2556 principium
2355 2473 2407 2538 di·

398 2583 476 2626 suus
509 2563 576 2641 ipse
604 2564 698 2638 pater
730 2562 813 2622 esset.
870 2554 977 2636 Neque
1009 2556 1091 2618 enim
1123 2555 1294 2618 absurdam
1320 2558 1371 2631 est,
1425 2556 1567 2619 eludatis
1588 2576 1653 2619 esse
1673 2557 1709 2617 in
1724 2561 1833 2635 patre,
1863 2557 2036 2622 detestabile
2057 2564 2161 2624 tamen
2182 2580 2247 2624 esse
2268 2560 2406 2624 dicimus

392 2652 521 2729 propter
541 2646 677 2728 pradum
698 2649 725 2707 et
752 2643 893 2707 ordinem
914 2640 1019 2705 Deum
1040 2640 1246 2720 peculiariter
1268 2640 1387 2704 cocart
1425 2645 1625 2705 commentum
1653 2641 1751 2717 illud,
1785 2641 1882 2706 sellus
1910 2645 2018 2722 patris
2044 2646 2210 2718 essentiam
2244 2665 2309 2710 esse
2331 2665 2407 2726 pro-

398 2734 453 2813 qui
485 2753 547 2795 aon
579 2731 677 2795 solnm
707 2730 814 2811 penult
841 2747 878 2792 ea
906 2746 939 2791 se
965 2746 1057 2790 mam
1082 2727 1286 2804 sapientiam,
1319 2725 1374 2789 sed
1419 2727 1540 2809 priam
1563 2727 1656 2807 quasi
1675 2726 1738 2806 filii
1767 2726 1925 2807 deifimtor
1944 2735 2037 2794 esset:
2059 2732 2136 2812 quia
2163 2730 2217 2796 hec
2243 2732 2333 2796 nano
2357 2732 2409 2798 ael

399 2818 489 2882 Deris
510 2819 602 2880 etiam
623 2821 667 2880 est
685 2814 876 2888 mediatoris,
898 2813 992 2876 sicuti
1003 2810 1207 2890 plenias‘sue
1225 2811 1287 2874 leco
1308 2810 1374 2875 dis·
1426 2812 1589 2893 multiplea
1606 2817 1682 2876 esset
1709 2814 1858 2890 essentia,
1887 2814 1936 2879 eel
1964 2816 2051 2879 titulo
2072 2822 2099 2879 et
2120 2817 2342 2900 imapiuatione
2364 2823 2408 2882 te-

300 2932 304 2944 =
399 2924 510 2969 seram.
557 2901 643 2965 Nem
664 2921 702 2964 ea
724 2919 783 2981 quo
804 2898 1024 2978 manifestatus
1045 2902 1090 2960 est
1110 2897 1146 2961 itt
1167 2917 1260 2960 carne
1284 2896 1374 2961 Chri-
1426 2919 1488 2963 nus
1516 2896 1675 2963 Christum
1701 2898 1861 2979 appellant
1889 2899 2002 2964 Deum.
2049 2901 2087 2965 Si
2112 2903 2276 2966 concedant
2301 2902 2409 2982 filium

398 2996 479 3066 stus,
510 2987 600 3068 filins
627 2986 691 3050 Dei
717 2989 854 3062 cecatur,
887 3003 948 3047 non
975 2987 1096 3046 tantum
1123 2987 1274 3062 quatenns
1304 2987 1373 3047 ante
1426 3004 1490 3049 esse
1511 2984 1624 3061 Deum,
1646 2983 1701 3047 sed
1721 2985 1889 3048 secuudum
1910 2992 2047 3067 epatre,
2072 2988 2138 3051 iam
2159 2989 2193 3051 in
2214 2989 2429 3071 ipsepenitw

398 3073 522 3140 saecula
541 3074 663 3155 penitas
684 3091 722 3134 ea
737 3075 832 3149 patre
851 3070 916 3150 fuit
937 3074 1080 3133 adernus
1100 3087 1209 3147 sermo,
1232 3070 1374 3150 sedquia
1426 3070 1611 3151 etsarmata
1636 3071 1694 3133 erit
1716 3071 1861 3148 essentia,
1890 3092 1970 3151 quae
1990 3078 2035 3137 est
2057 3075 2091 3136 in
2102 3079 2196 3154 patre
2217 3075 2356 3156 inponite
2379 3080 2414 3140 et

397 3161 579 3225 mediatoris
593 3158 736 3237 suscepit
752 3175 922 3236 persenam
949 3160 977 3218 et
1002 3173 1132 3230 munus,
1164 3159 1199 3217 ut
1221 3153 1290 3218 Dee
1317 3173 1373 3217 nos
1427 3156 1581 3237 inferrnis.
1627 3154 1697 3221 Scio
1723 3155 1831 3220 multis
1858 3157 1982 3221 nasutis
2009 3158 2144 3224 ludibrio
2168 3180 2233 3224 esse
2261 3161 2343 3240 quod
2370 3181 2411 3225 aa

398 3247 598 3327 ceniunperet.
643 3242 688 3306 Et
714 3243 862 3322 quoniam
890 3240 994 3320 filimn
1021 3261 1041 3302 a
1069 3238 1134 3302 Dei
1164 3241 1277 3304 honere
1310 3244 1374 3303 tam
1426 3242 1527 3306 ambis
1554 3239 1657 3305 Masis
1679 3261 1889 3322 personarum
1914 3244 2141 3309 distinctionem
2167 3244 2324 3324 elicimus,
2352 3246 2411 3312 uhi

397 3333 546 3397 audacter
585 3330 765 3405 excludunt,
805 3328 885 3391 scire
917 3325 1024 3389 aelim:
1062 3345 1158 3406 qaum
1189 3326 1375 3407 pronuntiat
1427 3328 1532 3392 Deum
1562 3327 1609 3392 sic
1636 3327 1804 3408 loquentem
1831 3327 1951 3392 inducit
1977 3329 2075 3412 (Gen.
2099 3330 2218 3415 1‚26).·
2247 3331 2411 3412 faciam

398 3416 533 3567 gatauh.
560 3419 612 3493 19,
640 3415 693 3497 17)
725 3413 845 3477 nullum
877 3431 942 3476 esse
979 3411 1090 3474 henum
1116 3416 1245 3492 praeter
1276 3431 1375 3475 unum
1428 3413 1581 3477 hominem
1613 3414 1655 3478 ad
1687 3414 1855 3496 imapinem
1887 3418 2031 3478 nostram.
2084 3416 2195 3480 Vident
2225 3421 2329 3482 tamen
2353 3418 2411 3500 pii

433 3524 511 3581 eum,
534 3511 631 3565 an'se
653 3501 783 3565 bonitate
797 3499 913 3577 privet.
959 3496 1032 3560 Nea
1053 3497 1161 3578 maner
1183 3497 1220 3562 de
1236 3497 1376 3562 humana
1429 3500 1551 3564 lectores
1572 3519 1666 3580 quum
1685 3499 1804 3581 tripide
1825 3504 1915 3580 atque
1936 3501 2034 3582 inepte
2051 3501 2105 3566 hoc
2122 3503 2204 3567 velut
2219 3502 2410 3584 colloquium

398 3591 466 3654 eius
487 3593 618 3664 namra,
646 3607 684 3650 ne
704 3586 783 3667 ferte
804 3584 974 3666 excipiant,
1003 3583 1156 3663 quidquid
1183 3585 1219 3647 in
1240 3603 1277 3648 ea
1304 3584 1376 3648 boni
1427 3586 1584 3649 induceret
1614 3582 1731 3661 Moses,
1764 3585 1830 3649 nisi
1857 3586 2012 3651 adessent
2040 3588 2075 3651 in
2107 3609 2169 3652 um
2201 3589 2269 3653 Deo
2294 3589 2412 3670 plures

398 3675 469 3756 fuit,
491 3694 529 3736 ee
547 3673 685 3755 proluito
704 3672 783 3735 douo
802 3670 949 3749 ducissa
968 3688 1084 3749 quaero
1103 3690 1146 3733 au
1163 3687 1263 3732 sermo
1281 3674 1376 3734 aeter·
1421 3691 1583 3752 personae.
1613 3669 1687 3733 Iam
1706 3690 1783 3751 quos
1804 3670 1973 3750 alloquitur
1988 3678 2090 3753 pater,
2112 3679 2228 3738 certum
2249 3675 2410 3756 astfuisse

399 3779 461 3822 nas
482 3757 546 3821 Dei
567 3758 663 3821 honus
683 3758 725 3821 sit
740 3777 838 3821 necne.
885 3753 923 3819 Si
944 3759 1058 3837 nepent,
1080 3756 1159 3819 satis
1180 3755 1315 3820 convicta
1336 3761 1376 3819 te
1427 3755 1951 3836 increatos;nihiloeroincreatum,
1964 3761 2413 3841 eacepmrpseDeoetqundem

261 3886 270 3902 .
400 3848 490 3906 neten
512 3862 616 3906 eorum
638 3843 798 3923 impietas,·
817 3841 942 3923 fatendo
960 3861 993 3905 se
1010 3841 1095 3922 ipses
1111 3841 1263 3924 inputant.
1289 3842 1376 3922 Quod
1427 3862 1497 3906 une.
1520 3840 1769 3923 Nunccrponisi
1779 3843 2412 3927 concedantpatrisfflliietspiritnscom-

359 3941 362 3951 ’
401 3933 503 3992 autem
524 3929 631 4007 prinis
657 3929 778 3990 intuitu
799 3928 921 3992 evidetur
950 3925 1094 3991 Christus
1120 3949 1141 3991 a
1170 3946 1203 3991 se
1224 3946 1375 3991 renouare
1427 3947 1551 3992 munem
1560 3927 1661 4006 fuisse
1670 3929 1798 3991 creandi
1803 3933 1991 4009 potestatem,
2005 3935 2033 3994 et
2043 3951 2199 3994 mnmune
2209 3932 2337 3998 iubendi
2348 3935 2413 3997 im-

399 4033 509 4078 nomm
540 4012 625 4090 honi,
664 4014 843 4076 sententiam
880 4018 1018 4077 nostram
1057 4014 1161 4096 mapis
1197 4013 1374 4093 confirmat:
1421 4013 2101 4095 perium,·sequetarDcumnoniutussecum
2112 4016 2411 4098 italoquutumcsse,

399 4120 505 4179 nempe
526 4118 621 4178 qaam
637 4099 797 4180 sinpulere
818 4101 860 4162 sit
875 4100 972 4162 unius
983 4099 1047 4163 Dei
1063 4100 1205 4183 etapium,
1224 4104 1375 4180 audenus
1427 4099 1481 4165 sed
1492 4098 1647 4162 direxisse
1658 4099 1965 4165 adalioseatraneos
1976 4101 2099 4182 opifices
2110 4123 2287 4168 sermonem.
2309 4103 2415 4170 Deni-

398 4205 437 4250 ea
458 4185 583 4266 culpari
600 4205 683 4247 more
703 4184 860 4248 salutatus
879 4185 984 4265 fuerat
1004 4186 1116 4264 hernus,
1144 4185 1264 4266 falsum
1285 4185 1376 4249 hono-
1428 4206 1487 4267 que
1508 4185 1592 4248 locus
1612 4204 1696 4248 unus
1721 4184 1783 4248 due
1809 4185 2034 4251 simulacrum
2060 4189 2173 4252 abiecta
2194 4189 2289 4270 facile
2316 4211 2414 4270 eape-

371 4293 463 4351 ,rem
494 4269 682 4352 repudians,
713 4270 876 4333 honitatem
907 4290 971 4349 qua
997 4270 1093 4351 pellet
1130 4272 1273 4335 diuinam
1310 4291 1375 4336 esse
1427 4273 1497 4337 diet.
1528 4270 1615 4334 Nam
1635 4271 1909 4352 quodpronantiat
1921 4269 2066 4338 Christus
2077 4273 2283 4359 ipse(Ioann.
2296 4281 2327 4352 4,
2342 4277 2413 4362 24),

397 4358 547 4423 admonet.
606 4356 725 4437 Quaere
756 4356 863 4434 etiam,
902 4355 957 4418 idei
995 4354 1137 4435 affirmet
1178 4357 1300 4421 Paulus
1338 4355 1371 4440 (1
1428 4359 1533 4423 Deum
1556 4377 1621 4421 esse
1642 4358 1805 4437 spiritum,
1835 4357 1877 4420 ed
1892 4363 2017 4439 petrem
2049 4360 2149 4424 selum
2169 4362 2318 4445 restrinpi
2340 4382 2415 4426 con-

399 4444 482 4507 sim.
510 4449 535 4520 l,
564 4440 618 4525 17)
653 4442 755 4506 solum
787 4441 891 4504 Deum
926 4461 990 4505 esse
1032 4442 1250 4521 immortalem,
1290 4443 1376 4523 sapi-
1428 4449 1610 4508 seutaneum
1641 4463 1703 4506 non
1743 4448 1834 4521 esset,
1873 4463 1910 4506 ac
1942 4445 1973 4507 si
2002 4465 2101 4509 sermo
2133 4447 2201 4527 ipse
2237 4468 2298 4511 non
2332 4455 2415 4512 esset
2490 4473 2492 4476 ’

398 4534 494 4592 entem
526 4534 553 4592 et
585 4547 736 4606 omamm,
769 4549 812 4591 an
839 4527 891 4591 his
922 4526 1023 4596 eerhis
1055 4527 1091 4590 in
1123 4528 1265 4591 ordinem
1295 4548 1376 4591 mor-
1430 4528 1611 4610 spiritualis
1632 4533 1771 4592 natmae.
1819 4529 1907 4608 Quod
1929 4531 1959 4594 si
1980 4530 2047 4609 filio
2070 4532 2225 4608 similiter,
2252 4537 2288 4596 ut
2307 4533 2413 4614 patri,

397 4614 521 4690 talium,
554 4614 719 4678 stulterum
750 4617 777 4677 et
808 4612 972 4694 fallacium
1009 4612 1170 4695 redipatur
1204 4612 1374 4677 Christus?
1429 4616 1564 4679 eenoeuit
1594 4634 1704 4677 mmert
1730 4614 1878 4694 spiritus,
1912 4615 1969 4677 suh
2004 4615 2164 4695 indefinito
2190 4617 2255 4684 Dei
2285 4619 2415 4685 nominc

402 4698 475 4762 Non
497 4701 555 4762 crit
574 4701 672 4781 ipitur
694 4699 896 4777 immertalis,
925 4698 1040 4779 quial
1063 4699 1152 4762 indie
1174 4700 1377 4779 oitefuitut
1428 4701 1531 4781 hlium
1563 4697 1775 4778 comprehendi
1807 4699 1921 4780 callipo.
1967 4699 2100 4765 Subiicit
2130 4707 2233 4767 tamen
2264 4705 2413 4770 continue

399 4783 518 4864 anpelis
539 4784 801 4850 immortalitatem
816 4783 989 4865 conferret?
1008 4803 1069 4847 non
1090 4785 1149 4848 erit
1165 4786 1299 4865 sapiens,
1322 4785 1377 4865 qui
1425 4791 1504 4867 post,
1528 4805 1589 4848 nen
1610 4785 1689 4847 alces
1710 4784 1843 4864 probari
1862 4785 1990 4849 adteres
2005 4789 2097 4866 patri
2118 4789 2184 4854 nisi
2204 4791 2261 4870 qui
2281 4810 2352 4855 eum
2374 4792 2413 4855 iu

400 4873 526 4933 aeterna
547 4875 590 4932 est
612 4870 675 4935 Dei
695 4871 878 4952 sapientia?
907 4891 968 4933 nont
994 4871 1053 4933 erit
1078 4890 1175 4934 esraa
1205 4872 1278 4952 ipsa
1298 4872 1377 4935 oeri-
1430 4873 1545 4952 spiritu
1571 4875 1599 4933 et
1626 4872 1751 4932 ueritate
1778 4870 1919 4934 adorant.
1977 4871 2064 4937 Unde
2090 4874 2224 4939 alterum
2250 4878 2411 4957 mmeoui-

399 4953 473 5017 tas?
521 4954 641 5034 Quaero
667 4963 830 5037 praeterea
861 4955 1059 5021 Christumne
1088 4957 1284 5021 adoraudum
1313 4977 1377 5020 cen
1430 4963 1490 5034 tur,
1513 4956 1589 5036 qaia
1610 4954 1667 5018 suh
1689 4957 1789 5034 capite
1808 4955 1954 5038 sunpitm
1978 4956 2121 5024 Christus
2143 4960 2246 5041 officie
2265 4961 2409 5040 doctoris,

400 5039 514 5105 seam?
562 5039 599 5103 Si
623 5042 706 5104 euim
726 5043 781 5106 hoc
809 5045 877 5107 iure
898 5041 961 5107 sihi
988 5042 1129 5106 conduct
1139 5043 1241 5125 (Phil.
1262 5046 1290 5116 2,
1313 5040 1376 5125 10),
1430 5042 1495 5106 Dei
1515 5061 1623 5105 nomen
1639 5041 1729 5120 patri
1750 5042 1937 5121 αάνννίὸννν,
1965 5065 2025 5108 nen
2052 5050 2087 5109 ut
2107 5046 2224 5110 ahohat
2245 5067 2340 5111 suam
2361 5048 2411 5126 ip

401 5131 436 5190 ut
453 5127 593 5205 flectatur
615 5144 720 5190 coram
733 5130 808 5207 'ipso
829 5149 916 5193 mnne
935 5147 1024 5210 penu,
1046 5129 1185 5208 sequitur
1206 5129 1296 5192 illum
1314 5149 1378 5192 esse
1430 5127 1500 5192 sius
1521 5128 1671 5202 deitatem
1695 5127 1749 5190 sed
1770 5131 1805 5189 ut
1819 5129 1980 5207 pradatim
2001 5150 2057 5193 nos
2077 5131 2120 5196 ad
2140 5152 2209 5203 eam
2229 5133 2356 5197 adollat

401 5211 513 5289 Deum,
541 5212 597 5292 qui
618 5211 653 5274 in
674 5211 735 5292 lepe
756 5215 848 5278 vetuit
869 5233 1054 5296 quamquam
1075 5213 1176 5277 alium
1196 5220 1378 5295 praetensa
1518 5215 1567 5275 25.
1615 5210 1677 5276 Sed
1702 5213 1737 5275 in
1763 5232 1797 5276 eo
1824 5213 1937 5278 scilicet
1964 5215 2195 5281 hallucinantur
2224 5218 2304 5299 quod
2325 5218 2410 5281 indi-

400 5297 538 5361 adorari.
582 5295 633 5362 De
655 5297 718 5361 sole
738 5304 831 5378 patre
857 5302 902 5363 sic
924 5299 1023 5379 accipi
1050 5299 1155 5364 ooluut
1183 5301 1264 5380 quod
1291 5301 1377 5380 apud
1431 5297 1528 5362 amaa
1549 5298 1711 5374 somniant,
1741 5318 1872 5378 quorum
1891 5301 2018 5383 simpulo
2034 5309 2161 5384 partem
2188 5303 2341 5368 ouiueau
2361 5323 2409 5368 es-

402 5382 543 5446 Iesaiem
575 5382 642 5468 (44,
663 5385 697 5466 6)
731 5382 860 5447 dicitnr:
893 5406 944 5466 epo
972 5405 1057 5463 sum,
1083 5405 1119 5449 ac
1147 5405 1234 5450 nemo
1250 5391 1379 5466 praeter
1431 5385 1556 5448 santiae.
1600 5383 1700 5464 Atqui
1729 5404 1767 5448 ee
1791 5385 1957 5467 scripturis
1978 5388 2120 5452 doecrnur
2141 5411 2240 5453 unum
2261 5389 2409 5455 essentia·

401 5487 464 5546 me;
491 5468 545 5532 hoc
572 5469 779 5533 testimonium
801 5469 835 5531 in
856 5470 942 5550 ipses
963 5474 1127 5551 retorqueo,
1154 5472 1277 5553 quando
1297 5472 1379 5536 eide-
1431 5469 1501 5533 liter
1522 5469 1626 5533 Deum
1647 5489 1719 5548 esse,
1741 5470 1867 5552 ideoque
1884 5474 2134 5538 essentiam-tam
2152 5475 2216 5555 filii
2232 5495 2329 5556 quam
2344 5475 2410 5556 spi-

401 5574 472 5618 mus
496 5553 617 5618 Christe
640 5553 769 5619 attribui
790 5553 944 5635 quidquid
966 5554 1029 5619 Dei
1051 5561 1103 5622 est.
1149 5557 1214 5622 Nec
1231 5557 1316 5622 locus
1334 5561 1379 5621 est
1431 5556 1513 5620 ritus
1533 5576 1598 5620 esse
1619 5556 1797 5638 iuuenilem.
1844 5555 1906 5622 Sed
1931 5563 2082 5639 analeum
2096 5564 2191 5640 pater
2213 5563 2322 5626 ordine
2338 5562 2410 5643 pri-

402 5659 508 5703 eerum
529 5640 654 5718 maille,
680 5639 838 5705 Christmn
859 5641 894 5704 in
922 5659 1015 5704 carne
1035 5642 1136 5721 fuisse
1156 5642 1325 5708 exaltatum
1344 5643 1379 5707 in
1431 5662 1502 5707 mus
1523 5647 1575 5721 est,
1597 5646 1688 5725 atque
1708 5663 1747 5707 ea
1767 5663 1801 5707 se
1819 5645 1926 5725 penult
1945 5662 2039 5707 acam
2064 5645 2268 5727 sapientiam,
2291 5648 2409 5728 aurito,
