5600 6809
370 763 433 824 en
501 733 509 746 '
706 731 821 824 'urs
843 758 888 822 Π.
932 758 996 823 nu
1019 757 1307 825 occursione
1329 759 1414 827 nur
1434 729 1781 827 aunnuffroar's.
1827 759 1927 827 our.
1949 760 2015 826 111.
2320 767 2384 831 ns

369 948 445 1026 fuit,
475 947 555 1012 dnm
578 947 804 1030 pedissequam
826 947 951 1031 gratiae
971 953 1068 1013 vocat
1094 947 1274 1012 humanam
1291 969 1350 1013 vo-
1402 947 1483 1013 haec
1501 949 1602 1030 pouit,
1621 956 1660 1012 ut
1680 970 1735 1013 cor
1750 948 1801 1012 illi
1817 948 1983 1030 lapideum
1996 952 2130 1029 auferat,
2149 951 2383 1034 detcarneum,

369 1034 547 1111 luntatem,
587 1033 746 1099 secundas
779 1030 936 1115 quasdam
969 1054 989 1099 a
1021 1035 1128 1117 gra'tia
1158 1047 1268 1116 partes
1300 1035 1350 1100 illi
1403 1041 1514 1116 aperte
1542 1042 1684 1098 testatur
1711 1043 1861 1117 oportere
1890 1033 2013 1098 aboleri
2033 1037 2121 1118 quod
2143 1059 2186 1102 ex
2206 1039 2301 1103 nobis
2323 1048 2382 1119 est,

371 1120 540 1203 assignare
567 1120 602 1183 in
629 1120 714 1184 bono
736 1140 847 1200 opere;
874 1118 932 1183 sed
959 1119 1037 1200 quia
1064 1119 1127 1185 hoc
1148 1119 1197 1183 illi
1219 1128 1350 1185 tantum
1402 1140 1466 1201 quo
1493 1117 1535 1182 ad
1562 1119 1723 1184 iustitiam
1750 1128 1995 1198 convertamnr3
2023 1121 2180 1205 quidquid
2208 1132 2320 1189 autem
2346 1127 2383 1190 ln

370 1207 573 1289 propositum
596 1212 681 1282 erat,
705 1205 852 1269 refellere
873 1206 1053 1287 pessimum
1071 1205 1199 1288 Pelagii
1222 1205 1348 1290 dogma,
1403 1204 1475 1270 eius
1502 1204 1611 1268 locum
1637 1206 1744 1283 subit,
1777 1227 1797 1269 a
1824 1225 1859 1269 se
1885 1205 1957 1287 ipso
1987 1226 2067 1270 esse.
2112 1207 2226 1291 Neque
2253 1209 2288 1273 id
2315 1233 2382 1276 uno

371 1291 457 1374 quod
479 1291 620 1373 primam
643 1291 758 1355 salutis
779 1310 909 1354 causam
931 1292 967 1355 in
989 1290 1133 1356 hominis
1153 1291 1271 1356 merito
1291 1313 1349 1374 po-
1401 1289 1472 1354 loco
1489 1291 1697 1372 pronuntiat;
1718 1289 1798 1356 dicit
1821 1291 1909 1354 enim
1932 1290 2021 1372 apud
2037 1292 2212 1357 Ieremiam
2230 1296 2296 1378 (32,
2310 1296 2381 1380 39):

370 1378 483 1452 nebat,
517 1376 606 1458 quod
633 1378 713 1441 satis
735 1383 807 1440 erat
827 1378 992 1459 praesenti
1015 1398 1147 1455 causae,
1172 1377 1348 1457 contendit,
1402 1375 1486 1441 dabo
1507 1376 1554 1440 eis
1576 1396 1632 1439 cor
1653 1398 1774 1455 unum,
1801 1384 1836 1441 et
1855 1377 1945 1442 viam
1967 1397 2081 1456 unam,
2112 1393 2150 1442 ut
2170 1379 2309 1445 timeant
2329 1403 2383 1447 me

371 1463 512 1546 gratiam
541 1462 630 1526 omni
657 1463 773 1526 merito
803 1483 874 1527 esse
902 1464 1044 1544 priorem
1051 1486 1059 1541 3
1092 1463 1195 1527 altera
1215 1464 1349 1529 interim
1400 1462 1564 1527 universis
1587 1461 1709 1526 diebus.
1742 1463 1847 1527 Panlo
1868 1469 1957 1544 post:
1981 1464 2134 1528 timorem
2156 1465 2299 1530 nominis
2316 1468 2382 1532 mei

371 1547 701 1631 quaestioneomissa,
725 1546 765 1612 de
782 1555 940 1631 perpetuo
956 1549 1081 1630 gratim
1099 1548 1227 1627 effectu,
1250 1569 1349 1632 qnam
1396 1546 1484 1617 ,dabo
1506 1548 1542 1610 in
1564 1569 1619 1612 cor
1640 1567 1769 1626 eorum,
1797 1558 1836 1612 ut
1868 1569 1934 1611 non
1961 1547 2117 1614 recedant
2147 1571 2249 1614 ame.
2292 1552 2381 1616 Rur-

370 1641 482 1698 tamen
512 1633 589 1697 alibi
618 1634 748 1716 egregie
775 1640 903 1700 tractat.
949 1634 1131 1716 Aliquoties
1159 1635 1248 1699 enim
1269 1635 1348 1701 dum
1401 1655 1475 1697 sum
1498 1632 1585 1715 apud
1606 1634 1814 1698 Ezechielem
1833 1633 1899 1714 (ll,
1922 1634 1991 1716 19):
2017 1633 2099 1699 dabo
2122 1635 2169 1699 eis
2191 1656 2247 1699 cor
2266 1659 2380 1717 unum,

371 1719 460 1797 dicit,
478 1720 658 1784 Dominum
677 1718 870 1800 praevenire
887 1719 1053 1784 nolentem
1070 1719 1213 1800 utvelit3
1235 1722 1347 1787 volen·
1401 1725 1435 1783 et
1476 1719 1628 1800 spiritum
1672 1741 1796 1784 novum
1834 1718 1916 1783 dabo
1954 1720 1991 1783 in
2028 1722 2208 1787 visceribus
2250 1744 2381 1804 eornm;

369 1813 438 1870 tem
461 1805 611 1886 subsequi
634 1826 676 1868 ne
697 1805 822 1869 frustra
839 1805 932 1869 velit:
955 1806 1064 1887 ipsum
1084 1802 1162 1870 boni
1183 1808 1290 1888 operis
1312 1809 1348 1872 in
1400 1824 1456 1868 cor
1487 1803 1655 1886 lapideum
1686 1807 1833 1870 auferam
1866 1804 1905 1869 de
1939 1827 2037 1870 carne
2071 1828 2197 1886 eorum,
2230 1815 2264 1871 et
2296 1808 2380 1873 dabo

371 1891 510 1956 solidum
531 1890 609 1954 facit
632 1900 788 1954 autorem.
832 1888 1030 1973 Quanquam
1049 1891 1202 1956 clariores
1223 1891 1263 1958 de
1285 1893 1347 1959 hac
1401 1891 1448 1953 eis
1475 1910 1530 1954 cor
1554 1909 1720 1954 carneum.
1764 1891 1842 1954 Non
1867 1901 1978 1973 posset
2001 1891 2187 1957 evidentius
2210 1891 2271 1956 sibi
2299 1916 2379 1959 ven-

371 1997 408 2040 re
430 1983 508 2040 sunt
528 1977 598 2040 eius
618 1977 800 2040 sententiae
826 1997 925 2058 quam
953 1986 991 2040 nt
1017 1976 1150 2060 longam
1172 1999 1347 2060 argnmsn-
1400 1975 1525 2054 dicare,
1557 1975 1651 2039 nobis
1679 1975 1837 2053 adimere,
1870 1975 2028 2059 quidquid
2060 1989 2110 2042 est
2140 1978 2177 2040 in
2209 1979 2378 2044 voluntate

369 2063 527 2126 tationem
555 2061 747 2126 desiderent.
793 2061 976 2139 Laborant,
1006 2063 1123 2145 inquit,
1140 2062 1163 2146 ¹)
1197 2063 1347 2130 homines
1399 2068 1513 2126 nostra
1537 2060 1618 2124 boni
1646 2068 1680 2125 et
1704 2061 1799 2137 recti,
1828 2082 1926 2144 quam
1948 2061 2028 2125 dum
2049 2064 2297 2128 conversionem
2319 2088 2378 2129 no-

369 2148 516 2212 invenire
543 2148 578 2210 in
604 2157 719 2212 nostra
744 2147 914 2212 voluntate
942 2146 1027 2230 quod
1055 2157 1205 2213 nostrum
1228 2151 1286 2228 sit,
1314 2161 1348 2216 et
1399 2153 1518 2225 suam,
1547 2147 1746 2211 creationem
1769 2147 1845 2211 novi
1869 2148 2003 2229 spiritus
2025 2158 2057 2212 et
2077 2150 2154 2214 novi
2176 2149 2282 2214 cordis
2307 2172 2378 2215 esse

368 2254 434 2297 uon
462 2254 505 2297 ex
531 2233 619 2311 Dco;
653 2242 687 2297 et
719 2232 878 2315 quomodo
910 2235 1054 2306 inveniri
1085 2235 1189 2316 possit
1220 2236 1345 2318 ignoro.
1398 2239 1547 2297 testatur.
1593 2230 1751 2314 Sequitur
1782 2233 1871 2297 enim
1900 2254 2044 2315 semper,
2078 2245 2111 2297 et
2137 2255 2179 2298 ex
2206 2235 2378 2301 voluntate

369 2318 471 2384 Iribro
494 2327 602 2383 autem
625 2326 738 2383 eontra
760 2318 933 2402 Pelagium
956 2328 987 2383 et
1010 2318 1209 2384 Coelestium
1231 2323 1345 2404 primo,
1398 2325 1514 2382 nostra
1533 2317 1616 2380 nihil
1638 2318 1767 2400 prodire
1789 2318 1866 2382 boni
1889 2318 1992 2383 donec
2012 2320 2187 2383 reformata
2207 2320 2320 2399 fuerit,
2344 2329 2378 2386 et

368 2404 424 2468 ubi
453 2404 576 2468 dictum
603 2403 685 2467 illud
713 2403 839 2469 Christi
870 2406 1118 2486 interpretatur:
1152 2408 1258 2472 omnis
1291 2412 1346 2491 qui
1398 2411 1473 2485 post
1493 2404 1768 2479 reformationem,
1791 2413 1953 2486 quatenus
1974 2405 2060 2469 bona
2082 2413 2140 2481 est,
2165 2404 2273 2471 aDeo
2295 2429 2375 2486 esse,

368 2489 510 2554 audierit
527 2511 546 2553 a
563 2500 657 2571 patre
674 2511 755 2568 meo,
780 2491 870 2556 venit
887 2490 929 2554 ad
946 2513 998 2556 me
1016 2492 1145 2574 (loann.
1160 2495 1188 2570 6,
1202 2491 1268 2576 45),
1292 2516 1345 2558 ar·
1397 2509 1465 2552 uon
1489 2511 1509 2552 a
1530 2489 1632 2553 nobis.

365 2572 519 2651 bitrium,
552 2563 673 2656 inquit,
700 2577 745 2640 eie
773 2575 946 2640 adiuvatur
972 2586 1009 2639 ut
1035 2599 1102 2641 non
1131 2578 1235 2642 solum
1267 2581 1346 2661 qnid
1485 2581 1513 2637 9.
1559 2572 1616 2638 Sic
1633 2581 1667 2639 et
1684 2576 1887 2656 precationes
1910 2584 2098 2639 sanctorum
2115 2578 2311 2658 compositae
2328 2578 2376 2642 le·

365 2659 555 2724 laciendum
576 2662 620 2724 sit
640 2661 737 2738 sciat,
765 2660 823 2725 sed
844 2662 929 2743 quod
957 2663 1091 2728 sciverit
1116 2665 1213 2729 etium
1236 2665 1343 2730 faeiat.
1397 2668 1531 2743 guntur.
1576 2659 1721 2725 Inclinat
1747 2681 1802 2724 eor
1827 2670 1975 2725 nostrum
1998 2660 2039 2724 ad
2062 2683 2096 2725 se
2117 2661 2297 2739 Dominae,
2327 2662 2376 2727 di·

365 2747 479 2826 Atque
500 2746 547 2809 ita
568 2766 668 2826 quum
691 2745 783 2811 Deus
806 2746 906 2824 docet,
932 2769 997 2812 non
1018 2770 1078 2830 per
1098 2748 1180 2834 legis
1203 2751 1342 2830 literam,
1396 2744 1491 2809 cebat
1514 2743 1645 2809 Solomo
1669 2745 1701 2830 (l
1721 2746 1803 2828 Reg.
1824 2750 1853 2824 8,
1874 2747 1945 2829 58),
1970 2754 2007 2809 ut
2030 2767 2199 2811 servemus
2219 2748 2376 2813 mandata

366 2830 424 2896 sed
445 2852 506 2912 per
528 2832 661 2913 spiritus
684 2833 838 2915 gratiam,
860 2833 908 2896 ita
929 2832 1023 2898 docet
1043 2842 1082 2898 nt
1101 2835 1188 2916 quod
1208 2837 1345 2919 quisque
1396 2853 1464 2896 sua.
1496 2831 1721 2896 Pervicaciam
1743 2830 1848 2896 cordis
1868 2832 1974 2896 nostri
1996 2830 2146 2909 ostendit,
2168 2832 2255 2915 quod
2276 2833 2312 2897 in
2329 2834 2376 2897 le-
2446 2890 2449 2895 .

367 2916 526 2993 didicerit,
551 2938 616 2981 non
639 2925 766 2981 tantum
788 2918 1010 3000 cognoscendo
1027 2920 1145 3000 videat,
1164 2922 1222 2986 sed
1243 2923 1343 2987 etiam
1395 2918 1446 3000 gis
1478 2915 1608 2981 divinae
1641 2916 1851 2982 rebellionem
1884 2918 2078 2982 naturaliter
2111 2919 2270 2996 exsultet,
2310 2919 2375 2983 nisi

366 3000 505 3066 volendo
525 3011 658 3084 appetat
680 3003 870 3085 agendoque
891 3005 1046 3086 perficiat
1395 3004 1553 3068 flectatur.
1599 3003 1689 3068 Idem
1711 3008 1739 3066 ei
1759 3003 1793 3066 in
1818 3002 1946 3067 Psalmo
1968 3003 2062 3086 (119,
2082 3004 2138 3086 36)
2160 3004 2305 3068 indetur:
2326 3006 2375 3069 in·

452 3091 481 3152 8.
526 3088 573 3151 Et
594 3090 747 3170 quoniam
775 3089 810 3153 in
831 3091 1005 3172 praecipuo
1027 3090 1159 3156 cardine
1180 3094 1247 3158 iam
1269 3115 1343 3159 ver·
1395 3089 1478 3153 diosa
1499 3109 1550 3151 cor
1571 3090 1738 3152 aarum
1758 3090 1933 3152 testimonia
1959 3095 2023 3153 tim.
2069 3087 2196 3170 Semper
2218 3091 2301 3153 enim
2321 3112 2375 3154 no-

366 3194 493 3251 cemur,
522 3172 663 3255 agedum
684 3195 846 3238 summam
869 3177 916 3239 rei
934 3177 1046 3257 paucis
1070 3197 1108 3241 ac
1130 3180 1344 3261 apertissimis
1394 3175 1492 3238 landa
1513 3180 1558 3237 111
1574 3175 1735 3239 retunsis
1755 3176 1837 3239 inter
1850 3195 2035 3256 peremtum
2056 3175 2157 3239 cordis
2178 3181 2295 3239 tnoiwn
2314 3197 2374 3255 quo

365 3267 493 3323 tantum
527 3261 710 3341 scripturae
742 3261 938 3325 testimoniis
975 3263 1146 3343 probatam
1178 3265 1344 3344 trudemus
1391 3261 1493 3340 fertur
1518 3260 1561 3324 od
1588 3261 1883 3338 eunomiana-n
1909 3261 2119 3326 correctionem
2146 3259 2225 3324 Ιιααα
2251 3282 2315 3341 qun
2337 3262 2374 3325 in

364 3343 542 3424 iedmibus3
568 3343 779 3410 tumdeinde
803 3345 955 3430 (nequis
976 3369 1036 3412 nos
1059 3348 1206 3415 detortae
1226 3371 1342 3433 perpe·
1393 3344 1572 3424 obsequium
1592 3348 1718 3428 copitm.
1761 3345 1872 3412 David
1900 3355 2010 3412 autem
2033 3367 2136 3429 quum
2160 3366 2193 3410 se
2212 3347 2374 3412 direcirr'oe

364 3450 437 3494 ram
459 3431 640 3512 scripturae
661 3431 844 3516 insimulet)
871 3432 1081 3498 ostendamus
1109 3457 1216 3518 neque
1242 3437 1342 3502 huius
1390 3433 1498 3514 pretia
1519 3432 1562 3496 ud
1582 3436 1702 3514 tempus
1724 3432 1865 3496 orbatum
1891 3432 1992 3513 fuisse
2013 3434 2158 3510 sentiens,
2185 3431 2296 3495 Deum
2318 3452 2372 3495 ro-

365 3517 475 3581 sancti.
502 3517 566 3582 viri
600 3516 830 3616 <Aupustinum
858 3517 941 3601 dico)
975 3520 1163 3586 testimonio
1195 3522 1339 3601 destitui,
1392 3525 1451 3614 gat
1477 3524 1515 3582 ut
1540 3537 1597 3582 cor
1622 3517 1783 3581 mundum
1809 3518 1844 3582 in
1874 3538 1909 3581 se
1937 3526 2040 3595 creet,
2074 3517 2225 3599 spiritum
2246 3523 2373 3581 rectum

364 3618 463 3684 qnam
492 3623 533 3667 ex
553 3614 715 3685 scriptura
737 3602 942 3686 desumptam
962 3607 1137 3672 asserimus
1157 3609 1339 3679 veritatem,
1391 3611 1529 3669 innovet
1549 3603 1586 3666 in
1607 3604 1676 3668 suis
1694 3604 1873 3669 visceribus
1891 3603 2046 3687 (ibidbl,
2064 3602 2127 3686 12),
2151 3625 2195 3666 an
2212 3623 2279 3687 non
2302 3622 2372 3666 om·

361 3685 449 3752 Nam
476 3709 583 3771 nsque
611 3688 765 3771 expedire
790 3711 905 3756 censeo
933 3700 972 3754 ut
996 3694 1136 3773 quaein
1159 3695 1341 3770 sententiae
1391 3710 1451 3754 nes
1480 3688 1586 3754 cordis
1615 3690 1667 3754 sui
1695 3697 1805 3771 partes
1832 3689 2023 3771 impuritate
2050 3690 2187 3754 refertas
2216 3689 2372 3771 agnosmt,

362 3781 493 3839 nostrae
511 3775 792 3840 confirmationem
810 3775 928 3853 adduci
945 3799 987 3841 ex
1003 3779 1174 3861 scripturis
1191 3795 1339 3862 possunt,
1392 3782 1426 3839 et
1446 3776 1598 3857 spiritum
1620 3775 1750 3857 obliqua
1766 3775 1927 3856 pravitate
1947 3774 2153 3839 contortum?
2177 3773 2373 3838 munditiem

363 3857 476 3924 ordine
498 3860 630 3944 singula
652 3869 883 3926 recenseantur
889 3886 898 3942 ;
927 3862 1023 3927 modo
1046 3885 1087 3928 ex
1109 3866 1340 3947 selectissimis,
1391 3869 1502 3926 autem
1519 3881 1619 3942 quam
1634 3861 1771 3943 flagitat,
1789 3860 1854 3925 Dei
1871 3873 2057 3925 creaturam
2074 3860 2230 3937 vocando,
2243 3881 2287 3924 an
2305 3881 2374 3924 non

362 3964 445 4026 qnae
471 3948 693 4028 proferentur,
719 3948 774 4012 via
800 3954 968 4013 sternatur
996 3949 1037 4014 ad
1066 3951 1191 4034 reliqua
1218 3956 1338 4032 omnia,
1391 3954 1495 4011 totam
1523 3945 1574 4010 illi
1600 3953 1767 4028 acceptam
1794 3946 1914 4010 refert?
1962 3945 2000 4011 Si
2027 3947 2101 4027 quis
2121 3947 2271 4027 excipiat,
2299 3967 2373 4026 pre-

361 4049 445 4113 quae
471 4032 611 4115 sparsim
637 4031 794 4116 leguntur
821 4034 1035 4118 intelligenda
1042 4059 1050 4113 ;
1078 4059 1184 4120 neque
1205 4060 1339 4103 rursum
1390 4035 1542 4098 cetimum
1574 4033 1678 4115 msam
1710 4033 1837 4114 siquam
1870 4052 1934 4097 csse
1961 4033 2015 4113 pii
2046 4034 2205 4113 summique
2232 4032 2371 4112 effectus,

357 4115 589 4199 intempestive
611 4118 735 4182 sactum
758 4120 813 4196 iri,
843 4121 871 4183 si
899 4121 1009 4202 palam
1029 4123 1136 4187 fecero
1157 4124 1241 4187 mihi
1262 4145 1338 4189 cum
1384 4123 1534 4201 prompta
1555 4123 1601 4183 est
1621 4118 1746 4196 relidit),
1775 4119 1921 4198 quamvis
1940 4119 2007 4182 iam
2028 4119 2138 4199 atqua
2160 4137 2199 4180 ex
2211 4122 2304 4197 parte
2325 4127 2372 4181 re·

358 4222 398 4267 eo
426 4203 499 4268 viro
528 4224 595 4268 non
617 4204 703 4268 male
726 4206 916 4284 convenire,
940 4209 992 4271 cui
1014 4208 1193 4290 plurimum
1215 4211 1338 4274 autori-
1389 4205 1538 4285 smunsei
1559 4203 1683 4281 Durrid,
1713 4205 1849 4284 conferre
1877 4210 1979 4268 tumen
2000 4205 2141 4285 priorem
2162 4207 2278 4266 sisium
2300 4222 2370 4264 cum

359 4288 440 4353 tatis
472 4290 590 4354 merite
624 4287 729 4354 defert
759 4291 889 4372 piorum
920 4313 1105 4358 consensus.
1153 4292 1238 4369 Certe
1268 4296 1339 4360 boni
1389 4290 1448 4354 illu
1468 4290 1554 4353 tristi
1574 4292 1671 4353 minu
1698 4310 1793 4369 quom
1814 4294 1959 4371 expertus
1981 4294 2055 4353 erat.
2101 4288 2275 4353 Persormm
2298 4307 2369 4368 erqo

358 4376 523 4440 exordium
545 4396 606 4440 non
627 4377 755 4441 aliunde
776 4398 873 4456 quom
893 4398 915 4441 α
936 4378 999 4442 solo
1016 4378 1085 4443 Deo
1105 4400 1179 4458 esse,
1200 4381 1339 4462 faciliei
1388 4375 1525 4440 hominis
1553 4396 1574 4439 a
1601 4375 1670 4439 Deo
1697 4375 1829 4439 crunon
1855 4376 2043 4457 11148ααὶ6113,
2076 4375 2183 4438 merito
2206 4373 2267 4435 8²34
2294 4372 2368 4436 dari

358 4465 443 4524 certa
470 4462 590 4526 ratione
614 4462 717 4541 liquet.
763 4462 872 4544 Neque
899 4465 983 4528 enim
1005 4465 1148 4529 uoluntas
1168 4467 1339 4548 reperietur
1383 4462 1467 4542 petii
1492 4480 1690 4541 quaecuuque
1718 4461 1819 4526 euna
1845 4462 1914 4525 suis
1943 4463 1978 4524 in
2006 4459 2231 4543 repensatione
2252 4455 2368 4536 conferi

357 4545 402 4610 od
429 4545 540 4610 bonum
567 4568 725 4629 propenso
753 4550 818 4612 uisi
844 4550 880 4612 in
906 4550 1012 4615 electis
1056 4550 1158 4631 Atqui
1185 4551 1338 4618 eieciimis
1388 4546 1486 4612 Deus.
1528 4545 1641 4627 Itaque
1661 4552 1780 4611 mortuo
1802 4547 1934 4625 similis,
1964 4551 2047 4627 optet
2068 4566 2100 4609 sc
2121 4544 2235 4606 iterum
2255 4542 2367 4620 creari,

356 4650 458 4696 causo
490 4637 579 4697 caira
606 4632 743 4697 homiues
775 4636 953 4715 quaerendo
980 4641 1040 4715 cst,-
1072 4638 1156 4702 unde
1181 4638 1338 4718 coutimur
1387 4638 1423 4696 ut
1443 4653 1482 4697 eu
1498 4632 1655 4714 nmneipic
1675 4637 1822 4710 antonne,
1850 4633 1909 4713 fini
1929 4633 2063 4714 spiritus
2083 4628 2183 4694 sunni
2205 4648 2365 4711 orponum.

352 4722 474 4782 reum
499 4719 683 4782 uoluntatem
704 4741 762 4785 uon
785 4741 850 4786 csse
869 4721 988 4785 bomini
1009 4743 1030 4785 α
1052 4743 1084 4786 sc
1105 4724 1187 4804 s'pso,
1219 4724 1273 4788 sed
1298 4746 1337 4790 ea
1387 4719 1476 4784 Mira
1508 4738 1587 4783 sane
1620 4725 1654 4782 et
1683 4726 1874 4800 portentosa
1900 4717 2071 4799 superbiae
2099 4722 2229 4778 nostrae
2256 4712 2364 4777 libido.

355 4802 461 4867 eodem
493 4804 690 4886 beneplacito,
719 4828 778 4887 quo
807 4812 877 4872 ante
903 4808 1014 4873 mundi
1046 4811 1228 4874 creationem
1255 4811 1337 4875 decii
1387 4804 1480 4868 Nihil
1507 4804 1653 4869 severius
1686 4805 1850 4869 Dominus
1883 4803 2000 4886 exigit,
2037 4820 2135 4884 quam
2166 4807 2205 4863 ut
2235 4799 2365 4882 religio-

352 4906 480 4970 eumus,
494 4890 601 4969 liuere.
627 4891 755 4958 Accedit
772 4895 944 4958 alterumn
958 4893 1116 4959 absimilis
1131 4898 1221 4960 ratio.
1250 4897 1337 4962 Nam
1387 4891 1515 4956 sissimo
1547 4911 1646 4955 suum
1680 4889 1877 4955 sabbathum
1910 4888 2133 4963 observemus,
2168 4884 2365 4968 quiescendo

356 4993 458 5057 quum
484 4973 555 5040 benc
581 4977 701 5041 uolendi
731 4984 758 5042 ei
787 4979 898 5062 aqam
919 4981 1116 5063 principium
1142 4983 1245 5060 sites
1264 4984 1333 5064 fide,
1387 4976 1509 5041 scilicet
1551 4976 1591 5040 ab
1625 4974 1775 5058 operibus
1815 4975 1951 5053 nostris;
1991 4993 2011 5036 a
2044 4973 2138 5037 nobis
2171 4992 2250 5038 vero
2282 4970 2365 5034 nihil

354 5060 525 5126 videndum
546 5068 591 5128 est
611 5063 693 5127 unde
713 5066 755 5127 sit
774 5066 845 5145 ipso
867 5066 952 5146 tides.
993 5068 1102 5148 ‘Quum
1124 5089 1195 5133 vero
1213 5070 1335 5151 prosm-
1386 5062 1491 5146 magis
1524 5082 1623 5145 aegre
1654 5063 1863 5144 impetratur,
1903 5080 2002 5141 qnam
2034 5067 2086 5137 ut,
2123 5057 2276 5141 operibns
2306 5078 2364 5120 no-

354 5149 425 5211 aa
448 5166 516 5214 esec
535 5146 602 5213 Dei
627 5150 742 5212 (ionum
771 5151 877 5214 ciumct
902 5156 964 5215 tota
988 5155 1160 5234 scripturo,
1193 5157 1335 5246 sequitur
1386 5150 1463 5214 stris
1503 5148 1613 5213 valere
1653 5149 1766 5226 iussis,
1806 5146 1871 5210 Dei
1903 5145 2055 5226 operibus
2093 5145 2217 5208 iustum
2254 5143 2363 5207 locum

355 5252 396 5298 m
422 5251 511 5298 mnu
528 5237 636 5317 qratia
663 5254 727 5297 esse
754 5233 809 5297 ubi
836 5235 910 5299 celle
929 5237 1040 5301 bonum
1066 5240 1250 5322 incipimus,
1278 5243 1334 5322 qui
1385 5234 1548 5300 cedamus.
1593 5234 1667 5298 Nisi
1695 5232 1840 5298 obstaret
1868 5229 2031 5308 vecordia,
2059 5231 2139 5296 satis
2160 5228 2363 5294 luculentum

353 5319 400 5385 ud
432 5320 551 5385 maium
588 5325 646 5385 toto
678 5321 783 5384 animo
819 5340 931 5384 sumus
960 5326 1146 5388 naturaiiter
1171 5329 1332 5408 propensi.
1385 5320 1611 5386 testimonium
1638 5317 1780 5383 reddidit
1807 5318 1920 5402 gratiis
1942 5317 2010 5380 suis
2032 5315 2201 5390 Christus,
2229 5333 2270 5376 ne
2291 5331 2362 5374 ma

350 5403 446 5488 Ergo
468 5405 648 5483 Dominus,
676 5404 733 5469 ubi
759 5407 794 5469 in
822 5405 935 5488 populi
961 5407 1015 5470 sni
1035 5412 1246 5475 conversione
1267 5411 1331 5476 duo
1384 5410 1475 5492 ligne
1485 5405 1774 5487 supprimerentur.
1809 5405 1882 5486 Ego
1895 5424 1977 5481 sum,
1995 5402 2101 5483 inquit
2111 5399 2240 5484 (Ioann.
2254 5402 2302 5495 15ζ
2316 5395 2360 5480 1),

886 5496 892 5502 ⁷
1383 5491 1479 5568 vitis,
1509 5510 1568 5556 vos
1589 5489 1755 5571 palmites3
1788 5496 1882 5570 pater
1904 5510 1997 5553 meus
2016 5483 2160 5569 muccla
2181 5489 2244 5562 est;
2278 5489 2363 5580 s1cut

342 5581 555 5589 ''u“
1383 5578 1510 5662 palmes
1541 5595 1608 5638 non
1640 5579 1747 5655 potest
1777 5574 1921 5637 fructum
1953 5575 2038 5639 ferre
2070 5591 2090 5634 a
2116 5589 2152 5634 se
2177 5570 2264 5652 ipso,
2297 5569 2362 5632 nisi

418 5679 448 5747 1)
466 5680 541 5733 Libr.
559 5677 584 5732 2.
604 5679 638 5732 de
656 5680 761 5733 remiss.
780 5684 881 5748 peccat
900 5695 921 5731 e.
941 5675 981 5731 18.
1382 5660 1543 5731 manserit
1561 5659 1598 5721 in
1619 5659 1702 5736 vite,
1719 5658 1765 5724 sic
1786 5679 1848 5723 nec
1865 5679 1932 5737 vos,
1955 5659 2019 5740 uisi
2036 5657 2071 5721 in
2088 5677 2141 5720 me
2158 5655 2346 5721 manseritis
2352 5675 2361 5732 ;
