5600 6809
419 761 484 823 867

424 955 458 1012 et
490 945 529 1010 de
556 945 626 1009 eius
655 941 940 1026 interpretatione,
968 943 1045 1025 quin
1068 962 1148 1007 vera
1176 943 1232 1019 sit,
1264 940 1406 1004 dubitari

426 1033 518 1096 nefas
541 1038 599 1095 est.
646 1031 787 1093 Tantam
811 1026 1047 1110 impudentiam
1066 1026 1145 1109 quid
1168 1026 1327 1091 insector?
1352 1027 1408 1090 dc·

1078 723 1345 819 monteculo
1367 753 1472 817 Ruri.
1494 750 1677 818 OHRIST.
1703 756 1793 817 rane.

2372 752 2442 814 868

1460 940 1565 1006 Deum
1585 941 1720 1019 resp-icit,
1743 940 1833 1003 salua
1856 940 1944 1004 nolis
1964 944 2097 1004 maneat.
2150 937 2232 1003 Usus
2253 940 2384 1002 obtinuit
2405 946 2443 1003 ut

1459 1027 1643 1090 traditiones
1664 1025 1820 1089 humanae
1837 1032 1978 1090 enecentur
1995 1045 2190 1106 nascentique
2207 1026 2245 1088 de
2262 1024 2347 1087 crultn
2364 1026 2441 1102 Dei,

424 1123 625 1181 monstrasse
658 1115 760 1192 enim,
794 1114 909 1179 vicisse
943 1122 1001 1178 est.
1055 1111 1153 1193 Quod
1182 1113 1221 1176 de
1248 1120 1408 1194 potestate
1454 1117 1583 1193 praeta
1601 1112 1669 1175 eins
1685 1112 1818 1189 umboni,
1834 1113 1975 1192 profecta
1993 1117 2066 1176 sarit
2084 1112 2122 1173 ab
2139 1110 2315 1173 Itoni-initus
2332 1111 2442 1175 edicta.

424 1200 655 1285 approbandae
674 1202 855 1283 scripturae
873 1200 999 1276 docent,
1017 1199 1163 1281 prudens
1175 1199 1297 1262 omitto.
1322 1197 1408 1262 Sub-

423 1290 524 1354 iicere
553 1288 643 1351 enim
671 1287 706 1349 in
729 1307 805 1350 eum
826 1286 958 1350 modum
980 1286 1045 1350 Dei
1073 1284 1206 1349 oracula
1234 1284 1409 1348 hominum

426 1394 599 1450 censurae,
629 1382 667 1436 ut
689 1371 760 1436 ideo
783 1378 855 1434 rata
877 1370 944 1436 sint
965 1372 1042 1452 quia
1063 1371 1246 1453 placuerint
1269 1370 1409 1433 hemini-

428 1460 503 1536 bus,
532 1459 737 1542 blasphemia
763 1456 901 1539 indigna
928 1466 978 1520 est
1005 1478 1088 1538 quae
1123 1465 1409 1532 commemoretm3

429 1554 463 1609 et
485 1566 545 1628 ego
573 1546 639 1609 iam
669 1544 817 1625 superius
846 1543 907 1606 hoc
935 1544 1043 1624 ipsum
1072 1543 1174 1624 attigi.
1219 1543 1333 1607 Unum
1360 1549 1410 1604 ta-

430 1652 507 1695 men
537 1652 591 1694 eos
617 1629 752 1712 rogabo:
787 1629 815 1691 si
843 1629 880 1691 in
904 1629 1058 1693 ecclcsiae
1081 1627 1313 1711 approbatione
1335 1628 1411 1691 fun·

431 1716 508 1780 data
530 1723 580 1780 est
602 1715 782 1797 scripturae
805 1714 974 1790 autoritas,
998 1715 1090 1779 euius
1113 1714 1239 1778 concilii
1262 1714 1411 1782 citabant

430 1801 471 1865 de
492 1822 531 1865 ea
552 1823 587 1865 re
609 1799 799 1865 decretum?
844 1799 992 1877 Nullum,
1015 1801 1138 1882 opinor,
1163 1799 1294 1863 babent.
1341 1797 1411 1863 Cur

429 1887 531 1970 igitur
552 1886 692 1950 Nicaeae
714 1886 801 1948 vinci
824 1906 859 1950 se
887 1885 1073 1968 patiebatur
1090 1886 1190 1948 Arius
1215 1885 1411 1948 testimoniis

429 1993 471 2037 ex
498 1973 631 2036 Ioannis
660 1971 829 2054 evangelio
858 1970 1028 2036 adductis?
1067 1971 1152 2036 Erat
1175 1972 1271 2049 enim,
1294 1991 1411 2035 secun·

431 2057 511 2122 dum
534 2059 621 2135 istos,
644 2058 784 2122 liberum
805 2056 990 2139 repudiare:
1013 2055 1258 2138 quando‘nulla
1279 2057 1411 2121 univer-

430 2143 509 2207 salis
530 2143 657 2208 concilii
686 2151 909 2225 praecesserat
935 2141 1133 2225 approbatio.
1181 2143 1336 2225 Allegant
1356 2163 1412 2205 ve-

430 2238 534 2293 terem
563 2228 765 2312 catalogum,
794 2229 850 2309 qui
873 2248 978 2293 canon
1006 2238 1149 2305 vocatur,
1173 2247 1272 2309 quem
1300 2225 1414 2293 dieunt

431 2334 474 2379 ex
491 2314 646 2379 ecclesiae
665 2312 897 2378 diiudicationc
910 2333 1071 2378 manasse.
1099 2312 1167 2378 Sed
1184 2334 1264 2394 rogo
1283 2313 1413 2389 iterum,

431 2421 496 2482 quo
518 2402 553 2463 in
575 2398 712 2465 concilio
731 2420 836 2463 canon
854 2398 909 2463 ille
931 2398 1037 2463 editus
1059 2399 1180 2463 fuerit?
1217 2398 1281 2462 Hic
1299 2400 1415 2463 obmu-

361 2540 362 2543 ,
431 2491 560 2550 tescant
587 2493 722 2566 oportet.
768 2483 967 2566 Quanquam
994 2486 1076 2549 seue
1104 2493 1275 2567 praeterea
1308 2484 1413 2566 cupio,

431 2571 560 2652 qualem
579 2591 651 2634 esse
669 2569 763 2633 illum
782 2591 940 2635 canonem
958 2570 1170 2635 arbitrantur.
1200 2569 1306 2634 Video
1326 2571 1414 2634 enim

432 2657 520 2720 inter
551 2664 679 2720 veteres
707 2655 740 2719 id
774 2676 891 2738 parum
925 2656 1119 2720 constitisse.
1169 2657 1216 2720 Et
1249 2657 1275 2718 si
1304 2656 1414 2720 valere

433 2739 529 2805 debet
561 2739 646 2824 quod
679 2741 726 2805 ait
756 2741 995 2826 Hieronymus,
1028 2741 1103 2804 libri
1136 2741 1413 2806 Machabaeorum

432 2826 567 2905 Tobiae,
601 2826 865 2904 Ecclesiasticus,
899 2836 932 2892 ct
961 2827 1083 2891 similes
1108 2828 1144 2891 in
1167 2826 1313 2892 ordinem
1337 2847 1414 2908 apo-

432 2912 632 2995 oryphorum
654 2911 857 2977 reiicientur:
891 2912 977 2994 quod
999 2912 1053 2976 isti
1076 2912 1167 2977 nullo
1189 2911 1286 2976 modo
1308 2914 1414 2977 facere

429 2997 601 3063 sustinent.

1065 3279 1070 3288 ι

791 3287 943 3354 osPur
965 3287 1008 3353 X.
1025 3292 1031 3330 ¹
1034 3303 1048 3373 )

432 3445 500 3529 De
530 3456 744 3557 potestate
766 3446 810 3528 in
837 3447 1007 3556 legibus
1036 3447 1233 3554 ferendis,
1263 3448 1416 3557 inqua

432 3566 720 3650 saevissimam
765 3566 1033 3677 tyrannidem
1078 3567 1122 3648 in
1164 3569 1323 3650 animas
1371 3581 1416 3650 et

469 3686 751 3769 carnificinam
782 3687 972 3769 exercuit
1002 3715 1114 3799 papa
1146 3718 1242 3771 cum
1274 3689 1372 3771 suis.

521 3856 547 3914 1.
602 3849 752 3931 Sequitur
767 3873 851 3932 pars
876 3853 1027 3932 seamda,
1058 3874 1156 3935 quam
1177 3856 1213 3919 in
1235 3853 1352 3938 legibus
1371 3854 1417 3935 fe·

432 3937 541 4000 randis
572 3937 668 3999 sitam
699 3957 765 4002 esse
789 3939 910 4003 nolunt:
942 3960 981 4003 ea
1012 3960 1077 4020 qua
1109 3941 1297 4023 smtnripine
1325 3946 1417 4005 ¹ortae

432 4027 506 4087 sunt
526 4023 708 4086 innumerae
725 4023 907 4089 traditioms
926 4024 1090 4104 humanae,
1113 4027 1237 4090 totidem
1255 4026 1298 4090 ad
1315 4031 1417 4091 stran-

430 4107 591 4191 pulandas
612 4109 747 4172 miseras
768 4110 895 4175 animas
922 4109 1034 4191 laquei.
1081 4111 1190 4192 Neque
1209 4112 1292 4176 enim
1312 4112 1417 4176 maior

432 4193 501 4258 illis
522 4193 633 4276 religio
653 4193 719 4274 fuit
740 4214 836 4275 quam
857 4194 969 4259 saitis
991 4202 1019 4261 et
1036 4197 1236 4279 pharisaeis,
1260 4199 1417 4278 imponere

433 4279 573 4344 aliorum
600 4279 741 4344 aumas
768 4301 862 4345 aura
888 4301 967 4361 quae
1001 4284 1098 4367 apto
1126 4284 1296 4348 noluissent
1323 4284 1417 4346 attin

433 4385 505 4449 pere
528 4364 663 4446 (Matth.
684 4369 734 4443 23,
754 4365 798 4450 4).
842 4366 970 4450 Alma
993 4368 1082 4432 docui
1103 4389 1199 4450 quam
1219 4369 1354 4434 andelia
1375 4370 1419 4432 sit

436 4450 636 4531 carnificina,
677 4453 759 4532 quod
795 4453 833 4516 de
865 4452 1043 4518 nauatae·
1076 4454 1265 4535 confessicae
1292 4454 1418 4534 praeei-

432 4537 538 4617 piunt.
589 4535 631 4599 In
659 4536 737 4601 aliis
762 4537 879 4620 legibus
904 4543 990 4602 tanta
1018 4539 1164 4603 uiolentia
1191 4560 1252 4603 non
1268 4545 1417 4621 apparet;

437 4623 493 4686 sed
519 4641 597 4702 quae
617 4622 762 4687 oidntm
788 4624 926 4688 omn-inm
946 4625 1084 4689 maciem
1110 4624 1284 4690 tolerabiles
1311 4631 1417 4707 tyran-

437 4709 504 4771 nice
525 4708 726 4772 commentas
742 4716 900 4790 pronum.
937 4711 1035 4774 Taceo
1057 4710 1139 4791 quod
1155 4712 1333 4776 adulterant
1354 4712 1417 4775 cul

437 4798 503 4856 tum
525 4792 603 4871 Dei,
632 4799 660 4857 et
681 4793 786 4858 Deum
812 4797 932 4878 ipsum,
962 4796 1151 4876 quinniens
1177 4803 1222 4861 est
1249 4797 1415 4879 lepislator,

436 4898 494 4941 suo
516 4879 584 4941 iure
610 4880 755 4959 spoliant.
799 4880 886 4946 Haec
906 4885 1045 4961 potestas
1073 4883 1237 4947 tractanda
1259 4903 1341 4946 nune
1362 4888 1415 4960 est,

438 4983 482 5026 an
505 4963 646 5026 ecelesiae
668 4964 757 5029 luent
777 4968 979 5032 commonitas
996 4966 1182 5050 obstringere
1198 4968 1268 5031 suis
1289 4967 1415 5049 lepidus.

440 5046 483 5110 In
504 5068 567 5128 qua
589 5047 797 5127 disputatione
817 5073 877 5116 non
899 5053 1064 5135 attinpitur
1085 5054 1159 5117 ordo
1180 5052 1339 5133 politicas,
1362 5055 1417 5117 sed

438 5137 560 5197 tantum
591 5132 645 5197 loc
683 5136 787 5218 agilan
818 5143 853 5202 nt
890 5139 949 5202 rite
981 5139 1099 5203 eolatm
1127 5138 1216 5204 Deus
1247 5138 1415 5202 seeundum

427 5219 661 5300 praescriptam
681 5242 702 5284 a
724 5243 756 5287 se
772 5224 920 5307 rapulam,
939 5228 966 5288 et
983 5225 1166 5304 spardnalis
1182 5223 1317 5302 libertas,
1335 5243 1415 5304 quae

432 5395 601 5403 -0—--u-——a
629 5397 636 5400 .

502 5527 530 5592 1)
555 5529 609 5581 Hic
632 5529 764 5581 inseritur
787 5529 860 5598 qnod
883 5531 978 5595 fuerat
1003 5536 1033 5585 in
1057 5532 1121 5585 edit.
1144 5533 1321 5600 praecedente
1347 5531 1414 5600 Cep.

434 5592 525 5646 xm.
550 5596 582 5648 de
605 5595 800 5650 traditionibus
822 5598 956 5651 hermonis.
1028 5599 1057 5666 2)
1080 5601 1153 5654 Libr.
1179 5601 1203 5654 3.
1228 5619 1285 5670 cap.
1304 5599 1329 5654 4.
1348 5608 1413 5654 sect.
1469 5653 1475 5666 ,

432 5659 449 5712 4
467 5670 494 5714 et
512 5679 587 5731 seqq.
606 5682 676 5715 max.
695 5679 759 5717 sect.
780 5665 819 5718 17.

1463 1197 1578 1262 Contra
1600 1196 1659 1260 las
1687 1197 1780 1261 nobis
1803 1208 1853 1261 est
1875 1207 2055 1274 certamen,
2086 1218 2150 1259 non
2172 1204 2287 1260 contra
2307 1209 2443 1261 sanctas

1462 1291 1495 1347 et
1516 1285 1609 1348 ortiles
1631 1283 1783 1347 ecclcsiae
1806 1283 2069 1359 constitutiones,
2099 1304 2181 1363 quae
2203 1282 2255 1346 vel
2278 1283 2318 1345 ad
2341 1282 2444 1347 disci-

1461 1369 1586 1451 plinam
1608 1370 1660 1432 vel
1686 1369 1891 1432 honestatem
1913 1369 1959 1431 nel
1982 1389 2091 1449 pacem
2113 1369 2368 1433 conservandam
2391 1371 2443 1431 fa·

1462 1456 1562 1518 ciunt.
1598 1454 1695 1518 Ftnts
1716 1460 1817 1517 autem
1839 1455 1986 1530 certandi,
2008 1460 2041 1517 ut
2061 1461 2234 1519 conseatur·
2255 1456 2444 1518 immensum

1462 1547 1490 1605 et
1511 1541 1678 1605 barbarum
1700 1540 1877 1621 imperium,
1898 1541 1978 1620 qnod
2000 1541 2060 1604 sibi
2079 1551 2238 1621 usurpant
2260 1540 2444 1604 inanimae

1463 1628 1517 1709 qui
1540 1640 1686 1709 pastores
1709 1625 1863 1690 ecclesiae
1886 1626 1999 1689 baberi
2021 1626 2145 1703 volunt,
2169 1647 2204 1689 ro
2227 1637 2336 1689 autem
2362 1647 2443 1689 vera

1463 1713 1644 1777 saevissimi
1674 1724 1751 1775 sunt
1783 1713 1958 1776 carnifices.
2010 1709 2102 1791 Quas
2129 1713 2216 1775 enirn
2247 1712 2335 1794 leges
2362 1733 2444 1777 con-

1464 1798 1560 1875 dunt,
1584 1797 1770 1879 spirituales
1793 1817 1864 1860 esse
1886 1798 1993 1869 aiunt,
2018 1797 2059 1861 ad
2081 1799 2207 1861 animas
2230 1799 2443 1879 pertinentes,

1464 1894 1497 1949 et
1530 1904 1584 1947 eas
1618 1881 1660 1947 ad
1692 1884 1793 1946 vitam
1829 1892 1994 1947 aeternam
2033 1884 2232 1947 necessarias
2265 1885 2444 1948 affirmant.

1464 1968 1522 2035 Sic
1544 1978 1654 2033 autem
1678 1989 1816 2051 regnum
1839 1968 1974 2040 Christi,
1999 1982 2037 2031 ut-
2058 1990 2165 2050 nuper
2187 1970 2290 2052 attigi,
2313 1968 2445 2034 invadi·

1465 2064 1533 2134 tur;
1562 2055 1609 2119 sic
1632 2055 1779 2128 libertas,
1807 2053 1847 2116 ab
1869 2055 1940 2137 ipso
1960 2052 2104 2117 fidelium
2128 2056 2333 2119 conscientiis
2356 2055 2443 2133 data,

1465 2142 1661 2224 opprimitur
1681 2142 1813 2223 penitus
1835 2161 1872 2204 ac
1894 2139 2063 2204 disiicitur.
2094 2141 2199 2205 'lacco
2217 2161 2303 2204 nunc
2321 2149 2445 2223 quanta

1465 2228 1632 2308 impietate
1669 2225 1778 2309 legum
1811 2247 1946 2290 suarum
1985 2227 2247 2291 observationem
2284 2229 2444 2300 sanciant,

1467 2312 1543 2377 dum
1574 2334 1615 2376 ex
1643 2312 1716 2395 ipsa
1743 2325 1775 2376 et
1802 2320 2009 2394 peecatorum
2035 2313 2261 2376 remissionom
2289 2321 2321 2377 et
2349 2315 2445 2377 iusti-

1467 2400 1546 2462 tiam
1575 2409 1607 2462 et
1635 2398 1773 2462 salutem
1801 2405 1957 2479 quaerere
1980 2397 2110 2475 docent,
2141 2398 2219 2461 dum
2242 2406 2344 2462 totam
2367 2399 2446 2462 reli·

1465 2486 1572 2567 gionis
1599 2495 1632 2546 et
1661 2484 1792 2567 pietatis
1820 2505 1983 2548 summam
2010 2484 2046 2546 in
2074 2484 2146 2565 ipsa
2168 2495 2325 2548 statuunt..
2371 2485 2446 2549 Hoc

1466 2575 1587 2634 unum·
1603 2567 1778 2645 contendo,
1816 2570 2043 2634 necessitatem
2080 2571 2203 2652 imponi
2237 2571 2446 2636 conscientiis

1466 2677 1533 2719 non
1564 2654 1680 2719 debere
1710 2656 1744 2718 in
1772 2655 1891 2737 quibus
1920 2656 2017 2720 rebus
2046 2677 2065 2718 a
2092 2655 2226 2721 Christo
2252 2655 2444 2726 liberantur,

1467 2763 1526 2806 neo
1559 2740 1621 2805 nisi
1655 2741 1825 2818 liberante,
1859 2752 1897 2803 ut
1929 2750 2027 2804 antea
2060 2741 2244 2816 docuimus,
2278 2744 2447 2824 quiescere

1468 2827 1555 2910 apud
1588 2827 1697 2890 Deum
1737 2839 1884 2909 possunt.
1934 2826 2078 2892 Unicum
2111 2848 2222 2911 regem
2256 2840 2446 2910 agnoscant,

1467 2934 1562 2978 suum
1585 2912 1794 2978 liberatorem
1816 2912 2003 2990 Christum3
2033 2924 2066 2976 et
2089 2935 2154 2977 una
2180 2913 2337 2977 libertatis
2360 2914 2446 2995 lege,

1466 3019 1585 3080 nempe
1612 3020 1704 3064 sacro
1734 2998 1897 3082 evangelii
1927 2999 2035 3074 verbo,
2065 3006 2224 3082 rogantur
2244 3006 2386 3081 oportet,
2417 3000 2447 3061 si

1467 3086 1605 3168 gratiam
1625 3104 1722 3166 quam
1743 3087 1779 3149 in
1797 3085 1930 3150 Christo
1949 3084 2048 3148 semel
2067 3085 2284 3160 obtinuerunt,
2303 3085 2449 3148 retinere

1466 3170 1597 3248 volunt;
1630 3170 1721 3234 nulla
1754 3172 1913 3236 serectute
1945 3179 2134 3247 teneantur,
2173 3169 2271 3235 nullis
2304 3170 2447 3235 vinculis

1467 3256 1701 3339 astringantur.

1547 3345 1582 3405 2.
1627 3342 1777 3425 Fingunt
1804 3339 1935 3424 quidem
1965 3339 2102 3406 Solones
2131 3342 2200 3419 isti,
2227 3363 2302 3407 suas
2324 3343 2447 3407 consti·
2483 3369 2485 3371 ·

1467 3428 1610 3493 tutiones
1641 3428 1731 3510 leges
1764 3448 1835 3492 esse
1867 3427 2042 3503 libertatis,
2077 3449 2177 3492 suave
2206 3429 2334 3511 iugum,
2363 3449 2446 3492 onus

1466 3513 1553 3591 leve;
1593 3513 1650 3578 sed
1679 3534 1770 3577 mera
1802 3534 1873 3577 esse
1906 3512 2076 3577 mendacia
2107 3514 2180 3594 quis
2214 3535 2278 3577 non
2313 3511 2445 3578 videat?

1467 3598 1601 3663 Nullam
1624 3600 1686 3682 ipsi
1708 3598 1838 3680 quidem
1860 3599 1970 3682 legum
1996 3619 2129 3662 suarum
2151 3600 2349 3682 gravitatem
2372 3621 2447 3683 sen-

1467 3686 1568 3761 tiunt,
1598 3686 1653 3767 qui
1676 3686 1800 3749 abiecto
1821 3683 1885 3748 Dei
1912 3685 2026 3747 timore
2054 3692 2122 3747 tam
2145 3706 2220 3748 suas
2242 3706 2339 3766 quam
2362 3685 2448 3749 divi·

1466 3791 1526 3834 nas
1555 3770 1645 3853 leges
1674 3792 1786 3835 secure
1815 3793 1852 3835 ac
1881 3782 2012 3834 strenue
2040 3769 2221 3853 negligunt.
2272 3769 2339 3851 Qui
2370 3793 2447 3836 vero

1467 3855 1575 3936 aliqua
1596 3857 1713 3921 salutis
1736 3878 1813 3921 suae
1836 3877 1913 3921 cura
1935 3863 2127 3938 tanguntur,
2154 3857 2332 3938 plurimum
2355 3858 2449 3922 abest

1467 3943 1545 4023 quin
1568 3964 1602 4006 se
1624 3943 1742 4008 liberos
1765 3942 1965 4017 existiment,
1989 3940 2143 4023 quamdiu
2167 3942 2218 4005 his
2235 3943 2360 4024 laqueis
2383 3944 2447 4006 im-

1467 4027 1639 4109 plicantur.
1673 4028 1833 4092 Videmus
1856 4044 1978 4111 quanta
2001 4029 2152 4092 cautione
2173 4038 2323 4093 versatus
2346 4029 2449 4093 sitin

1468 4113 1529 4178 hac
1551 4127 1642 4196 parte
1664 4115 1797 4193 Paulus,
1820 4122 1920 4178 utne
1942 4135 2009 4178 una
2026 4112 2158 4196 quidem
2178 4115 2214 4177 in
2236 4137 2271 4179 re
2293 4115 2449 4195 laqueum

1468 4199 1600 4265 iniicere
1623 4221 1722 4264 ausus
1744 4202 1841 4264 fuerit
1863 4200 1894 4281 (l
1917 4199 1991 4264 Cor.
2012 4204 2040 4277 7,
2061 4199 2126 4282 35).
2167 4201 2280 4282 Neque
2302 4200 2335 4263 id
2353 4201 2450 4266 nulla

1468 4306 1575 4350 causa.
1608 4286 1832 4368 Prospiciebat
1854 4295 1941 4350 certe
1963 4295 2122 4367 quantum
2140 4286 2260 4350 vulnus
2281 4286 2450 4366 infligere-

1469 4379 1524 4435 tur
1546 4373 1758 4448 conscientiis,
1782 4372 1809 4435 si
1833 4392 1946 4435 carum
1968 4393 2078 4435 rerum
2100 4374 2275 4436 necessitas
2297 4370 2360 4433 illis
2383 4371 2449 4435 im-

1468 4465 1659 4540 poneretur,
1687 4478 1825 4540 quarum
1846 4457 1960 4521 relicta
1982 4469 2069 4522 esset
2094 4478 2112 4521 a
2133 4458 2276 4521 Domino
2302 4456 2448 4523 libertas.

1469 4541 1593 4607 Contra
1624 4543 1793 4607 numerari
1825 4543 1883 4606 vir
1916 4554 2053 4624 possunt
2084 4543 2331 4606 constitutiones
2365 4565 2448 4625 quas

1468 4629 1522 4692 isti
1545 4630 1737 4712 gravissimo
1759 4637 1909 4693 aeternae
1931 4627 2047 4691 mortis
2065 4625 2309 4690 denuntiatione
2328 4650 2448 4693 sanxe-

1468 4723 1547 4777 runt
1553 4739 1561 4792 ;
1584 4736 1664 4796 quas
1687 4715 1891 4779 severissime
1913 4714 2052 4795 exigunt
2072 4720 2227 4792 tanquam
2246 4712 2448 4779 adsalutem
2567 4734 2575 4746 ’

1469 4801 1677 4864 necessarias,
1729 4800 1774 4862 Et
1807 4801 1843 4861 in
1876 4799 1928 4861 his
1955 4796 2136 4879 permultae
2164 4807 2242 4861 sunt
2272 4797 2448 4864 observatu

1469 4884 1693 4963 difficillimae;
1722 4904 1835 4947 omncs
1864 4903 1957 4959 vero,
1988 4885 2014 4946 si
2042 4883 2076 4946 in
2099 4881 2229 4948 turbam
2253 4905 2347 4949 suam
2369 4908 2446 4950 con-

1468 4979 1634 5053 gerantur,
1652 4968 1881 5051 impossibiles:
1900 4975 2013 5033 tantus
2032 4977 2082 5033 est
2100 4990 2245 5034 acervus.
2280 4968 2346 5050 Qui
2367 4993 2447 5055 ergo

1467 5055 1537 5119 ficri
1565 5055 1685 5136 poterit
1713 5065 1750 5119 ut
1784 5076 1850 5119 non
1879 5064 2028 5119 extrema
2057 5057 2222 5124 anxietate
2256 5068 2288 5119 et
2320 5069 2447 5121 terrore

1466 5140 1613 5222 perplexi
1635 5150 1783 5220 urantur,
1806 5141 1924 5223 quibus
1942 5149 2034 5205 tanta
2055 5141 2256 5208 difficultatis
2274 5142 2375 5206 moles
2393 5144 2446 5205 in-

1467 5226 1612 5290 cumbit?
1657 5227 1767 5293 Huius
1791 5224 1920 5312 generis
1943 5248 2020 5311 ergo
2043 5229 2291 5293 constitutiones
2314 5228 2366 5291 hic
2382 5229 2445 5291 im·

1466 5332 1616 5394 pugnare
1637 5314 1767 5379 animus
1791 5324 1856 5379 est:
1885 5315 2024 5397 quaein
2052 5313 2114 5379 hoo
2140 5314 2293 5378 feruntur
2314 5325 2352 5377 ut
2372 5314 2445 5377 ani-

1466 5416 1536 5462 mas
1557 5398 1648 5464 intus
1669 5422 1779 5465 coram
1797 5399 1869 5465 Deo
1891 5400 2004 5483 ligent,
2027 5405 2061 5463 et
2077 5399 2268 5483 religionem
2286 5400 2444 5478 iniiciant,

1466 5485 1553 5549 acsi
1576 5484 1615 5550 de
1644 5486 1804 5551 rebusad
1832 5486 1971 5550 salutem
1997 5487 2188 5550 necessariis
2209 5487 2444 5569 praeciperent

1554 5575 1581 5635 3.
1627 5572 1719 5636 Haeo
1740 5572 1887 5654 quaestio
1909 5571 2079 5653 plerosque
2105 5571 2179 5636 ideo
2200 5571 2339 5655 impedit
2359 5570 2446 5654 quod

1464 5663 1552 5720 mter
1584 5666 1773 5736 externum,
1807 5665 1846 5721 ut
1870 5663 2002 5735 vocant,
2035 5664 2068 5720 et
2095 5658 2311 5723 eonscientiae
2337 5658 2446 5722 forum
