5600 6809
442 747 501 807 139
1090 737 1355 806 msslsnolo
1376 738 1481 804 ΗΕΒ.
1504 735 1685 804 OHRIST.
1712 740 1803 800 1559.
2117 701 2121 713 ’
2390 741 2452 801 140

438 930 482 995 cd
513 949 608 1010 quam
639 928 771 1008 formati
803 927 850 992 sic
872 929 1107 1008 instauramur,
1140 935 1175 992 ut
1201 949 1276 992 nera
1292 929 1417 1009 pietate,
1471 946 1622 992 arcannm
1643 925 1822 989 divinitatis
1843 926 2006 1004 influxinn.
2043 925 2122 1006 (fuis
2143 925 2185 988 ad
2201 925 2255 990 boc
2271 932 2451 1006 portentum

438 1016 571 1091 iusti-lia,
588 1015 739 1093 puritate,
761 1014 968 1095 intellipentia
986 1015 1154 1098 inopinem
1171 1014 1235 1078 Dei
1255 1018 1416 1096 posterius.
1470 1033 1532 1076 non
1553 1010 1739 1076 exhorreat?
1784 1011 1861 1075 Vere
1881 1013 2006 1092 quidem
2027 1033 2065 1075 ec
2088 1012 2190 1075 Arato
2214 1012 2339 1076 Paulus
2359 1014 2449 1089 (Aa

443 1102 508 1183 Quo
531 1101 648 1181 posito,
672 1099 852 1163 osiandriea
882 1100 941 1164 illa
962 1101 999 1164 de
1019 1101 1125 1184 fipnra
1147 1101 1286 1182 corporis
1306 1099 1419 1180 inrapi-
1474 1102 1522 1176 17,
1543 1096 1599 1179 28)
1628 1117 1684 1160 nos
1711 1096 1789 1161 dicit
1817 1118 1881 1161 esse
1903 1097 1967 1162 Dei
1988 1099 2183 1179 preputium
2211 1098 2266 1161 sed
2290 1099 2450 1178 qualitate,

438 1187 525 1253 notio
547 1207 608 1268 per
634 1207 666 1250 se
691 1184 785 1265 facile
812 1187 970 1249 enaiiescit.
1018 1188 1105 1266 Quod
1134 1191 1237 1251 autem
1258 1186 1309 1248 cir
1331 1185 1418 1249 solus
1470 1205 1531 1248 non
1558 1183 1748 1260 substantia,
1776 1188 1927 1263 quatenus
1952 1183 2068 1248 scilicet
2094 1183 2214 1247 diuinis
2240 1205 2297 1249 nos
2327 1185 2452 1250 dotibus

438 1275 541 1354 imapo
568 1278 595 1336 et
620 1272 724 1353 ploria
746 1269 810 1334 Dei
837 1275 962 1335 nocamr
994 1272 1082 1351 apud
1111 1273 1251 1336 Paulum
1282 1270 1314 1354 (1
1342 1268 1416 1334 Cor.
1471 1271 1601 1335 ornani't.
1647 1266 1773 1333 Iiderea
1792 1271 1940 1334 creatoris
1960 1269 2126 1333 essentiam
2147 1269 2294 1349 laeuone,
2320 1276 2353 1334 nt
2368 1291 2452 1351 par·

441 1365 489 1437 ll,
511 1358 560 1441 7),
583 1363 610 1421 ct
630 1356 743 1420 mulier
763 1357 939 1421 excluditur
959 1358 998 1421 ab
1019 1357 1073 1420 boc
1094 1358 1221 1422 boiioris
1238 1357 1351 1439 pradu,
1374 1356 1418 1420 ad
1470 1361 1529 1419 tem
1550 1356 1680 1435 quisque
1696 1355 1870 1434 possideat,
1898 1356 2016 1418 nimiae
2043 1355 2194 1419 amuituce
2214 1360 2267 1418 est.
2311 1356 2452 1420 Animas

437 1446 579 1511 ordinem
593 1443 757 1522 politicum
776 1443 925 1523 restrinpi'
945 1463 983 1506 ec
1003 1449 1144 1507 contentu
1160 1449 1256 1525 patet.
1296 1442 1342 1505 Ai
1362 1443 1418 1506 sirb
1470 1461 1555 1523 erpo,
1583 1442 1727 1521 qiiarnois
1753 1439 1821 1504 illis
1848 1441 2003 1522 insculpta
2024 1441 2067 1504 sit
2094 1442 2197 1523 imapo
2216 1440 2294 1519 Dei,
2327 1447 2452 1506 creatas

438 1531 589 1614 imapine,
624 1529 713 1592 cuius
736 1527 775 1608 fit
802 1529 928 1604 inentia,
958 1529 1170 1609 comprehendi
1199 1528 1351 1610 quidquid
1377 1528 1420 1591 ad
1471 1547 1618 1591 essenon
1643 1527 1751 1589 mineus
1778 1548 1874 1608 quani
1901 1527 2040 1609 anpelos,
2068 1532 2147 1591 certo
2175 1528 2372 1591 statuendum
2394 1533 2450 1592 est.

440 1615 639 1698 spiritualem
659 1619 687 1678 et
708 1618 864 1677 aeteruum
885 1613 984 1678 citam
1002 1620 1130 1694 spectat,
1159 1617 1225 1679 iarn
1246 1615 1328 1678 satis
1343 1634 1419 1693 pro-
1472 1611 1596 1677 'Greati'o
1618 1617 1722 1675 antem
1742 1632 1803 1675 uon
1825 1612 1999 1692 transfusio
2018 1618 2075 1689 est,
2098 1613 2152 1676 sed
2173 1614 2322 1677 assutiae
2343 1634 2383 1677 en
2400 1614 2452 1676 ni·

439 1703 546 1768 baluin
567 1722 631 1765 esse
650 1699 793 1764 arbitror.
838 1698 906 1762 Hoc
932 1700 1015 1764 idem
1035 1701 1114 1765 aliis
1128 1701 1235 1765 uerbis
1256 1698 1419 1779 confirmat
1470 1698 1534 1763 bilo
1555 1697 1726 1763 exordium.
1761 1697 1827 1761 Nec
1848 1719 1926 1776 oero,
1949 1699 1979 1762 si
2001 1719 2022 1762 a
2043 1696 2111 1762 Deo
2131 1700 2265 1779 spiritus
2282 1700 2376 1763 datus
2393 1704 2450 1777 est,

318 1793 321 1799 ’
440 1788 590 1865 loannes,
614 1805 754 1849 asserens
775 1784 821 1869 (l,
840 1784 892 1868 4),
914 1786 1038 1865 uitam,
1055 1807 1135 1868 quae
1156 1787 1191 1850 iii
1208 1790 1329 1850 aeterno
1353 1784 1418 1848 Dei
1470 1790 1499 1848 et
1519 1804 1558 1847 er
1578 1803 1671 1847 carne
1691 1784 1854 1865 niiprandc
1872 1784 1915 1848 ad
1931 1805 2002 1848 eum
2017 1785 2106 1861 redit,
2119 1786 2266 1864 protinus
2282 1785 2451 1850 dicendum

438 1894 574 1938 sermone
600 1872 637 1935 ab
659 1871 750 1934 initio
771 1876 847 1949 erat,
868 1871 969 1952 fuisse
997 1871 1094 1935 lucem
1116 1871 1283 1936 lominum.
1331 1870 1418 1935 Nam
1470 1875 1528 1948 est,
1562 1891 1601 1934 en
1625 1870 1694 1932 eius
1727 1869 1903 1934 substantia
1935 1871 2110 1950 decerptum
2137 1890 2209 1934 esse.
2253 1870 2357 1951 Atque
2390 1870 2452 1936 bac

438 1978 534 2043 quum
562 1957 759 2037 propositum
791 1957 834 2021 sit
859 1957 1053 2040 sinpularem
1081 1957 1145 2022 Dei
1168 1959 1320 2041 pralium,
1354 1978 1418 2037 qua
1469 1977 1587 2037 quoqne
1607 1956 1642 2018 in
1657 1961 1750 2035 parte
1771 1954 1935 2034 Osiander,
1955 1955 2032 2019 dum
2053 1956 2122 2020 suis
2142 1955 2342 2020 illusionibus
2361 1958 2453 2039 effer-

438 2045 526 2108 bomo
548 2043 679 2124 reliquis
700 2041 915 2106 animantibus
930 2043 1103 2123 praecellit,
1127 2044 1266 2139 laudare,
1291 2048 1325 2106 nt
1347 2063 1417 2109 enm
1469 2049 1537 2119 tur,
1567 2041 1665 2121 impio
1686 2061 1789 2105 errore
1810 2062 1843 2105 se
1870 2042 2037 2124 implicuit,
2065 2042 2235 2123 imapinem
2256 2042 2319 2107 Dei
2340 2043 2377 2107 in
2399 2043 2454 2109 bo·

438 2135 571 2212 seprepet
591 2150 630 2193 eu
649 2129 803 2191 communi
820 2149 956 2207 numero,
978 2130 1055 2208 quia
1069 2150 1131 2193 non
1148 2130 1307 2211 culparem
1325 2129 1418 2210 adep
1470 2128 1554 2191 inlice
1575 2148 1636 2190 riori
1657 2147 1825 2208 apnosceus
1844 2129 1913 2192 sine
1933 2126 2093 2191 essentiali
2114 2128 2248 2206 iustitia,
2277 2130 2370 2208 qnasi
2392 2150 2453 2196 nos

438 2221 488 2280 tus
509 2221 554 2279 est
574 2215 685 2291 odam,
715 2214 768 2278 sul
789 2215 983 2277 coniunctam
1004 2235 1074 2278 cuin
1095 2214 1161 2280 lnce
1181 2215 1419 2298 intellipenti'ae:
1471 2213 1699 2278 irecestiiriabili
1724 2215 1859 2294 spiritus
1886 2214 1938 2277 sui
1964 2213 2076 2277 virtute
2099 2213 2270 2293 auriformes
2291 2215 2353 2278 sibi
2380 2216 2454 2281 rod-

438 2300 534 2368 simul
557 2300 689 2365 ostciulit
707 2299 853 2378 quomodo
876 2299 919 2363 ad
938 2300 1107 2383 imapinein
1124 2300 1188 2365 Dei
1210 2302 1251 2364 sit
1267 2302 1417 2365 conditus.
1471 2301 1543 2364 dere
1560 2304 1691 2378 nequeat
1701 2298 1800 2377 Deus,
1823 2300 1900 2380 quin
1917 2298 2164 2363 substantialiter
2179 2297 2323 2364 Obristus
2339 2301 2375 2364 in
2393 2322 2453 2367 nos

438 2387 541 2470 Erpa,
572 2407 669 2466 quum
691 2384 754 2448 Dei
775 2386 877 2467 iinapo
900 2386 943 2449 sit
963 2386 1086 2470 intepra
1107 2393 1239 2451 naturae
1265 2386 1419 2450 biumauae
1471 2406 1504 2450 se
1525 2384 1736 2465 transfundat.
1784 2385 1967 2465 Quocunque
1989 2384 2086 2449 colore
2104 2385 2164 2449 lias
2179 2386 2378 2468 praestigii-as
2399 2387 2455 2468 fu-

432 2473 648 2557 praestantia,
676 2490 755 2551 qnae
782 2469 907 2550 refulsit
934 2472 969 2535 in
990 2471 1099 2536 Adam
1121 2478 1191 2537 ante
1213 2472 1417 2552 defectionem,
1471 2492 1544 2535 aare
1569 2475 1715 2535 concretior
1742 2470 1899 2547 nonnulli,
1933 2470 2034 2534 oculos
2060 2471 2151 2535 sanis
2180 2471 2342 2536 lectoribus
2370 2493 2455 2536 nuu-

433 2564 545 2641 postea
572 2559 619 2620 sic
645 2557 757 2620 uitiata
781 2561 810 2620 et
834 2576 932 2638 prope
952 2557 1065 2642 deleta,
1098 2563 1134 2620 ut
1160 2558 1241 2622 nibil
1262 2579 1300 2622 eu
1320 2558 1419 2621 ruina
1471 2577 1566 2638 quain
1595 2557 1641 2620 ita
1669 2557 1884 2638 perstrinpent
1911 2557 1990 2636 quin
2017 2557 2144 2620 videant
2175 2558 2311 2636 resipere
2339 2556 2455 2621 Mani

438 2643 505 2709 nisi
537 2642 712 2723 confusum,
745 2642 902 2721 mutilrun,
936 2642 1060 2724 labeque
1094 2643 1241 2724 infectum
1272 2645 1417 2724 supersit,
1470 2643 1635 2707 diacorum
1660 2661 1804 2706 errorem.
1853 2639 1956 2722 Atque
1989 2641 2044 2705 nbi
2079 2642 2117 2706 de
2147 2643 2299 2724 imapinis
2329 2645 2454 2709 iiistau-

439 2749 522 2794 nunc
543 2728 652 2808 aliqim
673 2748 711 2791 ea
726 2732 819 2807 parte
839 2729 1029 2808 conspicitur
1056 2731 1091 2793 in
1119 2729 1233 2806 electis,
1266 2735 1418 2809 quatenus
1470 2730 1592 2792 ratione
1602 2727 1731 2797 disserit
1744 2727 1876 2805 Paulus,
1893 2747 1933 2791 ec
1949 2729 2018 2792 eius
2034 2727 2137 2792 uerbis
2148 2728 2256 2792 elicere
2266 2735 2455 2810 promptum

439 2816 558 2896 spiritu
578 2813 707 2896 rependi
728 2819 818 2893 sunt;
840 2813 968 2894 plenum
994 2835 1066 2879 nero
1091 2815 1244 2897 fulporem
1276 2815 1419 2879 obtinebit
1470 2819 1530 2891 est,
1557 2833 1619 2876 non
1644 2814 1836 2877 substantiae
1863 2813 2001 2892 influau,
2034 2814 2089 2877 sed
2121 2814 2256 2893 spiritus
2285 2817 2395 2897 pratia
2423 2823 2455 2882 ά
2559 2814 2569 2824 ’

439 2904 476 2967 in
497 2900 582 2964 coelo.
634 2897 674 2964 Ut
694 2920 764 2962 nero
785 2899 922 2963 sciamus
941 2901 1055 2980 quibus
1070 2901 1218 2981 portibus
1238 2906 1357 2978 constet,
1380 2901 1418 2965 de
1470 2901 1601 2977 uirtute,
1629 2898 1782 2962 bominem
1805 2898 1907 2979 fuisse
1928 2897 1997 2962 Deo
2018 2898 2211 2979 conformem.
2251 2899 2340 2964 Dic-it
2366 2903 2455 2967 enim

440 2988 566 3053 animae
576 2985 778 3066 facultatibus
794 2984 945 3049 disserere
962 3006 1074 3066 operae
1086 2988 1226 3066 pretium
1243 2991 1295 3051 est.
1331 2987 1418 3050 Nam
1471 2985 1505 3069 (2
1525 2983 1599 3049 Cor.
1621 2988 1649 3063 3,
1672 2984 1725 3068 18)
1750 2982 1871 3049 Christi
1889 2984 2026 3067 pluriam
2046 2984 2241 3063 speadando,
2264 2987 2299 3048 in
2320 2989 2456 3053 eandem

439 3074 500 3139 illa
517 3071 692 3154 Aupnstini
705 3069 728 3154 ¹)
750 3071 919 3150 speculatio
939 3073 1068 3136 minime
1087 3072 1184 3153 frma
1201 3072 1253 3151 es‘t,
1276 3075 1418 3136 animam
1470 3073 1641 3154 imapiriem
1667 3091 1724 3134 nos
1750 3069 1977 3150 transformari
2003 3076 2155 3151 tanquam
2182 3092 2203 3135 a
2225 3071 2358 3136 Domini
2385 3078 2457 3155 spi-

438 3158 593 3223 biuitatis
612 3176 677 3221 esse
693 3156 860 3236 speculum,
882 3157 960 3237 quia
976 3158 1014 3221 in
1031 3178 1069 3222 ec
1087 3158 1224 3222 resideret
1239 3157 1417 3237 intellectus,
1470 3158 1554 3221 ritu:
1581 3157 1637 3237 qni
1663 3161 1741 3221 certe
1762 3157 1809 3220 ita
1837 3157 1874 3219 in
1899 3155 1988 3220 nobis
2008 3159 2156 3236 operatur
2180 3162 2216 3221 ut
2236 3156 2304 3222 Deo
2325 3160 2457 3247 comsub-

304 3251 311 3256 '
438 3244 583 3309 noluntas
609 3243 815 3306 etmemoric.
862 3241 969 3322 Neque
994 3244 1090 3308 etiam
1115 3242 1292 3324 probabilis
1313 3264 1420 3308 eorum
1470 3242 1633 3308 stantiales
1653 3262 1711 3306 nos
1730 3242 1849 3306 reddat.

438 3330 558 3411 opima
587 3328 644 3408 qui
664 3326 729 3391 Dei
749 3327 989 3393 similitudinem
1015 3329 1051 3393 in
1072 3329 1234 3394 mmiuatu
1255 3331 1283 3394 ei
1304 3330 1419 3394 tradito
1559 3333 1587 3392 6.
1623 3328 1764 3393 Animae
1777 3326 1985 3408 definitionem
2006 3350 2027 3392 a
2042 3327 2240 3408 pbilosophis
2254 3336 2359 3409 petere
2375 3333 2456 3398 stul·

438 3416 555 3481 locant:
576 3433 613 3478 ac
634 3413 664 3478 si
680 3412 786 3477 Deum
807 3412 866 3477 bac
886 3419 961 3478 nota
977 3415 1077 3479 solum
1093 3416 1233 3497 referret,
1255 3417 1333 3498 quia
1352 3436 1421 3480 con·
1472 3421 1538 3479 tmn
1558 3419 1643 3493 essct,
1665 3433 1797 3494 ariorum
1813 3433 1899 3478 neruo
1914 3413 1989 3494 fere,
2001 3419 2133 3494 eccepto
2147 3414 2286 3494 Platone,
2307 3417 2457 3485 substau-

439 3503 568 3568 stitutus
594 3500 636 3564 sit
662 3500 799 3562 omnium
826 3519 934 3564 rerum
952 3499 1047 3564 iterus
1067 3520 1105 3564 oc
1118 3520 1296 3582 possessor,
1325 3522 1421 3584 quum
1470 3501 1550 3566 tiam
1575 3499 1781 3564 immortalem
1807 3499 1906 3564 solide
1931 3501 2075 3565 asseruit
2122 3499 2208 3564 Eam
2235 3503 2359 3582 quidem
2391 3506 2457 3571 alii

434 3607 531 3671 penes
556 3587 676 3666 ipsinn,
708 3605 770 3650 non
790 3590 896 3664 entra,
924 3587 1055 3668 proprie
1080 3589 1257 3668 quaerenda
1280 3589 1332 3666 sit,
1356 3588 1420 3653 imo
1472 3607 1590 3669 quoque
1604 3585 1757 3652 Socratici
1778 3586 1950 3668 attinpnnt;
1967 3586 2022 3650 scd
2038 3587 2086 3651 ita
2107 3591 2143 3650 ut
2162 3606 2250 3651 uerno
2270 3595 2376 3668 aperte
2399 3593 2457 3657 do-

439 3673 574 3738 iriterius
595 3671 638 3736 sit
659 3672 783 3735 animae
803 3672 924 3737 bonum.
1472 3679 1538 3738 ceat
1568 3672 1606 3737 de
1638 3691 1698 3753 quo
1730 3672 1797 3751 ipse
1823 3690 2000 3750 persuasus
2032 3693 2094 3736 non
2120 3671 2190 3752 fuit.
2240 3672 2321 3738 Inde
2347 3682 2456 3742 amni

529 3764 557 3821 5.
605 3754 774 3836 Caeterum,
800 3762 966 3838 antequam
987 3757 1111 3841 loupius
1124 3760 1324 3842 proprediar,
1349 3759 1422 3825 Ma
1475 3759 1605 3824 Platoni
1625 3758 1737 3822 rectior
1757 3757 1916 3836 sententia,
1939 3758 2020 3837 quod
2037 3759 2206 3841 imapinern
2218 3758 2283 3825 Dei
2294 3762 2330 3824 iri
2339 3763 2455 3829 anima

440 3843 640 3908 nicbaeorum
667 3843 779 3907 delirio
802 3863 960 3908 occurrere
980 3863 1097 3909 necesse
1118 3850 1179 3925 est,
1206 3847 1287 3927 qnod
1305 3866 1421 3911 rursus
1471 3843 1654 3910 considerat.
1697 3842 1771 3906 Alii
1788 3843 1858 3906 eius
1871 3844 2031 3922 potentias
2051 3863 2089 3908 ac
2107 3845 2272 3925 facultates
2292 3847 2339 3911 ita
2354 3868 2457 3929 prac-

441 3929 500 3994 bac
527 3931 624 3992 aetate
655 3927 796 3993 invehere
821 3931 949 3994 tentaoil
978 3928 1129 3995 Seruitus.
1184 3931 1271 4012 Quod
1303 3932 1421 3996 dicitur
1472 3931 1552 3997 senti
1583 3931 1666 3993 citae
1695 3928 1844 4011 offipuut,
1878 3934 1913 3992 ut
1939 3933 2029 3993 extra
2054 3949 2167 4010 corpus
2191 3931 2273 3994 nibil
2294 3932 2455 4014 reliquum

442 4013 541 4101 (Gen.
562 4017 591 4092 2,
613 4011 647 4096 7)
669 4013 844 4093 inspirasse
861 4014 951 4080 Deus
972 4016 1008 4079 in
1027 4016 1142 4097 faciem
1160 4017 1295 4083 bominis
1316 4019 1420 4099 spira
1471 4017 1601 4098 faciant.
1648 4015 1749 4078 Porro
1776 4034 1814 4078 ec
1840 4016 1999 4095 scriptino
2020 4021 2091 4080 aute
2111 4017 2274 4082 docuimus
2293 4037 2358 4083 esse
2379 4021 2455 4085 sub-

441 4100 546 4166 culinn
566 4100 657 4176 citae,
674 4104 831 4180 putarunt
851 4102 993 4166 animam
1013 4103 1172 4168 traducem
1193 4124 1258 4168 esse
1279 4105 1421 4169 snbstan-
1471 4102 1621 4167 stantiam
1649 4101 1880 4180 incorpoream·
1907 4121 1989 4165 nunc
2016 4103 2194 4179 addendum
2217 4107 2274 4182 est,
2303 4108 2454 4184 quamuis

441 4187 505 4252 tiae
527 4185 591 4249 Dei
596 4209 605 4264 ,·
633 4185 726 4265 qnasi
747 4185 856 4266 aliqua
872 4187 1039 4251 bunnensae
1062 4189 1241 4254 diuinitatis
1256 4191 1363 4271 portio
1384 4191 1420 4253 iri
1466 4187 1599 4269 proprie
1627 4187 1689 4251 loco
1715 4207 1776 4251 non
1804 4186 2092 4266 coripiuieicauii.
2121 4189 2245 4267 corpori
2270 4194 2373 4254 tamen
2403 4193 2455 4256 iu·

441 4271 593 4337 bominem
617 4271 768 4349 fluxisset.
813 4272 913 4352 Atqui
939 4272 990 4337 bic
1016 4273 1188 4339 diabolicus
1215 4296 1303 4340 error
1324 4295 1420 4357 qnam
1471 4275 1572 4340 ditam
1593 4273 1659 4337 illic
1676 4274 1769 4353 qnasi
1789 4273 1824 4336 in
1840 4273 1997 4337 domicilio
2015 4273 2173 4338 babitare:
2194 4295 2256 4338 non
2274 4280 2397 4339 tantum
2417 4284 2455 4342 ut

440 4377 565 4424 crassas
591 4360 620 4421 et
643 4356 753 4437 foedas
780 4357 989 4422 absurditates
1015 4379 1118 4423 secum
1140 4360 1261 4439 trabat,
1290 4362 1420 4426 breoitu
1472 4362 1575 4424 omnes
1602 4360 1671 4423 eiius
1693 4364 1804 4439 partes
1832 4360 1962 4436 animet,
1991 4364 2019 4422 et
2045 4380 2165 4442 arpano
2186 4361 2296 4425 reddat
2323 4367 2402 4441 apta
2424 4369 2456 4428 et

440 4444 595 4508 ostendere
614 4442 708 4523 facile
730 4446 781 4506 est.
824 4441 910 4506 Nani
931 4445 960 4507 si
981 4465 1019 4507 eie
1040 4442 1104 4508 Dei
1126 4447 1259 4511 essentia
1274 4467 1335 4529 per
1356 4451 1420 4510 tra
1471 4445 1565 4510 idilia
1587 4446 1657 4510 suis
1678 4444 1863 4521 actionibus,
1893 4445 1948 4508 sed
1974 4446 2068 4508 ctiam
2089 4450 2124 4507 ut
2139 4446 2317 4524 primatum
2339 4448 2375 4512 iii
2403 4469 2453 4514 re-

440 4529 546 4594 ducem
563 4530 607 4592 sit
624 4529 733 4592 anima
749 4527 898 4606 bominis,
923 4534 1080 4610 sequetur,
1104 4530 1168 4595 Dei
1185 4536 1336 4597 naturam
1353 4552 1415 4596 ucri
1469 4531 1572 4614 penda
1598 4531 1734 4595 bominis
1759 4531 1826 4594 nito
1852 4535 1966 4594 teneat:
1998 4551 2052 4594 noc
2080 4530 2181 4594 solum
2213 4533 2316 4612 quoad
2343 4532 2454 4613 officia

439 4614 540 4679 solum
572 4615 737 4679 mntidioni
771 4634 836 4679 csse
870 4616 1033 4680 obnoxiam
1065 4621 1094 4680 ct
1114 4618 1332 4697 passionibus,
1364 4618 1420 4683 sed
1471 4624 1611 4682 terrenae
1638 4618 1734 4694 citae,
1763 4616 1819 4681 sed
1844 4620 1879 4679 ut
1906 4617 1949 4680 cd
1970 4615 2075 4680 Deum
2101 4616 2259 4682 edendum
2280 4619 2376 4683 simul
2397 4640 2454 4685 en-

440 4700 635 4781 ipriorantiae
656 4720 781 4781 quoqne,
799 4701 915 4782 procis
936 4702 1168 4781 cupiditatibus,
1191 4703 1371 4784 infirmitati
1392 4709 1420 4767 et
1470 4705 1545 4768 citet.
1589 4702 1657 4767 Hoc
1677 4707 1871 4780 postreminn
1897 4704 2021 4766 tametsi
2045 4704 2080 4765 in
2107 4705 2303 4784 corruptione
2327 4704 2453 4786 liquido

440 4804 528 4849 mnne
552 4805 649 4866 penus
674 4787 770 4852 uitiis.
818 4784 911 4851 Nino
933 4786 1055 4851 liouiine
1076 4789 1301 4856 inconstantius
1342 4790 1419 4871 quia
1470 4810 1532 4854 non
1553 4789 1705 4864 cernitin‘,
1732 4788 1802 4851 eius
1823 4793 1925 4851 tamen
1947 4788 2100 4868 reliquiae
2121 4789 2157 4852 iii
2178 4791 2261 4868 ipsis
2282 4791 2370 4854 vitiis
2392 4793 2453 4856 im·

440 4869 509 4933 eius
537 4870 677 4932 annnam
704 4873 864 4954 ecapitanl
894 4879 922 4937 et
947 4874 1035 4937 carie
1061 4874 1240 4939 distrabunt
1266 4876 1419 4940 contrarii
1464 4895 1598 4955 pressae
1617 4878 1750 4937 manent
1802 4872 1889 4938 Unde
1915 4875 1999 4937 onim
2017 4879 2106 4938 tanta
2125 4875 2231 4954 fornae
2253 4895 2330 4939 cura
2352 4876 2451 4942 borni·

439 4959 557 5031 motus,·
588 4955 718 5019 subinde
737 4978 798 5037 per
825 4959 986 5023 inscitiam
1012 4959 1244 5041 hallucinatur,⁰
1275 4963 1419 5026 minimis
1470 4961 1576 5036 nribus,
1607 4959 1673 5023 nisi
1700 4978 1738 5021 en
1759 4959 1908 5038 pudore?
1938 4959 2021 5024 unde
2049 4964 2151 5024 autem
2173 4961 2294 5041 pudor,
2317 4963 2384 5027 nisi
2411 4984 2451 5028 ec
2538 5020 2542 5027 .

440 5039 611 5136 qinbiisqne
633 5043 852 5108 tentationibus
872 5046 972 5110 nictus
993 5046 1161 5110 succumbit
1167 5072 1177 5127 ;
1202 5048 1343 5111 animani
1370 5048 1418 5126 ip-
1470 5046 1588 5109 bonesti
1609 5046 1774 5122 respectu?
1794 5046 1885 5109 cicius
1900 5046 2099 5126 principiimi
2120 5051 2148 5109 et
2169 5067 2267 5111 caiisa
2285 5052 2346 5125 est,
2368 5048 2452 5129 quod

440 5146 511 5190 sam
537 5144 653 5189 scimus
679 5126 821 5190 sordium
848 5133 985 5195 omnium
1015 5132 1160 5196 lacunam
1188 5152 1225 5196 ae
1246 5138 1418 5211 receptacn-
1469 5151 1502 5195 se
1522 5129 1565 5194 ad
1583 5130 1740 5195 mundam
1757 5132 1912 5194 instit-iam
1928 5135 2018 5196 natos
2039 5133 2314 5216 esseintellipunt:
2336 5135 2450 5215 inquo

440 5210 510 5309 luni¹
537 5231 610 5309 esse.
658 5211 744 5292 Qum
765 5215 869 5278 omnic
891 5216 956 5281 Dei
983 5223 1115 5282 cratinae
1149 5217 1323 5283 adscribere
1350 5219 1418 5281 con
1470 5216 1625 5280 indusnm
1657 5221 1702 5278 est
1732 5217 1896 5298 relipionis
1926 5238 2037 5283 semen.
2079 5217 2169 5283 Sient
2201 5224 2305 5283 autem
2336 5220 2451 5301 absque

440 5302 558 5377 reniet,
574 5318 604 5361 si
624 5298 793 5380 recipimus
814 5301 953 5366 animam
975 5322 1041 5368 esse
1060 5323 1098 5368 ea
1119 5303 1184 5367 Dei
1205 5305 1350 5381 essentia,
1371 5303 1419 5367 nel
1469 5300 1677 5366 controversia
1703 5303 1746 5365 ad
1773 5303 1909 5368 coelestis
1940 5305 2022 5368 citae
2050 5305 2280 5370 meditationem
2308 5306 2451 5370 coiiddus
2490 5345 2492 5350 ·

1468 5387 1531 5468 fuit
1551 5387 1648 5464 imino,
1670 5387 1718 5451 ita
1740 5390 1808 5453 eius
1829 5390 1981 5455 riotitiain
1993 5392 2120 5455 animae
2139 5389 2239 5470 fnisse
2261 5392 2450 5472 insculptam
2542 5460 2551 5475 ,

1469 5478 1584 5537 certiun
1611 5478 1663 5540 est.
1707 5473 1752 5538 El
1779 5495 1854 5539 sane
1875 5477 2049 5556 praecipuo
2076 5475 2295 5556 iutellipentiae
2316 5499 2378 5542 usn
2399 5496 2450 5542 ca

512 5587 632 5651 1)Lib1·.
652 5591 684 5641 ile
704 5589 800 5642 Trinit.
820 5587 861 5642 10.
879 5605 900 5640 c.
921 5586 953 5639 11
971 5589 1031 5659 (17)
1049 5610 1124 5661 seqq.
1151 5578 1179 5647 it
1202 5593 1263 5644 libr.
1284 5593 1317 5644 de
1337 5591 1416 5644 civit.
1468 5566 1550 5624 reret
1571 5562 1667 5640 homor
1690 5562 1796 5626 mim
1813 5581 1883 5625 eum
1900 5563 2008 5627 lateret
2022 5562 2173 5644 leheim:
2193 5566 2284 5627 0111113
2299 5563 2451 5644 Peffmw

328 5713 332 5725 ,
442 5655 492 5707 Dei
511 5655 552 5709 11.
571 5673 592 5708 c.
612 5657 652 5710 10.
673 5675 693 5709 c.
713 5657 748 5708 24
765 5674 840 5726 seqq.
1468 5649 1513 5707 est
1543 5652 1613 5711 tum
1646 5646 1714 5713 Deo
1745 5648 1939 5712 cciiinnctum
1969 5669 2042 5713 esse.
2099 5646 2186 5711 llnde
2217 5653 2246 5711 et
2273 5651 2452 5730 praecipua
