5600 6809
373 757 432 817 661
731 708 822 819 616
844 751 905 815 11.
949 751 1013 816 oa
1035 749 1272 818 61166616
1294 748 1462 818 116666
1484 748 1551 816 AD
1573 749 1803 821 amaran.
1849 753 1949 822 oar.
1971 756 2013 818 1.
2315 760 2379 822 661

371 949 488 1009 661661
537 942 653 1024 116666
680 942 766 1024 6661
794 938 914 1005 alicubi
945 941 1093 1022 pactione
1125 940 1346 1023 impetrarunt
1397 937 1521 1003 latione
1543 940 1724 1006 sacerdotia
1744 943 1948 1008 commodato
1966 943 2141 1025 accipiunt,
2162 963 2244 1026 6666
2265 947 2375 1011 statim

369 1029 533 1112 principes
556 1050 576 1093 6
597 1029 741 1092 16166616
765 1025 981 1110 pontificibus,
1004 1033 1042 1089 ut
1058 1027 1267 1090 nominarent
1282 1025 1345 1108 ipsi
1397 1024 1583 1094 redditurus
1600 1047 1635 1091 se
1653 1027 1858 1108 pollicentur,
1882 1029 1940 1094 sed
1955 1027 2122 1093 interdum
2140 1050 2206 1094 non
2224 1029 2376 1111 reddunt,

370 1115 545 1197 episcopos,
569 1116 604 1178 in
622 1134 660 1178 eo
678 1113 761 1178 nihil
779 1111 856 1177 novi
874 1110 987 1175 damni
1003 1112 1080 1177 16611
1096 1111 1246 1191 66616616;
1269 1112 1346 1193 6616
1398 1123 1431 1174 61
1453 1111 1517 1175 alia
1539 1113 1609 1177 eius
1631 1115 1760 1195 generis
1782 1116 1947 1199 mysteria.

370 1201 535 1265 canonicis
557 1198 718 1264 duntaxat
739 1199 868 1275 electio,
897 1218 997 1279 quam
1024 1197 1115 1261 nullo
1135 1197 1206 1261 iure
1228 1219 1345 1280 rapue-
1486 1201 1513 1261 5.
1559 1198 1686 1264 Verum
1708 1200 1837 1265 etiamsi
1858 1201 1906 1264 illi
1932 1201 2051 1265 abusus
2079 1201 2252 1266 crassiores
2281 1201 2376 1266 tolle-

370 1286 892 1364 16611616611616161161661,
922 1283 1075 1365 61661616
1095 1291 1152 1348 661
1197 1284 1261 1348 Est
1283 1284 1345 1349 hoc
1398 1292 1528 1361 rentur,
1557 1305 1668 1348 annon
1696 1285 1779 1350 illud
1802 1307 1931 1369 semper
1953 1286 2132 1352 absurdum
2152 1295 2216 1363 661,
2239 1286 2375 1372 presby-

347 1390 449 1436 ’6666
471 1370 694 1436 foedissimum
716 1370 917 1453 exemplum,
940 1368 1186 1449 6661616616
1207 1369 1344 1433 mittun·
1397 1376 1505 1432 terum
1535 1370 1735 1435 constituere
1758 1372 1811 1435 661
1837 1372 1946 1437 166661
1968 1372 2096 1436 nullum
2119 1372 2285 1456 assignes?
2316 1394 2375 1438 ne-

369 1466 425 1521 tur
443 1458 583 1540 episcopi
602 1456 642 1520 61
661 1455 865 1538 occupandas
883 1453 1045 1534 ecclesias,
1063 1461 1097 1520 61
1107 1456 1236 1537 6161616
1252 1456 1344 1538 prin·
1396 1456 1520 1519 minem
1543 1458 1630 1521 enim
1652 1457 1806 1520 ordinant
1827 1459 1890 1521 nisi
1913 1457 1954 1522 61
1976 1457 2236 1523 sacrificandum
2270 1460 2374 1540 Atqui

371 1544 480 1624 cipum
508 1551 635 1607 esseta
662 1543 719 1606 tali
741 1541 927 1623 6611661616
954 1541 1126 1605 abstinere.
1169 1542 1233 1606 Est
1255 1543 1343 1605 enim
1396 1538 1545 1623 legitima
1561 1541 1744 1627 presbyteri
1763 1543 1924 1608 ordinatio
1942 1553 2001 1621 est,
2024 1544 2065 1607 61
2084 1543 2238 1607 ecclesiae
2255 1543 2374 1627 guber-

369 1629 472 1711 impia
499 1628 652 1694 ecclesiae
681 1627 844 1710 spoliatio,
873 1626 998 1709 quoties
1025 1627 1122 1691 alicui
1149 1626 1269 1710 666616
1291 1630 1343 1690 in·
1396 1626 1578 1705 nationem,
1612 1627 1755 1705 diaconi,
1788 1628 1829 1693 61
1857 1629 2081 1712 eleemosynae
2111 1630 2374 1711 procurationem

370 1715 496 1797 geritur
528 1715 695 1796 episcopus
728 1734 825 1795 quem
857 1735 929 1778 non,
957 1713 1105 1795 petierit,
1139 1713 1192 1778 vel
1226 1713 1342 1778 saltem
1396 1713 1514 1777 166611.
1560 1713 1677 1777 Multis
1699 1714 1831 1795 quidem
1852 1715 1979 1797 pompis
2007 1714 2206 1779 adumbrant
2226 1714 2260 1778 id
2288 1715 2373 1797 quod

368 1798 472 1864 libera
492 1820 570 1864 1666
592 1798 785 1882 approbarit.
821 1799 947 1863 Verum
970 1797 1176 1863 inordinatus
1195 1798 1251 1863 ille
1273 1820 1344 1864 mos
1396 1806 1510 1880 66661,
1533 1819 1597 1880 666
1619 1800 1725 1880 specie
1747 1799 1818 1880 ipsa
1834 1801 2080 1865 venerationem
2099 1800 2186 1882 6661
2209 1800 2373 1882 simplices

369 1886 425 1967 qui
445 1887 480 1948 in
503 1885 647 1950 ecclesiis
673 1884 868 1967 iampridem
889 1884 965 1962 fuit,
993 1884 1195 1949 occasionem
1222 1886 1343 1967 princi·
1396 1882 1524 1948 habeat.
1571 1882 1639 1948 Sed
1661 1884 1749 1966 apud
1771 1905 1867 1950 sanos
1889 1886 1967 1967 quid
1988 1886 2099 1951 161616
2121 1896 2260 1968 possunt
2290 1888 2372 1952 istae

368 1970 466 2053 pibus
494 1968 596 2047 dedit,
630 1979 668 2034 ut
695 1970 994 2053 praesentationem
1027 1972 1251 2053 episcoporum
1281 1972 1343 2035 sibi
1395 1968 1522 2048 161166,
1552 1970 1609 2035 ubi
1631 1970 1715 2034 nihil
1737 1970 1833 2034 solidi
1852 1982 1910 2034 661
1931 1971 2001 2037 1611
2023 1971 2156 2036 subest?
2189 1972 2277 2036 Nam
2299 1993 2373 2036 cae·

369 2062 545 2121 sumerent
589 2056 783 2122 Maluerunt
809 2056 1014 2121 6616166661
1042 2077 1112 2120 6666
1139 2057 1341 2137 beneficium,
1395 2056 1560 2119 remonias
1588 2055 1746 2120 adhibent
1772 2056 1888 2120 16161
1914 2056 2076 2121 161616616
2102 2058 2289 2137 accersitas,
2319 2059 2372 2123 vel

370 2163 467 2224 quam
490 2163 602 2206 eorum
624 2142 762 2224 inques
790 2141 893 2206 nihilo
915 2141 989 2223 plus
1010 2140 1044 2205 id
1065 2144 1282 2224 competebat,
1310 2151 1343 2208 et
1395 2162 1438 2204 61
1460 2162 1495 2205 66
1516 2141 1596 2223 16616
1617 2143 1786 2219 confictas,
1817 2141 1937 2224 quibus
1957 2143 2120 2207 abstinere
2147 2144 2250 2208 661166
2277 2145 2370 2209 foret

369 2228 511 2309 quinon
532 2228 643 2292 minus
664 2248 834 2310 perperam
858 2248 896 2292 eo
919 2226 1143 2292 abutebantur.
1395 2226 1448 2290 De
1469 2235 1675 2291 1616661616
1696 2227 1847 2292 61661166
1870 2228 2037 2312 (66111661
2054 2230 2142 2293 66116
2162 2229 2254 2294 111661
2273 2250 2372 2312 66661

368 2374 370 2377 ,
455 2319 484 2376 4.
529 2311 584 2376 En
610 2312 778 2395 praeclara
800 2313 940 2389 vocatio,
964 2314 1057 2378 cuius
1079 2335 1179 2378 661166
1201 2315 1343 2398 episcopi
1395 2313 1540 2377 retinent
1562 2313 1646 2377 nihil
1668 2313 1809 2398 moror),
1838 2313 1878 2378 de
1905 2312 2018 2397 populi
2038 2334 2211 2390 consensu,
2235 2315 2275 2378 de
2297 2315 2371 2380 aliis

369 2397 591 2478 apostolorum
609 2419 809 2464 successores
827 2420 862 2464 66
880 2420 950 2463 esse
968 2400 1099 2464 iactant.
1127 2400 1343 2485 Presbyteros
1394 2397 1492 2463 rebus
1514 2399 1715 2478 necessariis,
1738 2399 1832 2463 nulla
1848 2400 1981 2486 mentio.
2017 2400 2177 2465 Umbram
2194 2399 2372 2464 16661111-

369 2490 480 2547 autem
502 2483 634 2549 creandi
655 2485 707 2549 ius
728 2484 789 2549 sibi
812 2485 890 2549 solis
912 2491 1095 2567 competere
1117 2485 1238 2550 dicunt.
1274 2485 1342 2552 Sed
1394 2483 1486 2549 66166
1513 2484 1586 2547 illas
1608 2485 1882 2567 gesticulationes,
1912 2485 1954 2551 61
1979 2487 2123 2568 16661661
2151 2506 2188 2549 ac
2216 2485 2370 2569 frigidam

368 2570 405 2632 in
429 2569 490 2634 hoc
510 2570 650 2652 pessime
672 2577 887 2652 corrumpunt
908 2578 1003 2635 vetus
1024 2571 1228 2649 institutum,
1257 2571 1343 2655 quod
1394 2570 1569 2635 vetustatis
1590 2570 1807 2636 imitationem
1830 2572 2032 2655 compositas.
2070 2569 2206 2635 Habent
2227 2572 2370 2654 episcopi

367 2675 436 2719 1166
454 2656 660 2738 presbyteros
679 2677 738 2720 sua
755 2655 960 2720 ordinatione
982 2664 1095 2720 616661
1112 2658 1168 2739 661
1185 2658 1341 2740 66661661
1394 2676 1471 2720 6666
1504 2655 1658 2733 11661166,
1692 2657 1750 2738 661
1778 2664 1854 2721 6616
1884 2656 2124 2721 ordinationem
2149 2657 2189 2721 de
2221 2657 2371 2722 16611166

367 2750 485 2824 166661
513 2762 551 2806 ac
578 2750 728 2822 pascant,
761 2741 820 2807 sed
852 2741 1034 2806 sacerdotes
1059 2744 1116 2825 qui
1147 2744 1340 2809 sacrificent
1393 2741 1570 2824 inquirant.
1616 2738 1683 2804 Sed
1710 2740 1809 2823 quid?
1839 2763 1881 2806 66
1908 2743 2016 2827 166616
2043 2763 2119 2806 suas
2145 2743 2262 2807 6116666
2291 2764 2367 2826 poe·

369 2823 539 2905 Similiter,
551 2847 651 2908 quum
675 2826 827 2892 diaconos
848 2836 1048 2905 consecrant,
1071 2829 1155 2892 nihil
1178 2839 1283 2913 agunt
1300 2831 1341 2895 16
1393 2826 1483 2892 sint?
1511 2848 1555 2890 an
1580 2825 1718 2908 1616616
1747 2826 1877 2909 aliquod
1898 2849 2031 2905 nomen,
2055 2826 2142 2910 quod
2163 2829 2199 2893 in
2226 2827 2367 2895 lectione

368 2932 447 2976 vero
470 2913 654 2994 acproprio
675 2914 821 2995 16661616
841 2914 960 2991 officic;
984 2912 1041 2977 sed
1059 2914 1101 2978 ad
1121 2922 1227 2981 certas
1244 2916 1340 2981 modo
1392 2919 1557 2989 occurret,
1599 2910 1789 2977 declinare?
1832 2933 1874 2976 an
1907 2915 2084 2996 coningere
2116 2912 2279 2978 verbum?
2321 2936 2366 2978 66

367 2997 589 3062 caeremonias
609 2999 695 3063 61166
716 2999 851 3064 66116661
873 3000 1070 3081 etpatinam
1090 3000 1253 3083 61116661.
1294 3002 1342 3066 At
1392 2999 1482 3063 vocis
1508 2999 1608 3062 unius
1639 2998 1911 3081 significationem
1938 2999 2111 3063 noverint?
2145 3019 2250 3080 neque
2278 3000 2367 3063 enim

366 3084 401 3146 in
423 3082 548 3167 synodo
570 3083 819 3150 chalcedonensi
837 3085 862 3169 ¹)
890 3090 994 3150 6611116
1021 3086 1182 3150 sancitum
1209 3095 1275 3164 est,
1299 3109 1341 3152 ne
1392 3105 1527 3150 necesse
1549 3092 1613 3162 est,
1642 3084 1878 3148 6116166166
1900 3084 2053 3148 versiculi
2075 3105 2208 3148 sensum
2230 3083 2367 3149 reddere

367 3169 450 3232 fiant
482 3169 650 3234 absolutae
682 3170 918 3250 ordinationes,
952 3170 1014 3235 hoe
1041 3179 1106 3249 est,
1138 3172 1219 3254 quin
1251 3171 1341 3238 locus
1393 3171 1506 3236 661661.
1550 3169 1667 3251 Neque
1693 3168 2135 3236 1661666111666666116116
2160 3168 2367 3251 repelluntur

285 3336 287 3340 ι
367 3254 465 3317 616161
492 3254 678 3339 6661666161
704 3255 861 3322 ordinatis
889 3256 947 3321 ubi
974 3278 1094 3322 munus
1121 3279 1219 3321 suum
1247 3280 1340 3324 6161·
1393 3256 1450 3338 661
1476 3256 1511 3320 16
1540 3256 1594 3320 his
1620 3275 1749 3338 quoque
1781 3255 1963 3338 puerilibus
1995 3254 2165 3320 elementis
2198 3253 2366 3333 deficiunt,

367 3347 471 3403 ceant
521 3339 595 3405 Hoc
622 3340 790 3407 decretum
817 3342 940 3426 duplici
967 3343 1099 3408 nomine
1129 3342 1341 3408 utilissimum
1392 3340 1489 3407 modo
1507 3341 1650 3424 aliquam
1667 3341 1824 3424 pecuniae
1840 3341 1894 3405 161
1911 3341 2036 3425 gratiae
2053 3339 2368 3412 commendationem

367 3433 430 3489 est:
459 3445 501 3488 ne
528 3434 707 3492 onerentur
732 3428 887 3494 ecclesiae
909 3449 1110 3512 supervacuo
1132 3436 1279 3511 sumptu,
1307 3437 1341 3495 et
1394 3428 1575 3492 attulerint.
1619 3427 1780 3492 Eiusdem
1800 3426 1926 3492 farinae
1953 3425 2111 3509 estquod
2132 3446 2234 3508 66661
2256 3423 2298 3489 61
2319 3425 2368 3490 al·

367 3511 403 3574 in
424 3510 574 3576 homines
595 3513 713 3579 otiosos
734 3514 941 3596 expendatur
961 3513 1048 3597 quod
1069 3514 1198 3598 erogari
1219 3535 1341 3597 paupe-
1392 3520 1465 3578 tare
1487 3512 1707 3578 admoventur
1727 3511 1915 3592 ordinandi,
1938 3514 2108 3596 quaeritur
2127 3518 2180 3576 ter
2200 3532 2279 3578 1666
2301 3534 2368 3576 666

367 3596 458 3660 ribus
480 3596 590 3677 debet3
620 3598 736 3664 deinde
765 3607 803 3664 ut
827 3601 849 3663 ii
877 3602 934 3684 qui
960 3599 1169 3680 ordinantur,
1197 3602 1341 3685 cogitent
1392 3598 1575 3677 1616116616,
1609 3599 1718 3664 616166
1751 3599 1842 3683 digni
1874 3598 2007 3664 honore.
2057 3597 2251 3679 Respondet
2282 3618 2368 3662 unus

367 3702 433 3748 1166
451 3703 485 3745 66
504 3683 545 3747 61
563 3683 720 3749 honorem
737 3688 930 3768 promoveri,
952 3685 1009 3751 sed
1027 3708 1147 3752 munus
1165 3686 1227 3751 sibi
1246 3707 1340 3778 6166-
1393 3684 1467 3771 (661
1488 3706 1544 3750 666
1560 3706 1732 3767 66666616
1751 3683 1843 3762 vidit,
1866 3684 1924 3749 sed
1941 3706 1983 3749 66
2001 3683 2080 3767 6611
2096 3683 2257 3749 formulae
2274 3682 2368 3761 desit,

368 3766 439 3831 dari
467 3766 509 3831 ad
536 3768 623 3851 quod
648 3770 836 3837 obeundum
858 3773 986 3838 solenni
1012 3773 1238 3838 testificatione
1260 3770 1340 3836 obli·
1393 3771 1455 3836 hus
1476 3777 1587 3855 661166
1614 3770 1716 3835 habet
1737 3771 1772 3833 in
1801 3767 1940 3852 fabula):
1970 3769 2062 3853 digni
2090 3779 2177 3835 sunt.
2223 3767 2311 3848 Quid
2333 3769 2369 3832 in

367 3859 496 3934 gentur.
541 3855 587 3918 At
608 3877 820 3923 romanenses
839 3858 1004 3942 magistri,
1034 3859 1089 3941 qui
1116 3858 1201 3922 nihil
1228 3860 1262 3922 in
1289 3880 1341 3923 re-
1392 3855 1590 3922 venerandis
1611 3855 1683 3920 istis
1704 3856 1853 3938 patribus
1876 3877 2023 3934 accuses,
2046 3855 2110 3920 nisi
2133 3854 2218 3937 quod
2241 3853 2278 3917 in
2299 3861 2370 3918 tam

366 3938 488 4021 ligione
515 3940 698 4006 curandum
729 3950 847 4024 putant
873 3951 1004 4026 6166161
1036 3952 1202 4023 16611661,
1235 3944 1341 4026 611616
1393 3944 1517 4025 6661116
1538 3941 1718 4024 sacrilegiis
1744 3939 1886 4006 ludendo
1908 3940 2018 4007 Deum
2046 3951 2080 4005 et
2106 3940 2255 4005 homines
2279 3939 2370 4004 nullo

367 4023 500 4088 titulum
532 4025 791 4109 interpretantur
823 4028 967 4094 reditum
995 4031 1051 4111 qui
1078 4029 1120 4094 61
1153 4030 1342 4094 alimoniam
1393 4028 1518 4111 pudore
1540 4025 1670 4091 rident?
1703 4027 1751 4090 At
1778 4028 1855 4109 quia
1885 4027 1921 4090 in
1948 4026 2105 4091 diuturna
2132 4024 2369 4107 6166161666-

366 4109 516 4187 sufficiat,
541 4112 610 4177 6116
631 4134 672 4176 61
694 4115 891 4195 patrimonio
913 4116 969 4192 611,
992 4116 1061 4180 6116
1088 4136 1130 4179 ex
1152 4110 1340 4180 sacerdotio.
1394 4113 1540 4178 sessione
1561 4120 1653 4190 sunt,
1675 4121 1797 4192 661661
1815 4111 1852 4182 id
1874 4112 1936 4179 sibi
1964 4113 2031 4177 iam
2058 4111 2165 4177 116616.
2211 4108 2370 4193 Quisquis

366 4195 492 4277 Itaque,
520 4217 621 4278 quum
643 4198 816 4264 diaconum
843 4199 896 4264 vel
924 4201 1151 4284 presbyterum
1178 4199 1340 4278 ordinant,
1393 4200 1484 4263 enim
1506 4208 1620 4263 contra
1636 4197 1718 4262 11666
1739 4204 1807 4261 1661
1828 4197 1917 4263 61616
1938 4205 2071 4280 1616666
2099 4196 2222 4262 6116616
2245 4196 2370 4277 flagitia

366 4280 452 4345 nihil
479 4282 611 4347 solliciti
635 4284 693 4348 ubi
719 4283 859 4349 debeant
879 4286 1079 4363 ministrare,
1107 4285 1255 4350 ordinem
1276 4285 1342 4351 illis
1394 4285 1522 4349 hiscere
1544 4283 1658 4361 audet,
1686 4283 1782 4365 quasi
1806 4285 1864 4366 qui
1890 4304 1984 4349 66616
2005 4283 2136 4350 Cereris
2162 4283 2198 4344 in
2219 4290 2370 4360 apertum

367 4367 553 4447 conferunt,
578 4370 605 4432 si
626 4368 723 4434 modo
744 4363 824 4435 satis
846 4371 964 4436 divites
987 4372 1053 4436 sint
1075 4369 1116 4434 ad
1138 4391 1173 4435 se
1198 4370 1340 4437 alendos.
1394 4371 1473 4435 olim
1499 4369 1694 4452 protulerat,
1724 4368 1766 4432 ad
1792 4369 1931 4454 capitale
1960 4369 2118 4434 iudicium
2145 4366 2186 4430 ab
2213 4364 2292 4446 ipsis
2306 4385 2369 4442 ra-

366 4451 493 4517 Verum
515 4455 588 4537 quis
610 4455 780 4521 hominum
802 4457 862 4522 hoc
884 4457 1028 4539 recipiat,
1051 4469 1088 4521 ut
1109 4456 1224 4521 titulus
1244 4478 1341 4538 quem
1417 4457 1492 4520 itur.
1546 4456 1603 4519 An
1634 4454 1697 4520 hoc
1735 4455 1882 4520 facerent
1914 4456 1942 4520 si
1979 4475 2077 4536 quem
2112 4456 2268 4533 putarent
2298 4470 2370 4515 6666

367 4538 505 4617 requirit
526 4541 655 4605 concilii
677 4542 857 4621 decretum,
885 4543 928 4607 sit
949 4565 1077 4607 annuus
1097 4551 1273 4624 6161661116
1300 4543 1342 4607 61
1429 4541 1529 4606 eum?

368 4621 576 4688 alimoniam?
606 4628 680 4692 Iam
697 4650 775 4693 1616
792 4630 868 4710 6616
884 4628 1082 4694 recentiores
1100 4650 1239 4694 canones
1256 4630 1341 4711 epis·
1482 4632 1510 4691 6.
1554 4627 1627 4699 Iam
1647 4626 1685 4690 in
1701 4627 1933 4691 beneficiorum
1955 4621 2181 4706 collationibus
2200 4620 2298 4704 (quae
2315 4640 2369 4686 res

368 4726 466 4787 66666
488 4708 688 4777 damnabant
710 4736 824 4780 eorum
845 4715 1008 4793 alimonia,
1031 4736 1113 4797 quos
1135 4715 1206 4780 sine
1226 4715 1341 4780 idoneo
1376 4714 1473 4794 ,olim
1496 4712 1672 4778 coniuncta
1693 4719 1765 4777 erat
1786 4732 1862 4776 cum
1884 4709 2102 4785 ordinatione,
2125 4726 2214 4771 nunc
2234 4726 2369 4787 prorsus

368 4791 465 4855 titulo
487 4793 701 4877 ordinassent,
724 4822 788 4883 quo
815 4801 861 4865 616
882 4801 1099 4883 reprimerent
1125 4801 1261 4865 nimiam
1288 4822 1341 4865 eo-
1394 4807 1445 4866 est
1466 4798 1630 4883 separata)
1653 4797 1916 4880 quanto‘melius
1938 4791 2134 4877 sugerunt?
2168 4793 2231 4857 Est
2258 4800 2371 4889 autem

369 4899 445 4941 rum
462 4878 660 4960 facilitatem,
683 4887 782 4950 etiam
801 4886 1342 4971 6661166166611616661666616-
1394 4883 1482 4969 apud
1504 4907 1558 4950 eos
1580 4884 1752 4967 multiplex
1774 4882 1867 4946 ratio.
1903 4880 2018 4961 Neque
2041 4879 2129 4942 enim
2146 4878 2207 4943 soli
2228 4897 2371 4958 66166661

370 4963 486 5028 161661
506 4985 652 5046 6666661.
689 4970 775 5034 Ν661
797 4973 854 5055 661
875 4971 1052 5050 ordinatur,
1074 4973 1240 5038 nominato
1262 4993 1341 5054 666
1396 4971 1571 5036 conferunt
1598 4968 1793 5045 sacerdotia,
1824 4976 1858 5030 et
1884 4966 1920 5029 in
1949 4964 2001 5029 his
2022 4965 2122 5029 etiam
2151 4984 2292 5045 quorum
2313 4983 2370 5027 16-
2466 4980 2472 4992 ·

371 5048 523 5132 11666666
544 5049 639 5115 titulo
660 5057 821 5133 promittit
841 5077 881 5121 66
903 5080 937 5122 66
958 5059 1027 5123 1616
1049 5065 1248 5124 6661661616.
1293 5059 1343 5122 Eo
1396 5064 1516 5123 cantur
1539 5055 1724 5130 collatores,
1752 5073 1819 5116 non
1841 5071 1970 5132 semper
1989 5050 2124 5133 plenum
2150 5049 2214 5114 ius
2231 5048 2370 5127 habent;

343 5142 464 5218 ’66616
497 5134 537 5199 ab
575 5136 805 5203 alimentorum
837 5142 964 5206 actione
1001 5143 1183 5224 depellitur.
1239 5145 1344 5210 Taceo
1397 5143 1455 5208 sed
1477 5143 1534 5208 alii
1561 5137 1859 5224 praesentationem
1879 5135 2016 5214 habent,
2043 5135 2105 5218 ipsi
2133 5143 2243 5200 antem
2271 5133 2371 5198 colla·

370 5221 460 5286 mille
481 5221 613 5286 fraudes
632 5245 716 5305 quae
738 5224 792 5288 hic
814 5225 906 5288 fiunt.
950 5226 999 5290 Ut
1019 5248 1120 5306 quum
1147 5229 1203 5292 alii
1230 5230 1344 5294 inanes
1399 5230 1498 5294 tionis
1527 5227 1664 5290 titulum
1688 5223 1847 5301 retinent,
1882 5222 2016 5287 11666116
2043 5241 2149 5286 causa
2200 5218 2372 5284 Accedunt

371 5307 624 5372 sacerdotiorum
641 5309 753 5375 titulos
770 5309 984 5386 mentiuntur,
1001 5311 1089 5375 unde
1104 5314 1247 5394 quinque
1257 5334 1346 5379 66666
1399 5316 1500 5380 etiam
1533 5309 1772 5376 nominationes
1800 5330 1842 5373 ex
1875 5307 2008 5386 scholis,
2042 5300 2292 5390 resignationes,
2305 5303 2370 5400 ,vel

372 5394 543 5457 annuatim
566 5396 724 5460 conficere
745 5400 922 5478 nequeant;
945 5393 1001 5457 alii
1023 5394 1082 5459 sub
1105 5416 1225 5460 arcana
1242 5400 1346 5479 stipu-
1399 5400 1572 5481 simplices,
1594 5393 1647 5459 161
1669 5395 1919 5476 66116616116616
1944 5413 2044 5458 causa
2064 5394 2182 5469 166166,
2212 5396 2372 5472 16666616

1069 5525 1078 5540 ,
1400 5480 1679 5559 commendatitia,
1708 5482 1959 5563 praeventionea
1988 5486 2022 5544 et
2046 5475 2202 5560 quidquid
2224 5475 2289 5538 tale
2312 5481 2370 5538 est

1400 5570 1531 5632 Verum
1551 5568 1599 5630 ita
1615 5589 1650 5631 se
1672 5587 1786 5631 616666
1826 5570 1933 5645 erunt,
1955 5574 1993 5629 nt
2010 5563 2121 5627 nullus
2138 5581 2251 5626 eorum
2268 5560 2373 5643 possit

317 5725 327 5736 ,
442 5667 557 5736 61161.
578 5667 618 5722 70.
638 5687 660 5723 c.
680 5668 704 5722 1.
737 5690 740 5698 .
1401 5653 1683 5737 611611661161661
1704 5588 1910 5736 exprobrare.
1944 5649 2002 5716 Sic
2022 5646 2199 5715 contendo:
2220 5645 2280 5711 rix
2296 5666 2374 5712 cen·

479 5749 589 5810 0616161·
601 5771 693 5825 opera
734 5754 791 5809 Vol.
810 5751 852 5806 11.
2133 5749 2169 5804 51
