5600 6809
405 744 485 807 1065
661 741 752 807 LIB.
772 741 832 805 IV.
875 739 939 805 Da
961 737 1197 805 uxuuRNIs
1219 737 1383 806 MEDIIS
1405 741 1471 806 AD
1493 738 1723 808 SALUTEM.
1768 741 1868 807 cAP.
1889 741 2022 806 XVIII.
2052 740 2150 807 XIX.
2316 745 2399 809 1066

400 926 521 993 talibus
542 929 657 1011 figuris
679 928 876 1005 insisterent,
899 946 1040 1008 quarum
1058 933 1166 993 status
1181 947 1296 1011 parum
1315 929 1372 992 fir-

401 1035 474 1078 mus
502 1022 600 1092 esset;
627 1012 685 1111 sed
713 1013 829 1112 melius
857 1011 979 1094 aliquid
1001 1034 1020 1077 a
1039 1011 1112 1077 Deo
1134 1021 1371 1114 exspectarent,
1753 1049 1905 1117 ΟΑΡΠΨ
1926 1050 2024 1113 XIX·
2040 1051 2066 1134 ι)

401 1099 486 1182 quod
518 1100 608 1164 nullo
640 1106 776 1163 intentu
804 1098 959 1179 nulloque
986 1099 1052 1162 fine
1076 1105 1245 1181 perstaret.
1296 1100 1372 1165 Aba

401 1185 497 1268 longe
513 1186 596 1249 ratio
616 1184 710 1249 nobis
732 1191 789 1260 est,
812 1184 929 1266 quibus
951 1183 1116 1248 revelatus
1134 1191 1184 1249 est
1203 1184 1369 1249 Christus:
1423 1209 1490 1290 De
1530 1169 1716 1318 qufflque
1754 1208 1861 1290 falso
1899 1207 2124 1289 nominatis
2162 1236 2397 1290 sacramen,

400 1272 436 1335 in
461 1292 526 1353 quo
553 1270 701 1336 thesauri
728 1291 841 1334 omnes
868 1269 1022 1334 scientiae
1045 1276 1077 1333 et
1093 1270 1271 1353 sapientiae
1293 1277 1371 1334 sunt
1447 1329 1455 1345 ,
1602 1329 1610 1345 ,
2273 1328 2280 1344 ,

402 1356 594 1435 absconditi,
623 1362 715 1420 tanta
742 1355 909 1420 affluentia
937 1363 971 1419 et
990 1356 1155 1433 ubertate,
1186 1364 1224 1419 ut
1252 1378 1371 1422 novam
1423 1340 1500 1410 ils:
1539 1330 1613 1411 ubl
1653 1338 1913 1412 sacramenta
1951 1357 2035 1409 non
2079 1356 2171 1409 OSSO
2211 1357 2397 1438 qumque

402 1442 545 1525 aliquam
572 1443 788 1507 accessionem
815 1440 856 1504 ad
878 1440 938 1505 hos
964 1440 1134 1505 thesauros
1159 1463 1289 1524 sperare
1318 1442 1371 1508 vel
1423 1449 1604 1557 reh‘qua'
1637 1478 1745 1558 quae
1776 1477 1852 1558 pm
1885 1448 2155 1529 sacramentis
2192 1448 2397 1531 haetenus

401 1528 580 1611 postulare,
601 1549 678 1594 vere
699 1525 810 1592 Deum
831 1527 961 1591 irritare
983 1527 1040 1604 sit,
1062 1532 1096 1591 et
1117 1527 1290 1593 adversum
1311 1548 1372 1592 nos
1671 1569 1679 1585 ·

401 1634 586 1696 provocare.
620 1614 733 1680 Unum
752 1612 915 1676 duntaxat
932 1611 1101 1677 Christum
1119 1615 1251 1691 esurire,
1273 1633 1371 1695 quae·
1423 1569 1556 1679 1111ξο
1582 1569 1727 1704 hablta
1752 1579 1863 1704 sunt,
1895 1567 2146 1702 dedal'fftffl'r
2178 1579 2272 1650 tum
2293 1598 2397 1678 qua·

401 1719 490 1777 rere,
519 1707 681 1782 spectare,
701 1698 840 1775 discere,
863 1697 1005 1763 ediscere
1026 1719 1085 1762 nos
1107 1705 1245 1781 oportet:
1270 1698 1371 1764 donee
1684 1688 1743 1769 ha
1774 1699 1858 1769 61111
1888 1687 2136 1769 ostendltur.

401 1806 541 1868 magnus
572 1785 627 1850 ille
654 1784 722 1849 dies
754 1783 909 1860 illuxerit,
938 1804 1001 1866 quo
1033 1783 1171 1866 gloriam
1197 1786 1291 1868 regni
1320 1785 1372 1850 sui

401 1870 564 1935 Dominus
592 1869 634 1934 ad
676 1870 789 1934 lenum
810 1869 1046 1947 manifestabit,
1077 1875 1111 1933 et
1129 1891 1164 1934 se
1207 1870 1290 1935 ualis
1312 1877 1370 1947 cst,
1514 1877 1540 1935 1.
1584 1873 1721 1936 Poterat
1748 1871 1896 1953 superior
1925 1869 1965 1935 de
1987 1870 2200 1935 sacramentis
2223 1869 2399 1952 disputatio

395 1956 494 2032 uobis
520 1892 731 2038 spectandum
753 1953 903 2019 ostendet
924 1954 956 2039 (l
981 1954 1095 2019 Ioann.
1120 1959 1148 2034 3,
1172 1892 1215 2039 21.
1262 1956 1371 2038 Atque
1425 1957 1513 2041 apud
1542 1957 1660 2022 dociles
1682 1965 1716 2021 et
1742 1956 1866 2021 sobrios
1894 1954 1955 2019 hoo
1978 1955 2133 2034 obtinere,
2163 1976 2205 2020 ne
2232 1955 2398 2022 6116666-

401 2041 463 2105 hac
494 2043 621 2106 ratione
654 2048 801 2106 nostrum
833 2040 894 2107 hoc
923 2040 1090 2106 saeculnm
1121 2041 1157 2104 in
1189 2041 1370 2124 scripturis,
1424 2045 1541 2109 riosius
1564 2042 1848 2125 progrederentur,
1870 2061 1931 2106 nec
1951 2048 2081 2124 praeter
2102 2041 2160 2105 illa
2177 2040 2251 2119 duo,
2274 2062 2399 2123 quaea

400 2148 460 2210 per
481 2128 691 2193 novissimam
713 2126 844 2205 horam,
873 2127 1067 2191 novissimos
1089 2125 1167 2203 dies,
1194 2125 1371 2192 norissima
1423 2130 1565 2195 Domino
1587 2129 1738 2192 instituta
1759 2133 1905 2206 nossent,
1928 2127 1995 2191 ulla
2015 2127 2080 2190 alia
2100 2133 2306 2192 sacramenta
2327 2128 2398 2192 sine

400 2220 547 2295 tempora
568 2213 757 2296 designatur
779 2211 811 2296 (l
831 2211 945 2277 Ioann.
965 2216 994 2289 2,
1016 2214 1071 2290 183
1097 2217 1111 2274 l
1137 2213 1226 2276 Petr.
1253 2213 1370 2296 1,20),
1422 2216 1487 2281 Dei
1511 2213 1914 2300 verboamplecterentur.
1954 2213 2081 2277 Verum
2102 2213 2258 2294 quoniam
2279 2212 2336 2276 illa
2358 2212 2398 2277 de

400 2299 537 2380 nequis
559 2319 645 2365 vana
666 2319 769 2364 novae
786 2297 921 2363 alicuius
944 2297 1109 2362 doctrinae
1127 2306 1184 2362 aut
1200 2298 1370 2364 revelatio-
1423 2309 1548 2384 septem
1581 2300 1793 2365 sacramentis
1819 2298 1942 2381 opinio,
1974 2299 2120 2362 omnium
2148 2299 2216 2363 fere
2249 2320 2398 2363 sermone

399 2384 452 2447 nis
484 2383 726 2466 exspectatione
761 2404 831 2448 sese
858 2382 959 2448 fallat.
1010 2380 1255 2466 Saepenumero
1282 2385 1370 2448 onim
1423 2387 1502 2451 trita
1522 2385 1715 2469 scholasque
1737 2392 1771 2449 et
1792 2384 1961 2449 conciones
1983 2404 2095 2448 omnes
2117 2391 2310 2467 pervagata,
2341 2404 2397 2450 ve-

399 2469 577 2551 multisque
603 2468 709 2534 modis
737 2476 834 2533 antea
855 2468 1009 2551 loquutus
1030 2489 1089 2550 per
1110 2468 1295 2551 prophetas,
1318 2469 1370 2533 ul-
1423 2479 1545 2536 tustate
1562 2472 1633 2553 ipsa
1651 2470 1775 2536 radices
1797 2470 1873 2553 egit,
1897 2490 1934 2535 66
1953 2469 2123 2535 hominum
2141 2469 2260 2534 animis
2282 2470 2397 2535 etiam-

399 2555 488 2618 timie
509 2557 545 2619 in
558 2554 583 2639 ¹)
606 2555 658 2620 his
691 2554 805 2619 diebus
826 2554 978 2636 loquutus
1000 2561 1050 2618 est
1070 2555 1205 2619 coeleste
1220 2561 1314 2635 pater
1334 2556 1370 2618 in
1423 2579 1502 2622 num
1524 2556 1653 2634 insidet,
1677 2557 1767 2621 visus
1789 2578 1864 2621 sum
1885 2555 1968 2619 mihi
1991 2575 2107 2637 operae
2129 2555 2273 2637 pretium
2293 2557 2397 2620 faetu-

400 2639 516 2706 dilecto
538 2640 605 2705 filio
627 2660 687 2706 suo
710 2639 826 2723 (Hebr.
853 2644 879 2717 l,
903 2639 948 2723 2),
970 2641 1026 2721 qui
1043 2640 1131 2705 solus
1152 2647 1278 2722 patrem
1300 2662 1370 2704 ma·
1422 2665 1489 2721 rus,
1512 2642 1542 2706 si
1561 2643 1704 2724 quinque
1722 2641 1856 2723 reliqua,
1879 2662 1962 2724 quae
1980 2641 2067 2705 veris
2084 2662 2122 2705 ac
2142 2642 2308 2724 germanis
2326 2641 2396 2706 Do-

399 2727 554 2791 nifestare
580 2731 689 2809 potest
717 2724 813 2809 (Luc.
845 2729 899 2802 10,
927 2726 998 2809 22),
1026 2733 1059 2788 et
1079 2747 1116 2789 re
1137 2747 1217 2790 vera
1238 2725 1280 2790 ad
1301 2726 1370 2808 ple·
1421 2729 1504 2793 mini
1537 2728 1748 2793 sacramentis
1780 2727 1879 2809 vulgo
1912 2734 2140 2804 accensentur,
2180 2747 2325 2796 seorsum
2358 2747 2397 2792 ac

398 2832 480 2875 num
507 2812 743 2890 manifestavit,
777 2818 936 2893 quantum
964 2818 1079 2877 nostra
1106 2812 1256 2890 interest,
1292 2811 1370 2876 dum
1421 2815 1556 2897 propius
1578 2821 1780 2890 excuterem,
1808 2812 1959 2893 omnique
1981 2810 2126 2876 absterso
2148 2811 2222 2877 fuco
2241 2811 2397 2894 simplici-

398 2918 486 2962 nunc
519 2918 578 2979 per
610 2897 777 2979 speculum
810 2917 885 2960 enm
912 2897 1128 2979 conspicimus
1157 2896 1187 2981 (l
1216 2896 1289 2962 Cor.
1322 2902 1370 2976 13,
1422 2901 1484 2964 bus
1516 2897 1693 2982 spectanda
1723 2918 1951 2980 proponerem,
1984 2896 2092 2979 qualia
2122 2896 2204 2975 sint,
2237 2905 2270 2960 et
2298 2918 2397 2979 quam

401 2980 465 3066 12).
508 2982 582 3047 Iam
601 3003 689 3060 vero,
717 2990 755 3046 ut
782 2981 843 3046 hoc
864 2980 1051 3046 hominibus
1073 2981 1218 3047 ablatum
1236 2991 1299 3062 est,
1328 3005 1371 3048 ne
1422 2985 1504 3050 falso
1522 3006 1582 3067 pro
1599 2983 1812 3049 sacramentis
1829 2981 1987 3047 hactenus
2004 2980 2118 3046 habita
2133 2981 2263 3046 fuerint.
2297 2983 2396 3046 Prin-

397 3088 483 3133 nova
512 3073 718 3133 sacramenta
749 3067 785 3130 in
812 3067 947 3133 ecclesia
972 3065 1036 3132 Dei
1063 3066 1201 3133 madere
1234 3069 1369 3152 possint,
1423 3071 1506 3153 cipio
1534 3070 1588 3135 116
1609 3076 1765 3134 testatum
1792 3068 1865 3134 volo
1886 3069 1949 3151 piis
1971 3067 2137 3145 omnibus,
2165 3087 2219 3131 me
2243 3066 2328 3132 hanc
2356 3065 2396 3131 de

396 3153 444 3217 ita
461 3152 639 3236 optandum
656 3158 750 3231 esset,
768 3152 809 3218 iis
826 3153 915 3236 ipsis,
938 3174 1021 3235 quae
1039 3174 1059 3218 a
1075 3153 1148 3219 Deo
1165 3161 1254 3230 sunt,
1272 3175 1370 3236 quam
1422 3154 1555 3221 nomine
1590 3155 1834 3220 contentionem
1867 3152 2003 3217 minime
2037 3151 2190 3237 litigandi
2217 3151 2395 3235 cupiditate

396 3239 571 3304 minimum
591 3238 755 3303 humanae
777 3239 977 3304 inventionis
1002 3238 1183 3305 admisceri.
1228 3239 1370 3305 Perinde
1423 3243 1594 3324 suscipere,
1617 3240 1675 3305 sed
1696 3241 1852 3324 gravibus
1874 3239 1979 3305 causis
1997 3237 2114 3312 adduci
2135 3237 2177 3301 ad
2199 3239 2396 3321 impugnan-

396 3323 486 3388 enim
517 3333 612 3407 atque
643 3324 752 3388 infusa
783 3343 867 3406 aqua
898 3325 1014 3389 vinum
1044 3325 1129 3408 fugit
1157 3332 1191 3389 et
1223 3325 1368 3404 diluitur,
1422 3327 1501 3392 dum
1528 3329 1597 3392 eius
1621 3325 1766 3391 abusum.
1811 3324 1886 3389 Non
1907 3345 1961 3388 me
1982 3323 2077 3403 latet,
2107 3323 2328 3402 Christianos,
2357 3331 2396 3388 ut

396 3430 589 3493 aspersaque
616 3411 775 3474 fermento
797 3416 865 3474 tota
886 3410 1010 3474 farinae
1031 3431 1140 3475 massa
1162 3411 1295 3489 acescit,
1323 3411 1369 3476 sio
1421 3412 1604 3490 verborum,
1628 3412 1675 3477 sic
1696 3430 1809 3475 rerum
1830 3410 1976 3474 omnium
1998 3429 2069 3473 esse
2092 3409 2247 3474 dominos.
2291 3409 2395 3474 Posse

394 3497 627 3578 mysteriorum
648 3494 714 3559 Dei
735 3495 904 3560 sinceritas
925 3494 1010 3558 nihil
1032 3494 1123 3559 aliud
1144 3516 1241 3577 quam
1262 3496 1368 3579 inqui·
1420 3497 1523 3581 igitur
1555 3517 1616 3581 pro
1645 3518 1704 3562 suo
1733 3496 1868 3560 arbitrio
1895 3517 1990 3562 voees
2017 3493 2116 3560 rebus
2142 3493 2395 3573 accommodare,

338 3620 345 3634 .
395 3587 495 3645 natur
512 3583 568 3647 ubi
586 3581 683 3645 homo
701 3579 879 3664 quidquam
896 3579 937 3645 de
959 3601 1018 3645 suo
1040 3579 1157 3646 adiicit.
1191 3581 1238 3644 Et
1259 3588 1368 3646 tamen
1420 3583 1518 3648 modo
1545 3583 1621 3666 pius
1651 3603 1767 3647 sensus
1793 3582 1989 3661 retineatur,
2020 3580 2171 3645 etiamsi
2199 3601 2263 3663 qua
2289 3580 2396 3646 sitin

395 3665 545 3733 videmus
573 3673 732 3750 quantum
760 3685 780 3729 a
808 3685 965 3749 germana
986 3686 1046 3730 sua
1062 3665 1207 3748 puritate
1229 3664 1369 3749 degene-
1421 3667 1581 3751 loquendo
1617 3667 1855 3751 improprietas.
1904 3666 1978 3730 Hoc
2012 3672 2118 3730 totum
2145 3665 2301 3746 concedo;
2333 3665 2397 3731 etsi

395 3752 501 3816 rarint
517 3759 729 3831 sacramenta,
747 3758 786 3816 ut
802 3750 898 3817 hodie
915 3750 1047 3835 quidem
1063 3756 1257 3816 tractantur.
1285 3752 1369 3816 Plus
1420 3754 1538 3819 melius
1559 3754 1666 3833 hrerit,
1689 3753 1790 3820 verba
1811 3753 1910 3817 rebus
1931 3753 2073 3831 subesse,
2095 3772 2194 3834 quam
2212 3773 2264 3816 res
2286 3751 2396 3817 verbis

396 3838 476 3901 satis
486 3840 605 3922 ubique
616 3859 819 3921 pomparum,
834 3836 1123 3915 caeremoniarum,
1147 3835 1368 3919 gesticulatio·
1421 3840 1546 3906 subiici.
1591 3837 1659 3905 Sed
1679 3840 1716 3904 in
1736 3839 1869 3903 nomine
1890 3839 2126 3921 sacramenti²)
2148 3836 2213 3901 alia
2229 3844 2280 3902 est
2300 3837 2394 3900 ratio.

395 3942 489 3986 num:
513 3931 547 3987 at
564 3925 656 3989 verbi
672 3923 738 3987 Dei
758 3924 891 3987 interim
909 3923 1001 3988 nulla
1017 3943 1123 4005 neque
1145 3922 1239 4001 ratio,
1261 3942 1368 4005 neque
1420 3925 1506 3990 Nam
1529 3925 1587 4008 qui
1615 3931 1741 4007 septem
1768 3931 1911 4007 ponunt,
1940 3923 2039 3989 simul
2059 3922 2152 3987 illam
2173 3921 2396 3986 definitionem

394 4008 527 4087 mentio,
549 4010 620 4073 sine
641 4030 704 4090 quo
726 4017 930 4073 sacramenta
951 4008 1049 4072 etiam
1070 4009 1142 4091 ipsa
1162 4015 1368 4074 sacramenta
1420 4011 1571 4076 omnibus
1588 4011 1746 4089 tribuunt,
1768 4017 1807 4074 ut
1828 4010 1896 4075 sint
1918 4009 2042 4093 gratiae
2059 4006 2233 4074 invisibilis
2249 4007 2396 4074 visibiles

395 4109 463 4159 non
490 4100 577 4159 sunt
621 4091 713 4173 Quin
742 4115 802 4158 nec
829 4094 1048 4158 caeremoniae
1076 4095 1164 4176 ipsae
1187 4094 1295 4159 aDeo
1316 4095 1367 4158 in-
1420 4098 1557 4176 formae3
1591 4097 1701 4161 omnia
1728 4096 1827 4161 simul
1853 4095 1978 4160 faciunt
2009 4114 2090 4160 vasa
2116 4093 2251 4175 spiritus
2278 4091 2393 4172 sancti,

395 4181 529 4244 61116166
552 4180 588 4244 16
608 4185 703 4243 16616
724 4177 822 4242 turba
843 4187 943 4261 caput
964 4198 1113 4244 exserere
1134 4187 1286 4262 possunt,
1309 4177 1367 4245 sed
1419 4182 1639 4248 instrumenta
1656 4181 1871 4247 conferendae
1888 4179 2042 4258 institiae,
2066 4199 2181 4245 causas
2198 4175 2394 4243 obtinendae

395 4275 552 4347 tanquam
574 4284 746 4347 oppressae
767 4264 882 4329 iacent
924 4261 1128 4343 Quantulum
1151 4265 1187 4328 in
1205 4266 1367 4347 baptismo
1420 4269 1554 4352 gratiae.
1600 4267 1755 4350 Adeoque
1782 4267 1852 4350 ipse
1873 4266 2035 4349 Magister
2056 4264 2302 4341 sententiarum,
2323 4284 2394 4327 mo-

395 4351 550 4434 aspioitur
577 4348 665 4433 quod
693 4371 796 4413 unum
822 4349 890 4414 illic
916 4349 1025 4414 lucere
1052 4356 1086 4414 et
1106 4351 1245 4432 spectari
1265 4350 1366 4416 debu·
1420 4355 1526 4421 saicae
1557 4353 1641 4438 legis
1673 4358 1878 4419 sacramenta
1904 4357 2004 4434 negat
2030 4349 2162 4433 proprie
2189 4349 2301 4414 vocari
2330 4348 2394 4415 hoc

395 4444 479 4514 erat,
506 4442 541 4500 at
567 4436 646 4502 aiibi
667 4435 748 4500 iuste
776 4436 930 4516 conquesti
956 4453 1080 4514 eamus,
1103 4455 1222 4518 nempe
1244 4437 1366 4519 baptis·
1418 4442 1566 4519 nomine,
1606 4440 1683 4523 quia
1717 4458 1785 4503 non
1823 4436 2033 4502 exhibuerint
2071 4434 2157 4519 quod
2195 4435 2392 4518 figurabant

394 4541 469 4585 mus
489 4521 582 4604 ipse?
627 4520 738 4586 (loena
759 4541 894 4603 prorsus
921 4520 1051 4604 sepulta
1077 4528 1126 4585 est
1147 4542 1250 4602 quum
1270 4542 1366 4588 versa
1419 4527 1539 4603 Estne,
1567 4526 1715 4603 obsecro,
1738 4523 1921 4602 tolerabile,
1943 4529 1982 4587 ut
2001 4542 2084 4604 quae
2105 4519 2255 4605 symbola
2275 4517 2393 4584 Domi·

394 4605 457 4671 fuit
474 4607 511 4670 in
531 4608 674 4685 missam,
696 4608 761 4673 nisi
778 4606 865 4690 quod
881 4606 982 4672 semel
1003 4606 1187 4688 quotannis,
1210 4606 1268 4671 sed
1290 4627 1366 4671 con·
1418 4632 1481 4675 nus
1504 4632 1560 4676 ore
1589 4632 1649 4676 666
1670 4609 1886 4689 consecravit,
1915 4627 1998 4691 quae
2020 4606 2148 4672 eximiis
2168 4605 2392 4690 promissioni·

332 4772 336 4782 ,
394 4699 506 4776 cerpta
525 4699 558 4757 et
579 4691 747 4758 dimidiata
767 4693 939 4777 laceraque
959 4693 1066 4758 forma
1086 4691 1255 4777 61111661)
1418 4696 1479 4762 166
1500 4697 1681 4781 insignivit,
1704 4718 1744 4762 66
1764 4717 1824 4780 pro
1845 4694 2057 4761 sacramentis
2084 4712 2154 4757 non
2181 4697 2391 4770 censeantur;

1418 4782 1553 4847 interim
1588 4783 1641 4850 hic
1668 4783 1774 4848 honor
1800 4782 2018 4847 transferatur
2048 4777 2091 4844 ad
2116 4798 2171 4842 eos
2198 4777 2283 4842 ritus
2310 4797 2392 4861 quos

1419 4867 1568 4933 homines
1588 4869 1641 4934 vel
1664 4890 1685 4932 a
1705 4889 1740 4933 se
1762 4888 1841 4933 exeo
1866 4869 2002 4944 terunt,
2030 4865 2082 4931 vel
2104 4863 2220 4929 saltem
2241 4863 2312 4929 sine
2333 4885 2391 4928 ex-
2497 4945 2500 4950 Δ

462 5001 492 5070 1)
509 5002 538 5054 in
555 5000 638 5054 ,mag
657 4995 846 5052 1590-1667.
933 4998 964 5065 2)
985 4999 1098 5054 maara
1114 5015 1185 5070 W
1198 4999 1365 5068 mem
1418 4975 1531 5039 presso
1556 4955 1622 5020 Dei
1650 4952 1851 5017 mandatoo
1909 4949 2030 5019 rvant?
2074 4950 2164 5034 Ergo
2191 4956 2249 5015 aut
2274 4948 2391 5014 defini-

393 5071 477 5125 6666
498 5071 536 5135 in,
576 5084 610 5122 ne
631 5069 731 5190 rogae
752 5067 833 5122 1666
856 5067 1105 5134 6611666666
1132 5084 1219 5136 supra
1245 5069 1365 5125 mag
1418 5042 1542 5105 tionem
1563 5046 1702 5116 mutent,
1730 5038 1869 5104 661166
1896 5037 1988 5104 verbi
2014 5036 2226 5135 usurpatione
2248 5034 2391 5101 abstine-

397 5138 460 5194 XV.
478 5137 519 5194 19.
574 5136 640 5194 VH.
693 5177 700 5191 .
1419 5134 1486 5205 ant,
1509 5145 1593 5206 quae
1614 5121 1714 5188 falsas
1735 5130 1769 5188 et
1789 5121 1946 5188 absurdas
1968 5144 2138 5206 opmrones
2155 5128 2230 5205 post
2246 5127 2389 5205 generet

1418 5211 1497 5290 Est,
1532 5207 1701 5290 inquiunt,
1733 5215 1882 5273 extrema
1915 5207 2025 5273 unctio
2057 5207 2233 5272 invisibilis
2265 5207 2390 5290 gratiae

1416 5297 1524 5380 figura
1551 5299 1585 5356 et
1611 5311 1725 5373 eausa,
1753 5292 1830 5375 quia
1855 5300 1905 5356 est
1926 5300 2176 5357 sacramentum
2221 5289 2320 5372 Quod
2337 5292 2390 5356 in·

1487 5581 1517 5644 1)
1536 5580 1709 5651 Refertcap.
1726 5581 1811 5636 XIX.
1849 5577 2014 5633 raecedentie
2031 5575 2159 5629 editiom'e
2175 5580 2233 5642 sere
2250 5582 2390 5636 16166166.

1417 5647 1447 5715 2)
1466 5652 1654 5704 sacramentali
1672 5651 1746 5705 1617.
1766 5650 1782 5701 1
1860 5645 1936 5701 1667.
