5600 6809
411 767 472 827 997
746 759 835 823 LIB.
858 759 919 823 IV.
964 759 1027 822 DE
1049 758 1287 824 EXTERNIS
1309 759 1477 826 afflans
1499 761 1564 826 AD
1588 760 1817 828 SALUTEM
1863 763 1962 839 QAP.
1986 765 2081 830 XVI.
2354 770 2419 834 998

408 951 567 1015 maiorem
599 967 676 1013 suae
708 946 909 1012 institutioni
944 947 1155 1011 autoritatem
1187 948 1383 1029 conciliaret,
1436 950 1604 1014 vertimus.
1650 948 1864 1017 Circumcisio
1883 951 2029 1034 quidem,
2052 975 2152 1035 qnam
2173 955 2336 1037 baptismo
2358 979 2419 1024 no-

409 1058 468 1101 suo
501 1036 605 1118 ipsius
632 1055 766 1116 corpore
791 1034 901 1115 ipsum
928 1033 1159 1112 sanctificavit,
1196 1033 1293 1116 idque
1319 1056 1385 1117 qua
1436 1042 1505 1099 stro
1526 1034 1725 1117 respondere
1747 1045 1862 1101 notum
1880 1045 1937 1116 est,
1956 1036 2135 1104 infantibus
2153 1040 2318 1106 destinata
2335 1051 2416 1108 erat

408 1123 552 1186 maxime
590 1119 725 1185 decebat
761 1118 917 1199 temporis
957 1121 1219 1199 opportunitate,
1265 1141 1384 1204 nempe
1436 1121 1566 1186 Pascha
1583 1142 1671 1200 vero,
1693 1122 1729 1185 in
1751 1125 1842 1188 cuius
1864 1124 1969 1189 vicem
1991 1146 2079 1190 nuno
2096 1146 2196 1189 coena
2219 1128 2327 1205 subiit,
2350 1148 2416 1194 non

409 1229 510 1291 quum
538 1226 630 1271 suam
655 1203 929 1287 praedicationem
959 1205 1192 1285 auspicaretur.
1243 1205 1385 1288 Denique
1437 1206 1597 1289 quoslibet
1618 1208 1800 1289 promiscue
1822 1212 1976 1275 convivas
1998 1211 2203 1289 admittebat,
2233 1213 2291 1277 sed
2313 1212 2354 1278 ab
2376 1215 2417 1280 iis

409 1293 491 1358 nibil
508 1293 597 1357 atiud
618 1292 788 1368 emmeant,
817 1291 883 1353 uisi
904 1290 1093 1368 baptisumm
1114 1293 1266 1374 ονίφὶηωη
1286 1298 1313 1355 et
1333 1313 1385 1356 em
1436 1294 1498 1357 rite
1521 1291 1652 1357 demum
1676 1291 1833 1360 edebatur
1867 1297 1922 1378 qui
1945 1294 1985 1360 de
2012 1297 2083 1361 eius
2105 1299 2342 1380 significatione
2364 1320 2417 1365 ro·
2454 1308 2457 1314 ’

407 1380 531 1445 ordinm
555 1378 728 1457 sumpsisse
760 1376 799 1440 ab
823 1376 973 1458 evanpetii
996 1376 1239 1455 praedicatione.
1296 1378 1384 1459 Quod
1437 1400 1515 1462 gare
1548 1399 1608 1460 per
1638 1387 1778 1445 aetatem
1812 1390 1953 1464 possent.
2006 1379 2044 1447 Si
2071 1384 2156 1448 mica
2185 1385 2256 1448 sani
2291 1384 2418 1452 cerebri

408 1467 437 1529 si
466 1485 585 1530 annum
612 1464 801 1528 tricesimum
823 1461 997 1545 praeripere
1024 1462 1110 1540 libet,
1139 1483 1196 1526 cur
1227 1484 1296 1527 eum
1323 1484 1384 1528 uon
1435 1466 1507 1529 istis
1529 1473 1683 1543 restaret,
1707 1486 1750 1530 an
1772 1465 1814 1530 ad
1836 1488 1906 1530 rem
1927 1488 2031 1550 usque
2054 1467 2134 1532 adeo
2155 1470 2361 1551 perspicuam
2382 1479 2417 1537 et
2490 1543 2495 1555 ,

407 1552 574 1628 observant,
596 1550 650 1614 sed
671 1554 706 1613 ut
725 1550 856 1629 quisque
877 1568 983 1611 emam
1008 1546 1125 1612 iudicio
1146 1550 1226 1613 satis
1241 1550 1383 1631 profecit,
1436 1551 1567 1616 obviam
1587 1552 1809 1616 caecutirent?

408 1657 479 1700 eum
501 1639 544 1702 ad
565 1637 757 1717 hamtunam
783 1633 964 1714 recipiam?
1010 1633 1093 1713 Quin
1115 1635 1208 1699 etiam
1231 1635 1383 1715 Serestus,
1523 1641 1573 1700 31.
1622 1637 1760 1702 Tametsi
1786 1658 1945 1721 nuperum
1973 1639 2109 1721 conperie
2140 1640 2265 1704 tectores
2285 1661 2417 1707 onerare

407 1742 492 1786 unus
518 1743 556 1786 ee
581 1741 688 1786 eorum
708 1720 884 1802 mupubiS,
908 1738 1005 1799 quum
1025 1724 1146 1800 tempus
1170 1720 1224 1785 boc
1239 1723 1383 1802 pertina-
1430 1723 1533 1804 pipet‚
1562 1743 1644 1803 quas
1665 1728 1768 1787 tamen
1793 1723 1944 1804 Sanetus,
1965 1745 2028 1789 uon
2050 1725 2201 1789 minimus
2222 1727 2305 1790 inter
2326 1726 2417 1792 Ana·

407 1811 482 1873 citer
500 1814 628 1890 mperet,
648 1808 713 1871 iam
729 1807 874 1871 manime
885 1806 994 1886 primo
1011 1808 1122 1870 aetatis
1143 1827 1225 1870 anno
1246 1813 1384 1887 coeperat
1436 1807 1598 1889 baptistas,
1622 1809 1684 1872 imo
1702 1808 1799 1875 buius
1816 1815 1956 1875 catervae
1972 1831 2121 1893 mapnum
2138 1811 2238 1890 daus,
2263 1813 2305 1875 ad
2321 1832 2415 1894 proe-

401 1895 586 1975 prepbetam
620 1913 653 1957 se
684 1892 808 1956 iactare.
863 1890 964 1970 Quasi
991 1912 1061 1954 uero
1086 1891 1303 1972 ferendus·sit
1328 1895 1384 1975 qui
1435 1895 1516 1958 tium
1542 1914 1575 1958 se
1602 1895 1780 1978 accinpeas,
1814 1897 1969 1977 speciosas
2004 1898 2139 1960 rationes
2168 1897 2320 1963 abducere
2353 1896 2416 1963 tibi

407 1981 542 2044 doctoris
569 1980 667 2044 locum
693 1979 728 2042 in
756 1977 882 2041 cadmia
902 1976 963 2040 sibi
990 1985 1126 2059 arroput,
1155 1984 1322 2059 antequm
1342 1981 1384 2044 sit
1435 1981 1524 2044 uisus
1544 1985 1597 2056 ese,
1618 1981 1749 2044 crevmr
1769 1982 1889 2047 dituem
1910 2003 2020 2062 operae
2034 1982 2176 2061 pretium
2197 1984 2265 2046 erit.
2308 1978 2435 2048 Obtem‘

406 2066 511 2146 ipsius
532 2065 674 2129 molestae
694 2064 871 2127 merbrum.
1436 2067 1499 2143 dit,
1528 2063 1648 2129 Otimsti
1674 2066 1825 2148 sprnbola,
1851 2073 1886 2130 ut
1907 2073 1980 2132 sarit
2001 2068 2156 2149 perfecta,
2179 2069 2300 2150 eripere
2321 2070 2415 2133 etiam

493 2155 542 2214 30.
588 2149 737 2214 Tandem
758 2149 922 2227 obiiciunt,
946 2168 1013 2212 non
1035 2150 1192 2213 maiorem
1213 2171 1284 2215 esse
1307 2170 1383 2216 eau-
1432 2152 1598 2233 perfectoS,
1626 2152 1672 2215 oet
1694 2153 1896 2234 perfectionis
1921 2173 2058 2235 capaces.
2108 2153 2210 2234 Atqui
2237 2155 2350 2218 solutio
2370 2159 2416 2219 est

406 2257 477 2300 sam
499 2256 559 2300 our
576 2236 757 2300 infantibus
779 2233 961 2316 baptismus
990 2238 1260 2315 communicetur,
1284 2258 1382 2319 quam
1436 2238 1594 2319 inpedita:
1620 2238 1768 2318 baptismi
1787 2239 2018 2320 perfectiorem,
2047 2259 2128 2319 quae
2150 2239 2193 2302 ad
2213 2244 2341 2303 morum
2361 2259 2415 2304 us·

406 2343 508 2387 coena
528 2323 679 2399 Domini,
702 2340 784 2403 quae
805 2327 918 2384 tamen
938 2319 1004 2384 illis
1026 2322 1161 2386 minime
1184 2322 1380 2387 conceditur.
1435 2344 1494 2403 que
1515 2324 1705 2403 extenditur,
1723 2345 1892 2407 perperam
1912 2326 2061 2407 restrinpi
2082 2325 2124 2388 ad
2146 2344 2245 2387 unum
2266 2326 2415 2406 temporis

406 2407 510 2488 Quasi
537 2428 615 2472 vero
642 2408 805 2489 scriptura
831 2407 937 2469 latum
950 2405 1068 2470 modis
1095 2408 1246 2473 omnibus
1269 2408 1381 2473 discri-
1435 2408 1611 2473 artuulmn.
1660 2410 1754 2476 Addo
1782 2413 1890 2490 etiam,
1918 2412 2008 2475 stulte
2030 2411 2137 2489 primo
2159 2411 2211 2474 die
2236 2411 2272 2473 in
2292 2411 2414 2484 bomine
2475 2487 2478 2491 q

325 2530 327 2535 <
405 2514 482 2557 men
500 2513 567 2557 non
585 2501 723 2557 nomret
759 2492 841 2555 Fuit
858 2491 990 2574 quidem
1006 2492 1041 2556 id
1064 2494 1097 2556 in
1119 2495 1224 2558 veteri
1246 2494 1382 2559 ecclesia
1434 2495 1546 2575 quaeri
1568 2494 1786 2574 perfectionem
1806 2497 1849 2560 ad
1871 2517 1967 2577 quam
1994 2495 2168 2575 baptismus
2189 2500 2250 2558 tota
2271 2497 2337 2560 uita
2353 2516 2414 2577 per

405 2580 606 2656 mctimtum,
636 2587 676 2642 ut
702 2599 744 2642 ex
772 2576 939 2663 Cypriane
967 2585 1001 2642 et
1021 2579 1210 2662 Augustino
1237 2587 1380 2659 constat3
1435 2582 1594 2646 continuos
1611 2581 1733 2660 pradus
1754 2603 1809 2647 nes
1829 2584 1951 2646 invitat.
1999 2581 2110 2646 Obiicit
2135 2580 2255 2645 utrae
2276 2581 2413 2662 symbola

405 2665 462 2729 sed
481 2667 600 2729 merito
622 2686 693 2729 mos
714 2663 770 2727 ille
792 2662 957 2728 obsolevit
998 2664 1085 2727 Nam
1107 2667 1135 2729 si
1156 2667 1326 2748 ingenium
1344 2687 1381 2731 ac
1435 2665 1478 2729 ad
1506 2666 1688 2728 numerium
1721 2669 1868 2745 instituta
1896 2688 1976 2746 esse,
2009 2672 2044 2730 ut
2078 2667 2208 2747 quisque
2241 2667 2355 2730 recolat
2380 2685 2414 2732 se

404 2752 638 2834 proprietatem
668 2750 821 2832 baptismi
842 2757 1047 2832 reputamus,
1068 2750 1202 2832 quidam
1223 2760 1310 2815 certe
1332 2758 1382 2815 est
1437 2749 1559 2815 Obristo
1586 2750 1687 2831 fuisse
1711 2750 1931 2832 conseffldtum.
1977 2752 2173 2833 Respondco,
2203 2752 2284 2830 quod
2306 2773 2344 2815 ec
2364 2771 2415 2817 ca·

405 2837 441 2900 in
462 2836 632 2901 ecclesiam
658 2837 825 2919 ingressus
848 2856 885 2900 ao
915 2836 1018 2900 veluti
1040 2836 1180 2901 initiatio
1201 2858 1381 2920 perquam
1430 2838 1497 2916 pite
1517 2856 1574 2900 suo
1595 2838 1750 2918 confneit,
1772 2838 1958 2918 refutatione
1979 2858 2041 2901 raon
2062 2857 2148 2919 apere
2155 2861 2164 2913 ,·
2185 2837 2249 2899 imo
2266 2838 2349 2917 quod
2370 2837 2415 2902 ad

405 2924 441 2986 in
477 2922 543 2987 Dei
579 2921 737 3004 populum
777 2941 1000 2999 accensemur;
1039 2922 1170 3005 signum
1203 2923 1381 3006 spiritualis
1435 2923 1623 3002 baptisatam
1645 2922 1755 3002 trabit,
1776 2943 1886 2988 sacrm
1906 2942 2016 2986 menae
2037 2924 2209 3002 proprium
2230 2943 2295 2986 esse
2318 2928 2415 2987 osteu-

405 3014 538 3072 nostrae
566 3006 837 3091 regenerationis,
866 3028 925 3088 per
952 3029 1050 3089 quam
1078 3009 1113 3070 in
1141 3007 1226 3073 filios
1244 3010 1309 3073 Dei
1330 3031 1381 3074 re-
1433 3009 1513 3073 dunt
1536 3007 1634 3073 Pauli
1655 3009 1763 3088 cerba,
1792 3015 1827 3073 ut
1848 3031 1880 3074 se
1908 3009 2038 3089 quisque
2059 3009 2223 3071 examinet.
2267 3006 2319 3071 De
2339 3009 2414 3088 bap-

405 3095 579 3158 nascimur.
631 3091 744 3173 Quum
772 3114 790 3157 e
823 3113 979 3158 converso
1013 3114 1115 3157 coena
1141 3094 1381 3176 grandiusculis
1433 3095 1525 3158 tismo
1555 3114 1714 3176 nusquam
1746 3095 1872 3176 aliquid
1895 3094 1963 3158 tale.
2015 3091 2101 3157 Unde
2133 3092 2322 3173 codipimus,
2354 3093 2414 3159 rite

405 3177 564 3243 attributa
591 3180 648 3257 sit,
677 3181 731 3262 qui
759 3186 913 3261 superata
940 3180 1103 3243 teneriore
1133 3180 1288 3259 infantia,
1315 3183 1382 3245 iam
1434 3180 1686 3262 baptismique?
1711 3183 1850 3246 nondum
1876 3200 1938 3261 pro
1966 3179 2077 3243 edatis
2099 3177 2229 3241 moduli)
2256 3179 2414 3244 acuminis

404 3263 538 3328 ferendo
565 3267 632 3327 sint
658 3264 759 3330 solido
787 3265 867 3330 cibo.
913 3262 1006 3345 Quae
1035 3264 1200 3329 distinctio
1222 3287 1381 3349 perquam
1434 3271 1507 3329 sunt
1533 3286 1669 3346 capaces.
1722 3268 1810 3349 Quod
1831 3268 1919 3331 unio
1945 3264 2088 3342 adducit,
2115 3283 2241 3327 manere
2262 3265 2297 3326 in
2318 3267 2414 3329 morte

404 3350 574 3414 evidenter
591 3350 624 3412 in
643 3351 806 3434 scriptura
828 3350 1079 3415 demonstratur.
1115 3351 1202 3414 Nam
1224 3352 1291 3414 illic
1312 3350 1382 3416 Do·
1434 3371 1539 3425 omnes
1560 3354 1615 3433 qui
1634 3351 1703 3431 filio
1724 3353 1788 3418 Dei
1810 3373 1871 3416 riori
1893 3352 2027 3427 credunt,
2050 3353 2078 3413 et
2100 3351 2184 3413 iram
2200 3348 2266 3412 Dei
2287 3369 2413 3414 manem

401 3437 529 3514 minus,
554 3446 714 3517 quantum
736 3435 777 3498 ad
799 3437 999 3518 baptismum
1020 3438 1151 3513 attinet,
1175 3437 1304 3502 nullum
1327 3459 1381 3502 ae·
1433 3458 1608 3519 supernos,
1629 3439 1756 3520 ideoqice
1777 3439 1931 3519 infantes,
1954 3438 2011 3518 qui
2032 3437 2154 3500 crede-re
2174 3441 2342 3514 amarunt,
2365 3435 2413 3499 ia·

404 3528 512 3585 tatum
540 3521 703 3587 delectum
731 3522 816 3586 facit.
861 3522 1007 3586 Coenam
1034 3543 1112 3589 vero
1140 3544 1208 3586 non
1229 3522 1381 3588 omnibus
1433 3542 1499 3588 cere
1520 3524 1555 3588 in
1572 3544 1633 3588 sua
1649 3525 1865 3589 damnatione:
1886 3524 2060 3604 respectes,
2084 3520 2245 3585 Christum
2263 3520 2329 3585 illic
2349 3540 2413 3586 nou

403 3607 540 3689 perinde
572 3607 833 3689 participandam
864 3608 1012 3687 exhibet,
1047 3608 1104 3673 sed
1131 3609 1171 3673 iis
1199 3609 1295 3673 modo
1324 3610 1379 3691 qui
1433 3610 1471 3673 de
1489 3610 1629 3693 peneroii
1657 3616 1747 3675 reatu
1773 3611 1858 3689 toqui
1880 3629 1939 3689 quo
1962 3608 2108 3687 impliciti
2134 3611 2207 3669 sunt
2228 3626 2333 3671 omnes
2357 3625 2413 3686 po-

404 3692 618 3758 discerneudo
645 3695 771 3775 corpori
799 3715 837 3758 ac
862 3695 1015 3778 sanguini
1043 3695 1193 3773 Domini,
1224 3696 1279 3777 qui
1301 3715 1380 3760 suae
1433 3697 1510 3760 steri
1531 3696 1639 3774 Adae,
1667 3698 1722 3760 sed
1743 3701 1865 3760 tantum
1886 3695 2008 3758 mireari
2029 3693 2181 3775 eeaetpetii
2203 3691 2412 3773 corrumptori·

403 3780 549 3861 ipsorum
576 3778 813 3844 examinandae
841 3782 1071 3858 conscientiae,
1100 3782 1156 3862 qui
1184 3782 1283 3844 morti
1311 3783 1380 3845 Do·
1433 3782 1499 3859 bus,
1522 3783 1580 3863 qui
1601 3782 1734 3846 oblatam
1753 3782 1816 3845 sibi
1835 3782 1975 3863 qratiam
1996 3778 2125 3860 superbe
2146 3784 2175 3842 et
2195 3777 2412 3842 aetimare

404 3867 487 3928 mini
497 3864 752 3943 annuntiandae,
771 3867 827 3948 qui
845 3867 961 3930 virtuti
980 3867 1050 3931 cius
1068 3865 1381 3948 expendendaesint
1433 3871 1589 3948 respuunt.
1634 3867 1702 3931 Hoc
1722 3888 1791 3930 vero
1813 3866 1895 3931 nibil
1915 3867 1958 3930 ad
1978 3867 2121 3946 infantes
2167 3862 2271 3927 Simul
2291 3866 2412 3928 ceretro·

403 3950 520 4014 idonei.
570 3951 733 4015 Volumus
765 3951 909 4034 apertius
942 3951 1128 4035 quidpiam,
1163 3973 1263 4034 quam
1295 3952 1381 4034 qnod
1433 3955 1517 4015 rium
1538 3953 1689 4017 rationem
1710 3973 1842 4035 oppono:
1865 3971 2072 4033 quemcunque
2089 3949 2236 4013 cenauit
2256 3947 2410 4029 Christus,

404 4037 570 4117 apostolus
600 4036 702 4101 tradit
729 4037 762 4120 (l
787 4037 861 4101 Cor.
890 4038 1038 4120 11,28),
1073 4037 1153 4101 dum
1185 4038 1381 4102 exhortatur
1434 4058 1504 4101 eum
1525 4038 1565 4102 ab
1587 4038 1679 4103 Adae
1707 4039 1920 4103 maledictione
1948 4037 2051 4100 etira
2071 4035 2136 4101 Dei
2157 4035 2261 4098 ecimi.
2308 4035 2411 4115 Qum

404 4133 441 4186 ut
474 4144 508 4186 se
541 4122 676 4204 quisque
708 4123 817 4204 ipsum
850 4121 966 4204 probet
990 4131 1086 4204 atque
1116 4125 1274 4199 excutiat,
1309 4131 1380 4186 tum
1433 4144 1504 4206 erpo
1525 4123 1661 4205 infames
1680 4125 1719 4189 ab
1740 4145 1774 4188 co
1796 4125 1962 4204 benedictos
1983 4141 2048 4185 esse
2071 4126 2177 4185 notum
2198 4121 2247 4196 sit,
2269 4121 2411 4198 sequitur

404 4208 481 4271 edat
507 4229 549 4271 ex
576 4208 638 4271 hoc
666 4229 751 4289 pane
773 4216 806 4272 et
828 4230 845 4272 e
868 4209 967 4273 calice
989 4207 1102 4273 bibat?
1146 4210 1298 4273 Examen
1319 4211 1381 4293 igi·
1433 4231 1455 4273 a
1476 4216 1570 4273 morte
1591 4216 1745 4292 eaenptos
1765 4230 1837 4274 esse.
1884 4208 1981 4272 Falso
2007 4208 2119 4272 dende
2139 4206 2212 4268 citat
2232 4205 2314 4284 qued
2335 4223 2410 4268 nus·

404 4300 460 4357 tur
480 4295 608 4376 praeire
630 4301 771 4375 oportet,
802 4294 888 4377 quod
914 4292 956 4357 ab
976 4294 1157 4358 infantibus
1178 4295 1303 4359 frustra
1324 4316 1381 4358 ox·
1433 4315 1528 4376 quam
1560 4297 1689 4378 lepitur:
1721 4296 1867 4378 quisquis
1892 4299 1986 4358 natus
2012 4298 2057 4358 est
2084 4311 2122 4354 ee
2149 4290 2280 4369 spriritu,
2308 4307 2409 4352 emera

404 4387 577 4461 spectetur.
623 4380 723 4443 Item:
747 4381 802 4461 qui
823 4380 958 4463 indigne
980 4379 1170 4458 manducat,
1198 4379 1380 4445 damnatio·
1432 4383 1568 4461 spiritus
1588 4382 1708 4446 audire.
1744 4382 1832 4462 Quod
1853 4383 1911 4445 etsi
1931 4381 2042 4444 demus
2060 4396 2124 4442 esse
2145 4376 2303 4453 seriptum,
2326 4373 2410 4439 nibil

405 4486 481 4527 nem
509 4466 572 4530 sibi
598 4465 775 4530 manducat
795 4475 827 4530 et
850 4466 940 4544 bibit,
959 4487 1026 4530 non
1048 4465 1238 4531 discernens
1260 4487 1380 4550 corpus
1433 4472 1536 4531 tamen
1563 4467 1653 4533 atiud
1681 4469 1780 4533 eliciet
1806 4487 1902 4548 quam
1925 4465 2046 4546 fideles,
2077 4463 2174 4542 proed
2201 4465 2345 4538 operatur
2372 4459 2409 4523 iu

403 4550 549 4614 Domini.
600 4550 637 4615 Si
665 4551 764 4635 digne
781 4551 987 4634 ‘participare
1016 4559 1200 4633 nequeunt,
1234 4553 1297 4616 nisi
1324 4554 1381 4635 qui
1433 4554 1503 4617 iltis
1523 4554 1667 4633 spirituus,
1690 4555 1732 4618 ad
1754 4554 1932 4633 obsequium
1951 4549 2095 4630 formari.
2132 4543 2243 4623 Atqui,
2265 4545 2350 4625 quod
2370 4544 2410 4610 de

404 4637 612 4699 sanctitatem
623 4638 768 4720 corporis
779 4637 905 4702 christi
916 4639 980 4701 rite
997 4638 1199 4721 distinguere
1217 4640 1379 4717 noverint,
1433 4644 1660 4705 certamem
1686 4640 1802 4705 dictum
1824 4644 1881 4716 est,
1910 4637 1953 4699 ad
1974 4653 2078 4695 mun&
2104 4650 2205 4727 aeque,
2222 4629 2411 4729 intimem}
2450 4643 2452 4653 '

405 4741 463 4782 cur
485 4741 650 4784 venenum
677 4745 736 4805 pro
765 4725 895 4790 vivifico
922 4724 1078 4788 alimento
1108 4725 1238 4789 tenellis
1260 4726 1380 4790 nostris
1433 4725 1547 4788 tiosum
1567 4730 1619 4790 est.
1666 4725 1779 4790 Obiicit
1799 4729 1928 4804 qrearto:
1959 4720 2035 4798 quia
2057 4715 2218 4796 tramiti
2238 4715 2320 4795 tm
2341 4735 2411 4780 (Μ’

405 4806 515 4869 liberis
533 4808 760 4887 porrigamus?
790 4808 881 4890 Quid
898 4809 981 4874 illud
998 4809 1137 4874 Domini
1153 4818 1379 4893 praeceptum:
1433 4812 1515 4875 mate
1532 4817 1585 4891 est,
1606 4810 1844 4893 mapedandum
1862 4825 1926 4872 esse
1942 4809 2064 4882 tempus
2080 4805 2240 4899 maurum
2257 4800 2410 4880 baptismo

404 4893 439 4953 in
467 4892 534 4955 mei
565 4898 905 4961 commemorationem
937 4896 1084 4962 facietis?
1119 4895 1197 4979 quid
1230 4897 1380 4976 alterum,
1434 4899 1491 4978 qui
1511 4894 1557 4962 eit
1578 4897 1766 4979 spiritualis.
1811 4893 1881 4975 Epo
1902 4894 2013 4966 culm,
2036 4892 2092 4952 elit
2112 4885 2212 4966 saiwi
2233 4906 2337 4951 Omnes
2353 4905 2410 4968 1²⁰·

405 4974 490 5058 quod
518 4976 595 5039 inde
623 4979 786 5058 apostolus
814 4982 958 5047 deducit:
986 4983 1114 5065 quoties
1142 5003 1262 5065 panem
1292 4983 1381 5048 huno
1433 4989 1530 5049 amos
1557 4983 1651 5049 Adae
1682 5003 1720 5045 ea
1752 4998 1844 5043 carue
1875 4974 2057 5059 peniteant
2084 4974 2153 5056 ipro
2179 4977 2266 5036 “W
2290 4977 2412 5071 9³33&ss

403 5061 658 5139 manducabitis,
685 5072 827 5127 mortem
852 5068 986 5130 Domini
1014 5069 1253 5134 annuntiabitis
1278 5067 1381 5134 donec
1434 5090 1527 5134 suam
1553 5069 1800 5142 communen,
1827 5064 1863 5126 id
1883 5068 1986 5125 tamen
2007 5060 2126 5123 obstare
2146 5077 2222 5139 nepo
2243 5077 2411 5138 qtcomrnus

404 5147 536 5211 veniat?
566 5146 686 5227 Quam,
705 5149 847 5227 obsecro,
866 5151 907 5214 ab
925 5151 1104 5215 infantibus
1121 5155 1381 5220 recordationem
1433 5158 1541 5220 statim
1568 5153 1741 5218 remedium
1762 5149 1853 5214 Deus
1879 5147 1999 5228 afferat.
2046 5144 2153 5225 Neque
2174 5144 2257 5208 caim
2279 5144 2411 5209 resumet

402 5234 575 5317 exigemus
597 5234 668 5297 eius
689 5235 747 5311 rei,
766 5230 877 5315 'quam
904 5255 1003 5298 sensu
1024 5257 1194 5316 nunquam
1215 5241 1381 5322 assequuti
1437 5241 1579 5306 &ructus
1604 5237 1717 5316 plures
1747 5255 1848 5300 annos
1881 5233 2035 5298 diuinitus
2061 5231 2163 5312 fuisse
2186 5231 2409 5308 praescriptos,

404 5318 501 5384 sunt?
520 5340 619 5401 quam
636 5319 910 5403 praedicationem
927 5320 1032 5385 erucis
1051 5319 1185 5399 Christi,
1204 5325 1296 5389 cuius
1313 5328 1382 5390 vim
1434 5347 1493 5408 quo
1520 5323 1654 5404 incipiat
1679 5320 1858 5404 spiritualia
1879 5320 1960 5384 citae
1985 5318 2114 5382 uouims.
2160 5313 2263 5378 Paulo
2285 5313 2410 5395 quidem

404 5426 442 5470 ao
461 5404 658 5471 beneficium
678 5404 824 5470 nondum
847 5412 956 5471 mente
978 5405 1296 5493 comprehendunt?⁴
1322 5409 1382 5473 Ni·
1434 5416 1506 5475 teste
1527 5408 1559 5493 (1
1582 5407 1656 5473 Oor.
1678 5413 1705 5485 7,
1728 5407 1791 5491 14),
1815 5407 1884 5471 ticet
1904 5409 2021 5468 neura
2038 5402 2159 5485 perditi
2180 5401 2244 5463 sint
2260 5401 2316 5480 qui
2337 5417 2410 5464 nas

403 5491 452 5554 hil
478 5492 617 5557 istorum
642 5493 677 5556 in
703 5492 865 5575 baptismo
890 5491 1139 5575 praescribtum
1167 5511 1269 5573 quare
1293 5494 1382 5560 inter
1433 5501 1545 5560 cuntur
1565 5514 1603 5557 er
1622 5492 1776 5574 fiddibris,
1801 5489 2036 5573 supernaturali
2057 5493 2158 5552 minen
2178 5487 2286 5568 pratia
2308 5485 2411 5550 sanai

403 5577 485 5642 haec
501 5576 565 5642 duo
583 5578 678 5662 signa
698 5579 879 5661 plurimum
900 5585 951 5642 est
972 5576 1185 5655 discriminis,
1213 5576 1300 5660 quod
1320 5581 1381 5646 sub
1433 5584 1515 5643 sunt.
1558 5579 1754 5663 Alteporiom
1774 5579 1885 5645 dende
1905 5577 2047 5658 profert,
2065 5573 2146 5656 quod
2167 5571 2278 5637 David
2298 5572 2334 5635 in
2355 5591 2410 5637 ar·

403 5665 507 5728 veteri
524 5685 651 5748 quoque
667 5671 864 5730 usamenta
881 5665 917 5730 in
933 5662 1095 5730 similibus
1113 5662 1217 5748 signis
1234 5663 1381 5731 animad-
1433 5682 1497 5728 cem
1526 5663 1606 5731 Sion
1631 5666 1847 5746 commedere,
1874 5683 1929 5730 nec
1954 5679 2058 5728 rueme
2083 5677 2137 5724 nec
2157 5656 2286 5723 claudos
2305 5674 2411 5722 seems

2152 5756 2206 5815 631
