5600 6809
397 759 459 821 703
1039 752 1306 819 INSTITU'PIO
1325 753 1431 819 Reli.
1453 749 1635 819 Ouarsa.
1663 755 1754 817 1559.
2336 759 2402 824 704

397 944 485 1009 sione
507 939 686 1017 Dominus,
710 962 808 1022 quam
830 963 894 1023 qua
914 963 974 1024 per
1001 942 1153 1023 spiritum
1174 963 1272 1005 suum
1294 963 1372 1005 usus
1425 961 1460 1003 re
1478 940 1658 1022 agitaretur
1675 940 1830 1023 quaestio,
1848 941 1963 1022 ecquid
1980 941 2022 1006 ad
2040 962 2154 1007 eorum
2171 947 2403 1012 necessitatem

396 1035 445 1092 est
466 1027 521 1108 qui
540 1045 600 1107 per
622 1046 657 1089 os
678 1025 776 1090 Pauli
796 1025 1004 1108 loquebatur;
1036 1036 1069 1091 et
1096 1027 1159 1109 ipsi
1177 1025 1372 1091 dediscimus
1425 1025 1533 1091 valcat
1558 1026 1661 1108 ipsius
1692 1025 1924 1107 praevidentia
1940 1025 1963 1109 ¹)
2015 1024 2084 1091 Sed
2112 1050 2214 1111 quum
2241 1050 2309 1094 non
2335 1032 2403 1097 alia

395 1113 478 1177 bene
499 1110 590 1192 loqui
611 1111 669 1177 ubi
690 1133 765 1176 cum
786 1110 858 1175 Deo
880 1113 968 1194 loqui
992 1112 1178 1177 desinimus.
1425 1111 1551 1175 ratione
1573 1132 1655 1193 quae
1677 1111 1789 1176 futura
1810 1120 1887 1175 sunt
1908 1112 2105 1195 praevideat,
2128 1114 2194 1180 nisi
2208 1117 2345 1197 quisita
2361 1125 2402 1182 ut

483 1200 511 1259 6.
541 1196 693 1260 Alterum
711 1216 838 1279 quoque
853 1198 1015 1261 obiectum
1027 1198 1068 1262 ab
1083 1197 1250 1280 impietate
1268 1219 1373 1262 emer-
1425 1197 1541 1260 fierent
1563 1197 1714 1273 decrevit,
1736 1197 1859 1261 trustra
1881 1195 1921 1261 de
1941 1198 2156 1280 praescientia
2176 1200 2218 1264 lis
2239 1211 2401 1282 movetur,

397 1283 454 1367 git,
473 1281 562 1363 quod
578 1289 691 1346 tamen
707 1302 773 1346 non
791 1288 859 1346 tam
876 1280 918 1346 ad
935 1282 999 1347 Dei
1017 1282 1258 1367 sugillationem
1275 1304 1373 1366 quam
1425 1281 1483 1346 ubi
1496 1290 1624 1346 constat
1643 1281 1846 1346 ordinatione
1856 1283 1965 1365 potius
1977 1291 2011 1347 et
2026 1292 2110 1349 nutu
2131 1285 2242 1350 omnia
2257 1290 2401 1354 evenire.

397 1367 439 1433 ad
461 1369 639 1449 peccatoris
660 1368 901 1433 excusationem
923 1375 1012 1434 rocta
1032 1376 1164 1451 spectat.
1209 1370 1299 1445 Etsi,
1318 1370 1372 1452 qui
1512 1371 1540 1431 7.
1584 1367 1725 1433 Mene
1750 1368 1851 1432 uerbis
1871 1368 1925 1433 lico
1950 1375 2074 1434 eastme
2094 1377 2220 1453 nepam,
2248 1373 2404 1438 aarum
2507 1362 2511 1369 ’

397 1475 417 1518 a
435 1452 508 1517 Deo
529 1451 703 1518 damnatur
719 1460 876 1535 peccator,
898 1455 1029 1518 nonnisi
1050 1476 1125 1519 cum
1147 1454 1262 1520 iudicis
1279 1456 1373 1538 igno-
1423 1453 1524 1533 fuisse
1544 1475 1565 1517 a
1586 1452 1663 1530 Deo,
1684 1460 1719 1517 ut
1737 1474 1799 1518 sim
1820 1453 1983 1534 ddcmione
1997 1457 2120 1535 periret
2141 1456 2258 1521 Adam.
2298 1459 2402 1539 Quasi

396 1539 500 1603 minia
527 1539 698 1604 iustificari
717 1538 849 1603 demum
875 1545 990 1621 potest.
1035 1538 1092 1605 Sic
1113 1561 1190 1623 ergo
1218 1542 1372 1622 profanae
1425 1559 1495 1602 cero
1516 1540 1600 1603 idem
1620 1538 1672 1603 ille
1693 1537 1796 1617 Duas,
1824 1560 1914 1620 quem
1932 1541 2090 1622 scriprtma
2110 1544 2276 1621 namuci
2296 1544 2401 1624 farere

397 1625 530 1708 linguae
561 1625 779 1707 obganniunt:
811 1646 870 1689 cur
896 1646 936 1689 ea
967 1626 1047 1690 vitio
1073 1626 1166 1691 Deus
1197 1627 1375 1708 imputaret
1424 1644 1619 1705 mmmunque
1639 1624 1713 1704 uult,
1734 1624 1876 1706 ambiatis
1895 1624 1958 1704 fine
1977 1627 2149 1691 condiderit
2171 1629 2401 1695 nobilissimam

397 1710 600 1786 hominibus,
633 1730 773 1792 quorum
804 1711 1028 1776 necessitatem
1056 1733 1117 1776 sua
1148 1711 1372 1794 praedestina·
1425 1730 1464 1774 ea
1490 1710 1559 1775 aeis
1584 1711 1745 1774 creaturis.
1796 1709 1905 1774 Liberi
1932 1710 2062 1776 arbitrii
2088 1713 2188 1793 fuisse
2214 1715 2335 1793 dicunt,
2365 1720 2401 1780 ut

397 1796 486 1860 tione
513 1793 689 1877 imposuit?
722 1794 799 1876 quid
826 1797 914 1860 enim
941 1796 1106 1862 facerent?
1141 1817 1183 1860 an
1212 1819 1288 1863 cum
1316 1797 1372 1861 de·
1422 1795 1584 1876 somenam
1612 1795 1767 1876 inscribi
1796 1795 1936 1877 timaei,
1965 1795 2071 1861 Deum
2096 1819 2167 1864 cero
2193 1799 2276 1864 nibil
2306 1801 2401 1866 desti

396 1882 493 1947 cretis
520 1880 591 1944 cius
622 1880 845 1945 luctarentur?
878 1887 913 1945 at
939 1882 1061 1946 frustra
1087 1882 1121 1946 id
1150 1883 1267 1948 facturi
1295 1882 1371 1961 sint,
1424 1901 1529 1960 nasse,
1551 1882 1617 1945 nisi
1644 1885 1678 1945 ut
1700 1901 1762 1960 pro
1782 1881 1890 1946 merito
1911 1902 1981 1946 eum
2006 1887 2160 1948 traderet.
2209 1884 2289 1949 Tam
2308 1887 2401 1970 tripi-

395 1987 497 2049 quum
525 1966 659 2030 omnino
685 1966 793 2031 tacere
820 1988 885 2031 nou
915 1968 1048 2049 possint
1093 1969 1169 2032 Non
1197 1989 1274 2052 crgo
1302 1969 1372 2032 iure
1424 1966 1499 2029 dum
1520 1971 1720 2030 commentum
1741 1967 1771 2029 si
1791 1967 1955 2046 recipitne,
1984 1968 2038 2032 ubi
2059 1970 2117 2032 erit
2138 1970 2196 2034 illa
2218 1969 2283 2034 Dei
2303 1973 2402 2036 mnni-

394 2053 436 2117 cb
463 2073 502 2116 ea
534 2052 719 2135 puniuntur
751 2072 890 2134 quorum
922 2055 1096 2136 praecipua
1120 2055 1157 2118 in
1181 2053 1246 2119 Dei
1278 2075 1372 2136 prae-
1419 2053 1578 2131 mantia,
1617 2073 1680 2132 qua
1711 2051 1879 2116 secundnm
1912 2073 2064 2117 arcanmn
2095 2054 2280 2134 masiliam,
2318 2058 2402 2138 quod

396 2137 614 2204 destinatione
635 2157 733 2202 causa
754 2143 813 2201 est.
858 2137 924 2202 Hic
950 2139 1159 2204 abstineboa
1186 2140 1373 2205 defensione
1424 2138 1554 2202 aliunde
1579 2157 1640 2200 nen
1661 2138 1781 2216 pendet,
1809 2137 1914 2201 omnia
1935 2139 2135 2203 moderatu?
2185 2141 2287 2222 Atqui
2305 2162 2403 2222 prae·

395 2221 437 2286 ad
459 2244 557 2304 quam
577 2223 645 2287 fere
667 2221 841 2304 scriptores
869 2223 1077 2290 ecclesiastici
1098 2232 1285 2303 recurrunt,
1308 2247 1373 2289 non
1425 2223 1596 2301 deminutio,
1618 2223 1720 2300 celim,
1742 2222 1848 2300 nolint,
1871 2223 1907 2286 in
1922 2224 2059 2304 posteris
2079 2245 2112 2290 se
2125 2226 2256 2307 profert.
2293 2228 2402 2309 Neque

395 2308 552 2390 impedire
569 2308 634 2373 Dei
652 2309 901 2391 praescientiam
918 2311 1091 2392 quominus
1111 2311 1208 2376 homo
1225 2319 1374 2393 peccator
1426 2309 1509 2372 enim
1537 2308 1656 2389 factum
1685 2313 1730 2372 cst
1760 2308 1948 2373 naturaliter
1978 2314 2014 2373 ut
2041 2330 2063 2374 a
2094 2311 2194 2385 salute
2226 2313 2402 2379 midensi

394 2400 579 2482 reputatum
601 2393 865 2476 quandoquidem
885 2394 975 2459 illius
996 2396 1091 2473 mala,
1114 2418 1181 2460 non
1205 2417 1264 2461 sua
1281 2397 1374 2461 Deus
1426 2414 1535 2472 omnm,
1557 2395 1654 2458 unius
1669 2394 1816 2475 parentis
1836 2395 1935 2474 adpo.
1973 2395 2057 2475 Quid
2077 2415 2127 2459 eos
2143 2397 2284 2476 probibet
2303 2399 2402 2481 fateri

395 2479 595 2561 praevideat
628 2479 704 2543 Non
726 2481 815 2543 enim
834 2480 887 2545 hic
909 2478 1100 2545 subsisteret
1120 2481 1294 2560 cavillatio,
1317 2481 1374 2546 sed
1424 2480 1464 2544 de
1483 2500 1545 2543 nno
1566 2479 1695 2556 bomine,
1708 2481 1790 2561 quod
1810 2480 1902 2543 inuiti
1921 2480 1960 2544 de
1975 2485 2033 2544 tote
2055 2481 2191 2547 bumana
2206 2504 2315 2566 genere
2334 2505 2401 2548 cea

395 2566 505 2647 potius
526 2572 668 2648 urgeret,
691 2565 801 2641 Deum
822 2572 934 2630 tamen
954 2566 1049 2631 malis
1071 2587 1154 2649 quae
1175 2567 1375 2649 praeviderit
1426 2564 1558 2629 cedam?
1610 2565 1695 2645 Quid
1721 2566 1804 2629 enin
1830 2565 2061 2647 terpioersande
2088 2566 2226 2632 luderent
2251 2569 2402 2649 mam?

395 2650 540 2733 potuisse
562 2671 746 2729 occurrere,
769 2651 798 2716 si
819 2651 982 2716 voluisset.
1027 2651 1141 2733 Quum
1162 2674 1230 2717 non
1251 2653 1372 2731 fecerit,
1428 2649 1559 2715 Carnam
1573 2651 1720 2716 mmtales
1735 2652 1770 2715 in
1784 2650 1882 2714 unius
1897 2650 2033 2715 leminis
2043 2672 2181 2732 peremta
2195 2656 2290 2719 morti
2306 2660 2401 2720 aeter-

397 2733 558 2802 destinato
584 2735 718 2802 consilio
745 2756 872 2802 creasse
898 2737 1065 2803 hominem
1093 2739 1128 2802 in
1161 2759 1237 2802 eum
1263 2740 1373 2817 finem,
1425 2757 1485 2801 nac
1509 2736 1701 2817 mancipatos
1731 2736 1832 2817 fuisse
1855 2737 2014 2816 scriptura
2039 2738 2161 2803 clarmt
2210 2739 2278 2804 Hoc
2304 2760 2401 2821 quum

396 2827 435 2887 ut
467 2843 503 2887 se
534 2822 570 2886 in
601 2829 690 2886 terra
723 2822 770 2886 ita
802 2827 939 2906 gereret.
984 2822 1081 2904 Quod
1110 2825 1137 2889 si
1165 2824 1230 2889 Dei
1264 2825 1373 2907 prori-
1425 2826 1557 2886 ammae
1583 2821 1720 2886 mariti
1746 2826 1890 2902 masat,
1917 2821 1957 2886 ab
1977 2822 2161 2888 admirabili
2180 2822 2245 2888 Dei
2272 2827 2402 2891 consilio

396 2905 509 2973 dentia
535 2909 583 2972 in·
598 2908 683 2973 hanc
711 2906 930 2972 conditionem
958 2908 1056 2973 homo
1082 2914 1210 2975 creatus
1237 2918 1303 2987 est,
1337 2916 1374 2995 ut
1420 2907 1593 2990 molestum
1613 2927 1679 2971 esse
1697 2908 1826 2972 minime
1847 2906 2009 2972 absarrum
2030 2908 2088 2972 est.¹
2127 2907 2234 2973 Bornos
2255 2911 2402 2975 istosin

395 3000 508 3075 postca
528 2994 650 3059 faceret
671 3013 880 3076 quaecunque
897 2993 983 3072 facit,
1004 3016 1073 3058 non
1091 3016 1161 3060 esse
1178 2995 1227 3059 illi
1244 2995 1374 3061 crimini
1425 2993 1529 3058 stitiae
1544 2991 1608 3056 Dei
1623 2998 1776 3071 patratos
1792 2993 1958 3073 pennam
1973 2992 2099 3059 damme
2115 2994 2149 3057 in
2164 2993 2291 3074 festuca,
2314 2996 2402 3062 altas

395 3077 590 3145 vertendum
611 3078 698 3160 quod
720 3101 780 3144 nec
808 3079 952 3162 effugere
973 3080 1084 3161 possit,
1113 3089 1146 3144 et
1167 3081 1232 3146 Dei
1258 3080 1373 3146 volun·
1424 3098 1505 3142 cero.
1525 3077 1629 3143 trabes
1652 3097 1815 3159 superma,
1849 3079 1946 3143 nimis
1974 3078 2144 3144 absurdum
2173 3084 2223 3144 est.
2279 3079 2402 3146 Iterum

394 3169 463 3229 tate
480 3164 643 3247 suscipiat
662 3164 687 3249 ¹)
718 3165 809 3248 Ergo
829 3164 998 3230 videamus
1015 3165 1173 3248 quomodo
1190 3167 1253 3230 rite
1268 3166 1374 3231 nodus
1425 3183 1547 3244 quaero,
1569 3164 1652 3228 unde
1670 3164 1788 3245 factrnn
1808 3169 1854 3228 est
1873 3167 1908 3227 ut
1927 3169 1969 3228 tot
1986 3170 2089 3248 penus
2110 3185 2177 3230 una
2202 3185 2271 3229 cum
2291 3166 2402 3232 liberis

395 3249 542 3334 expediri
575 3249 700 3315 debeat.
751 3251 902 3315 Primrun
931 3253 1075 3315 omnium
1108 3260 1258 3318 constare
1286 3253 1374 3318 inter
1426 3270 1531 3314 anum
1547 3248 1723 3331 Menidas
1739 3255 1881 3314 aarum
1896 3251 1989 3314 morti
2005 3250 2170 3316 involveret
2185 3251 2297 3332 lapara
2308 3251 2401 3316 Adae

395 3356 508 3400 omnes
530 3336 626 3400 debet
643 3336 729 3418 quod
749 3336 798 3400 ait
815 3334 970 3401 Solomon
992 3336 1104 3422 (Prov.
1128 3340 1176 3417 16,
1196 3336 1240 3420 4),
1263 3335 1374 3403 Deum
1425 3335 1538 3417 absque
1563 3335 1711 3413 reneca,
1738 3335 1804 3400 nisi
1829 3335 1906 3416 quia
1927 3335 1995 3401 Deo
2021 3336 2069 3401 ita
2085 3332 2197 3402 ‘omum
2224 3337 2292 3401 est?
2338 3337 2402 3403 Hie

395 3422 505 3486 omnia
515 3429 648 3504 propter
660 3422 873 3503 semetipsum
890 3422 1081 3504 condidisse,
1099 3424 1373 3506 impiumquoqne
1424 3419 1622 3485 aimmescere
1648 3425 1763 3502 operta
1787 3425 1854 3485 tam
1874 3421 1995 3486 dicaces
2019 3421 2138 3502 alicam
2159 3423 2294 3505 lamnas.
2338 3422 2401 3489 De·

395 3507 438 3572 ad
459 3504 546 3571 diem
566 3507 700 3572 malum.
733 3507 829 3586 Ecce,
852 3528 951 3588 quum
969 3530 1081 3575 rerum
1098 3510 1244 3574 omnium
1265 3508 1373 3592 dispo-
1424 3511 1540 3571 cretum
1560 3506 1683 3587 quidem
1703 3505 1857 3583 iemibile,
1877 3505 1994 3588 fateor;
2024 3507 2160 3571 infitiari
2181 3512 2284 3573 tamen
2304 3528 2400 3574 nemo

396 3592 469 3658 sitio
496 3593 532 3656 in
560 3614 661 3657 manu
682 3592 748 3657 Dei
769 3592 825 3669 sit,
853 3613 955 3675 quum
975 3615 1075 3677 penes
1101 3596 1210 3678 ipsum
1231 3595 1374 3660 resideat
1424 3593 1544 3674 poterit
1570 3592 1650 3674 quin
1675 3591 1888 3674 praesciverit
1914 3593 2021 3670 Deus,
2042 3613 2140 3675 quem
2162 3594 2288 3658 exitum
2317 3600 2401 3661 esset

395 3677 512 3743 salutis
534 3700 572 3742 ac
592 3678 706 3743 mortis
727 3677 907 3757 arbitrium,
928 3680 1062 3746 consilio
1079 3688 1224 3763 nutuque
1247 3702 1304 3745 suo
1326 3680 1374 3746 ita
1425 3677 1596 3743 habiturus
1618 3677 1724 3756 homo,
1747 3684 1923 3759 antequam
1943 3677 2053 3760 ipsum
2074 3678 2243 3758 conderet,
2273 3688 2307 3744 et
2327 3679 2400 3746 ideo

396 3761 534 3841 ordinat,
556 3769 595 3827 ut
609 3763 698 3828 inter
718 3764 867 3829 homines
884 3772 1071 3843 nascantur,
1094 3766 1135 3832 ab
1152 3774 1244 3831 utero
1266 3773 1373 3832 certae
1424 3763 1644 3846 praesciverit,
1657 3763 1734 3845 quia
1750 3762 1879 3828 decreto
1896 3782 1955 3828 suo
1973 3764 2020 3829 sic
2037 3761 2214 3829 ordinarat
2248 3765 2289 3829 In
2306 3787 2400 3848 prae-

396 3848 496 3912 morti
517 3847 635 3926 devoti,
657 3849 713 3932 qui
730 3870 789 3915 suo
806 3849 906 3914 exitio
924 3852 1025 3932 ipsius
1043 3872 1163 3916 nomen
1181 3850 1371 3935 glorificent.
1425 3849 1596 3915 scientiam
1616 3849 1681 3913 Dei
1702 3849 1731 3912 ei
1756 3849 1828 3933 quis
1850 3847 1905 3922 hic
1925 3848 2115 3927 invehatur,
2144 3861 2267 3915 temere
2295 3859 2330 3915 et
2350 3852 2400 3916 in·

397 3930 436 3998 Si
459 3934 531 4015 quis
553 3939 712 4013 causetur,
735 3935 861 4000 nullam
883 3937 930 4000 eis
951 3936 1066 4002 inferri
1085 3939 1313 4003 necessitatem
1330 3959 1373 4002 ex
1425 3933 1571 4000 consulte
1592 3933 1753 4018 impingit.
1791 3933 1881 4015 Quid
1901 3935 1999 4013 enim,
2022 3956 2150 4018 quaeso,
2173 3945 2224 4001 est
2245 3956 2303 4002 cur
2324 3958 2401 4003 reus

395 4018 460 4083 Dei
492 4018 715 4100 providentia,
743 4021 801 4086 sed
827 4022 937 4103 potius
959 4043 999 4087 ea
1020 4023 1205 4088 conditione
1233 4024 1273 4088 ab
1301 4024 1372 4107 ipso
1425 4026 1544 4104 agatur
1575 4019 1711 4085 melestis
1736 4020 1833 4085 iudea
1864 4021 1942 4104 quia
1975 4041 2042 4085 non
2079 4022 2281 4105 ignoraverit
2314 4020 2401 4104 quod

396 4124 467 4170 esse
499 4111 641 4183 creatos,
673 4107 826 4189 qnoniam
854 4106 998 4172 nonam
1030 4129 1143 4174 eorum
1174 4109 1372 4191 pravitatem
1424 4107 1573 4171 futurum
1605 4103 1697 4170 crat?
1751 4105 1794 4170 In
1814 4106 2146 4188 praedestinationem
2167 4108 2335 4189 competit,
2372 4107 2402 4173 si

393 4188 602 4273 praeviderit,
624 4213 729 4274 neque
750 4192 834 4256 nihil
856 4193 948 4272 dicit,
969 4215 1074 4276 neque
1095 4200 1211 4259 totum.
1255 4192 1373 4261 Solent
1424 4191 1573 4275 quidest
1595 4191 1775 4257 veliustae
1796 4192 1850 4257 vel
1871 4193 2034 4275 speciosae
2057 4193 2285 4276 querimoniae.
2330 4194 2402 4260 Nec

371 4280 374 4286 '
394 4275 525 4357 quidem
542 4276 708 4342 interdum
725 4278 787 4343 hac
804 4277 965 4343 solutione
982 4281 1032 4344 uti
1049 4286 1184 4357 veteres,
1203 4277 1261 4346 sed
1279 4280 1372 4364 quasi
1424 4276 1604 4343 absurdum
1625 4276 1729 4343 rideri
1752 4278 1848 4344 debet
1868 4277 1954 4360 quod
1976 4277 2062 4357 dico,
2085 4278 2195 4342 Deum
2215 4298 2280 4339 non
2301 4277 2401 4343 modo

394 4360 591 4427 dubitanter.
636 4362 833 4429 Scholastici
851 4385 930 4428 vero
950 4365 987 4427 in
1008 4386 1048 4429 ca
1069 4366 1254 4446 quiescunt,
1284 4387 1321 4433 ac
1343 4367 1371 4432 si
1422 4363 1522 4446 primi
1549 4363 1690 4428 hominis
1716 4383 1844 4442 casum,
1872 4370 1907 4427 et
1926 4364 1963 4428 in
1983 4384 2022 4429 eo
2042 4369 2246 4445 posterorum
2267 4361 2400 4428 ruinam

393 4446 477 4510 nihil
498 4454 612 4513 contra
633 4449 753 4531 opponi
771 4457 888 4530 posset.
933 4449 1095 4533 Equidem
1121 4452 1372 4533 praescientiam
1422 4449 1631 4531 praevidisse,
1654 4447 1711 4513 sed
1727 4449 1862 4515 arbitrio
1883 4469 2011 4531 quoque
2027 4469 2086 4514 suo
2103 4446 2316 4527 dispensasse.
2350 4448 2400 4514 Ut

393 4533 497 4597 solam
518 4533 644 4598 nullam
661 4535 783 4598 inferre
804 4535 1032 4600 necessitatem
1049 4537 1210 4601 creaturis
1231 4537 1371 4603 libenter
1423 4536 1513 4599 euim
1533 4534 1576 4599 ad
1597 4535 1666 4600 eius
1688 4535 1882 4617 sapientiam
1901 4534 2053 4617 pertinet,
2070 4531 2219 4597 omnium
2241 4553 2323 4614 quae
2344 4534 2399 4598 fu·

393 4639 596 4696 coneomero,
626 4620 757 4685 tametsi
778 4641 845 4683 non
873 4641 985 4685 omnes
1010 4623 1238 4687 assentiantur.
1283 4621 1372 4688 Sunt
1423 4623 1499 4686 tur‘a
1520 4620 1598 4685 sunt
1619 4641 1689 4685 esse
1710 4619 1907 4702 praescium,
1930 4619 1977 4683 sic
1998 4619 2040 4682 ad
2061 4618 2258 4700 potentiam,
2288 4620 2398 4684 omnis

395 4705 483 4769 enim
504 4704 561 4786 qui
580 4704 687 4786 ipsam
707 4725 835 4787 quoque
861 4727 993 4771 causam
1019 4727 1131 4772 rorum
1153 4729 1224 4773 esse
1245 4708 1370 4773 volunt.
1422 4727 1523 4771 manu
1544 4726 1605 4772 sua
1625 4726 1739 4788 regere
1755 4726 1793 4769 ac
1813 4703 1983 4769 moderari.
2017 4703 2063 4767 Et
2077 4702 2157 4767 bam
2172 4724 2290 4785 quoque
2306 4725 2398 4785 quae-

395 4788 523 4853 Verum
549 4789 632 4854 mihi
659 4791 784 4856 mutius
807 4811 844 4855 ac
865 4791 1059 4873 prudentius
1084 4792 1215 4858 videtur
1239 4814 1370 4876 perspe-
1411 4791 1552 4857 ”ationem
1578 4789 1786 4873 Aupustinus
1800 4789 1830 4872 ²)
1857 4794 1893 4853 ut
1919 4789 2019 4868 alias,
2053 4789 2128 4854 scite
2151 4791 2287 4869 eapedil:
2312 4791 2398 4856 salu

397 4873 483 4936 risse
504 4873 617 4953 Valla,
647 4876 744 4941 homo
766 4876 885 4959 alioqui
912 4879 947 4943 in
975 4879 1074 4944 sacris
1100 4901 1167 4943 non
1194 4879 1371 4944 admodum
1422 4876 1554 4943 anun
1579 4877 1757 4954 emtiicmur
1782 4873 1865 4955 qued
1891 4874 2060 4940 rectissime
2091 4875 2261 4952 credimus,
2292 4875 2397 4940 Deum

396 4958 602 5037 exercitatus,
620 4962 676 5042 qui
692 4983 927 5044 supervacuam
945 4985 1016 5029 esse
1033 4964 1118 5030 hanc
1130 4966 1371 5031 contentionem
1424 4962 1655 5041 Dominamque
1674 4978 1780 5023 rernm
1801 4959 1954 5039 onmium,
1977 4962 2034 5042 qui
2054 4961 2169 5025 meavit
2190 4961 2297 5025 omnia
2318 4961 2397 5026 bona

397 5041 553 5121 ostendit,
586 5047 740 5127 quoniam
766 5055 800 5111 et
826 5049 897 5114 vita
923 5057 957 5114 ct
988 5070 1076 5115 mors
1103 5050 1233 5116 divinae
1265 5051 1371 5133 magis
1423 5047 1519 5125 valde,
1541 5051 1570 5111 ct
1589 5044 1675 5108 nmla
1695 5065 1734 5108 ea
1754 5044 1842 5110 mnis
1861 5047 2024 5111 moriare
2044 5047 2230 5127 praescivit,
2258 5048 2398 5112 decimi

397 5127 575 5197 voluntatis
596 5150 693 5212 quam
715 5135 949 5217 praescientiae
971 5135 1038 5200 sint
1060 5137 1212 5202 actiones.
1256 5133 1294 5199 Si
1311 5134 1369 5199 ho·
1423 5134 1526 5214 mapa
1542 5131 1585 5196 ad
1601 5149 1693 5194 mam
1703 5131 2034 5211 munrotemmsimam
2050 5132 2214 5197 bonitatem
2228 5134 2395 5213 petinere,

396 5213 524 5278 minum
541 5222 658 5282 eventa
674 5218 878 5300 praevideret
890 5221 983 5285 Deus
1001 5220 1170 5298 duntamt,
1188 5241 1255 5286 non
1272 5220 1371 5284 etiam
1422 5218 1517 5282 etiam
1537 5217 1575 5283 de
1593 5216 1689 5281 mdis
1708 5216 1882 5299 bmdaum
1902 5238 1998 5299 quam
2014 5218 2102 5282 mala
2118 5237 2184 5283 esse
2203 5238 2265 5281 non
2281 5219 2399 5283 sinere:

398 5321 457 5365 suo
484 5300 617 5366 arbitrio
645 5303 831 5386 disponeret
859 5326 896 5371 ac
923 5305 1104 5385 ordinaret,
1133 5312 1204 5370 tum
1224 5326 1290 5370 non
1312 5306 1370 5371 abs
1422 5303 1469 5368 sic
1489 5304 1651 5370 ordinasse
1675 5303 1856 5387 aupelerum
1875 5307 1903 5368 at
1923 5303 2084 5369 mmmm
2102 5304 2215 5383 citam
2242 5308 2277 5367 ut
2302 5303 2337 5367 in
2359 5324 2399 5369 ea

1423 5494 1481 5502 ...υ
1491 5496 1625 5502 ..-—--——-

442 5591 826 5667 Ι1)8ιίιιιιὶ.αιιιιιιιιιιίιιε.
855 5592 1027 5648 decentiores
1042 5610 1132 5649 orienes
1144 5598 1290 5664 mactent:
1308 5613 1369 5649 con·
1492 5594 1521 5660 l)
1541 5595 1622 5649 Rrec.
1642 5594 1805 5647 nonnullae.-
1821 5594 2000 5663 providentia
2036 5592 2066 5660 ι)
2085 5593 2195 5646 Enclrir.
2215 5595 2250 5646 ad
2268 5596 2397 5649 Laurent.

398 5661 553 5726 stringatur.
1423 5662 1474 5716 104
1491 5680 1566 5733 seqq.
1585 5662 1653 5731 (28).
