5600 6809
429 770 492 831 ece
906 812 915 843 ,
1079 755 1346 826 1115111111Ιο
1367 757 1473 823 Rau.
1496 753 1680 824 offerar.
1708 763 1798 823 reso.
2378 765 2447 826 844

424 975 503 1020 vero
526 951 617 1017 addit
637 971 696 1016 suo
719 957 865 1031 tempore
887 949 1032 1031 coepisse
1057 947 1164 1011 moliri
1193 948 1226 1011 in
1249 948 1406 1032 mysterio
1459 953 1586 1030 centur,
1604 945 1775 1039 mendacia
1791 968 1861 1012 esse
1884 956 1918 1011 et
1939 949 2145 1032 imposturas.
2182 948 2341 1026 Tertium
2364 947 2444 1014 doc-

379 1092 384 1101 .
424 1061 506 1122 opus
534 1030 730 1119 iniquitatis,
760 1034 846 1117 quod
871 1042 985 1116 postea
1013 1033 1122 1116 palam
1141 1034 1289 1097 facturus
1310 1039 1405 1111 esset,
1459 1030 1581 1095 trinam
1609 1030 1649 1096 de
1675 1032 1788 1098 futura
1816 1034 1885 1098 vita
1902 1040 1935 1097 et
1962 1034 2080 1098 ultima
2101 1034 2348 1111 resurrectione,
2370 1055 2443 1100 me-

423 1145 516 1191 exeo
532 1122 758 1205 intelligimus,
778 1120 996 1185 calamitatem
1007 1119 1094 1184 hanc
1111 1140 1285 1202 nequeper
1302 1140 1407 1183 unum
1459 1137 1513 1181 ras
1535 1136 1606 1182 esse
1627 1117 1764 1183 fabulas.
1808 1119 1885 1183 Non
1905 1139 2019 1184 omnes
2040 1120 2086 1185 ita
2108 1121 2263 1196 sentiunt,
2287 1127 2322 1186 et
2342 1120 2443 1202 pauci

424 1209 593 1274 bominem
614 1209 716 1272 fuisse
737 1206 958 1283 inferendam,
986 1225 1092 1287 neque
1118 1204 1155 1267 in
1184 1226 1249 1269 uuo
1271 1204 1406 1268 homine
1458 1201 1709 1284 italoquuntur,
1732 1205 1844 1268 fateor.
1889 1202 2090 1287 Iampridem
2118 1213 2230 1270 tamen
2249 1206 2329 1270 haec
2351 1205 2444 1270 ordi·

422 1294 610 1362 finiendam.
646 1294 760 1370 Perre,
783 1313 885 1375 quum
902 1291 965 1355 hac
982 1296 1061 1355 nota
1078 1289 1227 1373 designet
1249 1290 1406 1354 antichri-
1458 1288 1552 1351 naria
1573 1309 1644 1352 esse
1663 1290 1769 1372 coepit
1789 1291 1983 1370 pontificum
2004 1291 2127 1374 religio.
2172 1291 2246 1356 Hoc
2272 1313 2373 1373 quum
2396 1293 2443 1355 sit

425 1389 522 1459 stum,
546 1378 632 1462 qued
655 1400 752 1443 suum
773 1378 845 1442 Deo
868 1377 1028 1441 honorem
1049 1385 1283 1458 praecepturus
1306 1376 1348 1439 sit
1368 1382 1407 1439 ut
1458 1374 1667 1438 notissimum
1684 1375 1837 1438 omnibus
1855 1377 1911 1457 qui
1930 1377 2072 1441 Romam
2089 1386 2261 1454 noverunt,
2281 1399 2347 1442 non
2368 1399 2443 1442 cee-

424 1467 488 1532 sibi
510 1472 626 1542 sumat,
649 1465 712 1529 hoc
729 1465 941 1546 praecipuum
959 1460 1116 1526 iudicium
1133 1469 1185 1526 est
1205 1461 1292 1544 qued
1314 1462 1407 1543 sequi
1459 1465 1535 1523 sant
1555 1467 1667 1523 tamen
1684 1480 1896 1525 romanenses
1913 1461 2056 1545 theologi
2072 1462 2203 1539 iactare,
2227 1462 2352 1528 Christi
2370 1463 2443 1544 pri·

425 1552 581 1618 debemus
609 1551 645 1614 in
673 1547 859 1630 quaerendo
887 1547 1096 1625 antichrist0;
1130 1548 1324 1629 praesertim
1349 1548 1406 1611 ubi
1458 1544 1577 1627 vilegio
1598 1553 1731 1609 cautum
1752 1568 1823 1611 esse
1846 1568 1888 1611 ne
1909 1567 1995 1629 papa
2015 1568 2127 1613 errare
2144 1548 2255 1630 possit,
2279 1549 2356 1632 quia
2374 1549 2443 1614 Pe-

424 1636 582 1703 eiusmodi
610 1633 761 1717 superbia
788 1632 829 1697 ad
857 1632 1022 1714 publicam
1039 1652 1143 1714 usque
1165 1632 1318 1698 ecclesiae
1340 1633 1406 1697 dis-
1458 1639 1510 1694 tro
1540 1628 1663 1694 dietum
1692 1631 1746 1695 sit:
1777 1633 1869 1696 oravi
1896 1653 1955 1714 pro
1984 1640 2025 1712 te,
2055 1655 2097 1698 ne
2127 1633 2256 1698 deficiat
2277 1634 2358 1699 fides
2381 1645 2443 1700 tua

425 1725 618 1806 sipationem
639 1719 791 1802 procedit.
833 1717 946 1799 Quum
968 1740 1045 1802 ergo
1065 1724 1200 1796 constet,
1218 1719 1405 1800 pontificem
1457 1715 1629 1866 31111122,
1655 1715 1720 1800 32).
1766 1715 1856 1797 Quid
1881 1718 2028 1797 obsecro,
2057 1726 2127 1784 tam
2153 1719 2362 1802 impudenter
2387 1720 2442 1784 lu-

425 1829 599 1874 romanum
627 1803 835 1886 impudenter
863 1803 905 1868 ad
933 1825 968 1869 se
994 1803 1201 1868 transtulisse
1227 1803 1313 1886 quod
1340 1804 1405 1868 Dei
1480 1801 1565 1865 endo
1582 1802 1765 1883 proficiunt,
1784 1803 1849 1867 nisi
1868 1813 1906 1867 ut
1922 1809 2011 1868 tetus
2028 1804 2171 1870 muudus
2192 1805 2366 1888 intelligat,
2384 1827 2442 1872 cos

389 1949 394 1967 ,
424 1895 523 1959 unius
541 1900 574 1956 et
592 1890 717 1956 Christi
736 1890 881 1954 maxime
899 1891 1069 1972 preprium
1087 1899 1168 1967 erat,
1188 1889 1405 1954 dubitandum
1457 1887 1504 1949 ita
1515 1886 1557 1950 ad
1568 1894 1755 1951 extremum
1773 1889 1991 1971 improbitatis
2006 1890 2145 1968 venisse,
2163 1898 2201 1954 ut
2211 1911 2317 1973 neque
2328 1892 2443 1955 Deum

425 2000 493 2044 non
515 1984 565 2043 est
585 1978 666 2059 quin
687 1976 780 2058 impii
802 1985 835 2040 et
863 1975 1072 2040 abominandi
1100 1975 1194 2058 regui
1216 1975 1285 2039 dux
1307 1976 1350 2039 sit
1373 1983 1406 2039 et
1458 1971 1604 2051 timeant,
1626 1994 1732 2054 neque
1752 1974 1901 2039 homines
1922 1975 2155 2041 revereantur?

425 2065 669 2147 antesignanus.
1544 2061 1594 2120 28.
1640 2055 1707 2122 Sed
1725 2060 1890 2143 fingamus
1906 2060 2009 2125 latere
2030 2082 2143 2125 eorum
2162 2083 2242 2144 quos
2264 2061 2333 2126 dixi
2354 2083 2440 2144 pon·
2541 2121 2545 2136 ,

511 2153 561 2213 26.
606 2149 697 2212 Eant
729 2169 818 2212 nunc
849 2147 1076 2211 Romanenses
1111 2154 1145 2210 et
1176 2147 1405 2228 antiquitatem
1456 2144 1583 2207 tificum
1614 2144 1832 2225 impietatem,
1866 2145 1952 2230 quod
1985 2167 2059 2211 eam
2089 2168 2194 2231 neque
2226 2148 2441 2214 concionibus

424 2236 519 2301 nobis
550 2241 724 2317 opponant.
780 2231 885 2313 Quasi
922 2233 958 2297 in
991 2240 1085 2297 tanta
1115 2253 1226 2296 rerum
1257 2232 1405 2294 omnium
1456 2249 1562 2311 neque
1590 2229 1720 2311 scriptis
1746 2230 1959 2313 publicarint,
1988 2231 2044 2297 sed
2072 2234 2108 2297 in
2135 2254 2250 2298 mensa
2276 2233 2442 2299 duntaxat

424 2322 637 2387 conversione
666 2318 752 2383 sedis
781 2317 886 2382 honor
913 2327 999 2382 stare
1026 2318 1129 2400 possit
1155 2318 1212 2382 ubi
1237 2317 1329 2382 nulla
1355 2323 1405 2401 est
1456 2324 1491 2378 θῖ
1517 2315 1678 2392 cubiculo,
1709 2326 1767 2380 aut
1794 2317 1912 2381 saltem
1940 2318 2027 2381 inter
2057 2319 2197 2400 parietes
2223 2319 2439 2402 prodiderint

424 2406 526 2473 sedes.
571 2406 694 2469 Narrat
714 2403 877 2468 Eusebius
890 2403 916 2486 ¹)
938 2403 1057 2483 Deum,
1086 2411 1122 2467 ut
1143 2402 1304 2469 vindictae
1326 2423 1405 2467 suae
1457 2401 1578 2482 Atqui,
1608 2401 1636 2464 si
1665 2400 1875 2485 privilegium
1902 2403 1991 2485 qued
2017 2403 2200 2469 obtendunt
2226 2414 2337 2469 ratum
2366 2428 2440 2472 esse

423 2493 515 2558 loeus
538 2493 646 2567 ficret,
675 2489 845 2554 ecclesiam
872 2510 955 2572 quae
976 2489 1216 2573 Hierosolymis
1238 2494 1309 2552 erat
1328 2487 1405 2553 Pel·
1457 2485 1575 2564 velint,
1604 2497 1796 2571 expungant
1823 2509 1840 2552 e
1862 2510 2001 2553 numero
2019 2490 2212 2573 pontificum
2234 2498 2362 2573 oportet
2383 2492 2440 2556 Io-

424 2578 492 2642 lam
518 2575 736 2640 transtulisse.
780 2572 879 2656 Quod
907 2575 1008 2639 semel
1035 2575 1158 2640 factum
1185 2574 1285 2638 fuisse
1313 2573 1405 2638 audi·
1457 2592 1578 2635 aunem
1612 2571 1805 2638 vicesimum
1837 2574 2033 2654 secundum,
2065 2576 2121 2659 qui
2148 2576 2258 2659 palam
2285 2579 2437 2657 asseruit,

424 2684 509 2739 mus,
531 2662 604 2726 fieri
626 2662 755 2743 saepius
776 2660 889 2743 potuit.
934 2660 1087 2738 Proinde,
1111 2660 1157 2725 sic
1178 2659 1252 2738 loco¹
1269 2658 1405 2742 alligare
1457 2657 1584 2722 animas
1610 2678 1681 2722 csse
1707 2659 1878 2739 mortales,
1905 2681 2036 2743 unaque
2069 2682 2143 2726 cum
2170 2663 2358 2744 corporibus
2385 2665 2441 2728 in-

426 2747 586 2812 honorem
606 2747 781 2828 primatus,
804 2755 842 2808 ut
869 2746 926 2828 qui
945 2766 982 2809 re
1003 2766 1082 2810 vera
1101 2746 1332 2809 infestissimus
1354 2753 1406 2810 θεῖ
1456 2745 1554 2807 terire
1583 2764 1687 2825 usquc
1715 2743 1757 2808 ad
1783 2744 1871 2811 diem
1898 2747 2153 2812 resurrectionis.
2198 2749 2307 2830 Atque
2329 2756 2368 2812 ut
2388 2750 2439 2814 vi-

426 2833 531 2899 hostis
549 2831 684 2909 Christi,
705 2853 852 2895 summus
870 2831 1031 2914 evangelii
1054 2830 1269 2908 adversarius,
1297 2831 1404 2894 maxi-
1457 2826 1534 2892 deas
1555 2835 1659 2893 totam
1681 2828 1791 2894 sedem
1813 2852 1889 2896 cum
1906 2832 2091 2916 praecipuis
2113 2834 2183 2899 suis
2201 2833 2332 2898 fulturis
2356 2844 2439 2901 tunc

425 2940 500 2984 mus
528 2918 681 2984 ecclesiae
710 2923 854 2982 vastator
881 2938 918 2981 ae
941 2916 1129 2998 dissipator,
1159 2916 1404 2982 crudelissimus
1456 2935 1588 2996 prorsus
1610 2914 1801 2980 concidisse:
1826 2938 1921 2982 nemo
1939 2917 2157 2983 cardinalium
2174 2919 2250 2984 huic
2270 2940 2304 2984 se
2322 2927 2436 2984 tantae

425 3011 612 3069 sanctorum
648 3002 796 3067 omnium
823 3009 983 3067 mactator
1009 3007 1043 3066 et
1068 3002 1231 3080 carnifex,
1262 3003 1405 3067 vicarius
1455 3000 1604 3064 insaniae
1621 3003 1779 3083 opposuit,
1803 3002 1861 3068 sed
1878 3003 1990 3068 schola
2007 3003 2197 3087 parisiensis
2218 3025 2327 3088 regem
2349 3004 2433 3069 Cal·

425 3090 639 3154 nihilominus
662 3086 801 3166 Christi,
828 3088 922 3152 Petri
944 3109 1126 3166 successor,
1153 3088 1280 3170 primus
1302 3087 1405 3153 eccle·
1455 3084 1519 3148 liae
1549 3085 1688 3168 impulit,
1722 3098 1761 3151 ut
1792 3088 1835 3153 ad
1864 3089 2063 3172 palinodiam
2097 3090 2262 3155 hominem
2293 3104 2436 3174 cogeret

424 3176 492 3241 siae
514 3174 651 3238 antistes
673 3172 841 3251 habeatur,
865 3173 1091 3238 tantummodo
1113 3175 1190 3255 quia
1217 3173 1328 3239 sedem
1350 3195 1404 3239 oc-
1455 3170 1531 3234 Rex
1563 3170 1633 3235 cius
1659 3174 1922 3238 communionem
1950 3176 2017 3241 suis
2043 3175 2228 3253 interdixit,
2262 3176 2327 3240 nisi
2355 3197 2438 3241 mox

423 3268 524 3343 cupat
546 3280 628 3342 quae
650 3258 730 3323 olim
750 3259 857 3340 prima
879 3261 1027 3323 emnium
1050 3260 1126 3324 fuit:
1149 3259 1185 3324 id
1206 3281 1284 3326 vero
1306 3259 1404 3323 nimis
1455 3256 1674 3338 resipisceret,
1703 3258 1800 3341 idque
1829 3259 1870 3324 de
1899 3281 1988 3325 more
2015 3260 2193 3343 publicavit
2219 3283 2279 3346 per
2299 3282 2436 3344 praeco·

423 3345 599 3411 ridiculum
614 3354 665 3410 cst
682 3366 719 3409 ac
737 3343 894 3427 ineptum.
926 3345 1031 3409 Taceo
1050 3353 1210 3428 quantum
1227 3345 1272 3409 sit
1288 3344 1404 3410 discri-
1454 3364 1540 3407 nem
1584 3343 1658 3408 Hac
1678 3346 1871 3410 necessitate
1894 3345 2027 3412 adactus
2048 3346 2115 3425 illc,
2137 3368 2283 3413 errorem
2304 3348 2437 3414 abiura-

422 3432 522 3497 minis
543 3432 631 3495 inter
651 3451 756 3513 papae
777 3430 1016 3509 cancellariam,
1039 3440 1072 3495 et
1088 3431 1170 3496 bene
1187 3431 1404 3513 compositum
1455 3428 1512 3494 vit
1556 3428 1630 3493 Hoc
1658 3430 1845 3513 exemplum
1871 3431 2012 3496 facitne
2033 3454 2086 3497 me
2108 3441 2255 3515 oporteat
2280 3453 2356 3498 cum
2377 3432 2437 3498 ad·

423 3517 577 3584 ecclesiae
599 3515 757 3580 ordinem
793 3515 994 3598 Quanquam
1011 3516 1093 3581 haec
1111 3538 1179 3582 una
1198 3539 1250 3581 res
1272 3537 1404 3581 omnem
1454 3515 1608 3579 versariis
1626 3515 1766 3599 amplius
1783 3515 1824 3581 de
1841 3538 1879 3581 eo
1897 3516 2064 3600 disputare
2080 3518 2167 3601 quod
2184 3517 2304 3598 dicunt,
2323 3519 2438 3584 sedem

423 3601 465 3668 de
491 3603 554 3668 hac
580 3603 770 3684 quaestione
797 3601 1035 3667 dubitationem
1061 3610 1171 3687 potest
1193 3604 1315 3686 optime
1343 3602 1403 3666 tol-
1455 3619 1626 3664 romanam
1654 3602 1787 3683 eiusque
1814 3604 1984 3685 pontifices
2011 3603 2077 3670 labi
2098 3605 2135 3668 in
2155 3604 2220 3668 fide
2242 3626 2308 3669 non
2330 3626 2436 3687 posse,

422 3688 500 3753 lere.
514 3688 635 3765 ,Nemo
652 3688 741 3751 enim
758 3708 857 3752 sanae
875 3688 994 3752 mentis
1005 3688 1226 3772 episcopatum
1242 3689 1279 3751 in
1294 3688 1403 3771 plum·
1454 3685 1531 3767 quia
1547 3684 1648 3749 Petre
1665 3686 1791 3752 dictum
1808 3689 1865 3752 sit:
1883 3689 1976 3754 oravi
1996 3710 2055 3772 pre
2077 3697 2120 3769 te,
2140 3713 2182 3755 ne
2203 3690 2333 3756 deficiat
2354 3690 2438 3758 fides

422 3774 465 3838 bo
484 3780 517 3837 et
537 3772 636 3837 bullis
652 3772 805 3852 includet,
829 3773 933 3838 multo
951 3774 1060 3839 minus
1077 3775 1114 3838 in
1134 3774 1191 3838 illo
1213 3775 1404 3856 captionum
1454 3777 1521 3834 tua.
1572 3768 1670 3836 Certe
1700 3772 1757 3838 ille
1788 3781 1858 3839 tam
1890 3774 1983 3839 foedo
2010 3776 2131 3857 lapsus¹
2149 3797 2269 3860 genere
2297 3798 2316 3840 a
2346 3785 2438 3842 recta

422 3859 572 3924 omnium
604 3879 642 3923 ao
674 3859 1012 3943 circumscriptienum
1048 3861 1250 3943 magisterio,
1286 3859 1403 3941 quibus
1454 3855 1519 3921 fide
1537 3856 1667 3935 excidit,
1686 3865 1723 3922 ut
1741 3860 1784 3923 sit
1803 3860 1933 3943 insigne
1949 3863 2089 3942 posteris
2111 3862 2350 3941 documentum,
2368 3883 2438 3929 non

423 3945 523 4009 rebus
545 3950 697 4009 censetur
714 3945 884 4027 spirituale
906 3966 1010 4029 papae
1032 3946 1187 4029 regimen.
1223 3945 1404 4029 Eleganter
1456 3962 1569 4006 omnes
1591 3963 1662 4008 esse
1683 3945 1801 4009 Petros
1822 3945 1880 4029 qui
1901 3947 2001 4012 Petro
2022 3948 2059 4012 in
2080 3950 2300 4031 episcopatum
2324 3971 2436 4015 succc-

423 4031 526 4114 igitur
558 4028 743 4112 aquodam
772 4030 896 4096 dictum
924 4041 988 4110 est,
1023 4031 1116 4095 illam
1140 4052 1224 4114 quae
1251 4031 1401 4109 iactatur,
1455 4027 1548 4092 dunt.
1594 4026 1793 4114 Quanquam
1819 4031 1907 4095 istud
1934 4053 2062 4116 quoque
2088 4036 2193 4118 magis
2218 4056 2277 4117 per
2298 4056 2333 4100 se
2354 4056 2436 4117 pue·

422 4128 595 4180 romanam
616 4115 784 4180 ecclesiam
805 4117 933 4199 pridem
953 4135 1147 4182 conversam
1167 4117 1269 4182 fuisse
1289 4118 1326 4182 in
1346 4138 1403 4182 cu·
1454 4113 1585 4177 1ileest
1605 4135 1704 4196 quam
1725 4124 1763 4180 ut
1783 4119 2118 4202 responsione-egeat.
2162 4121 2249 4185 Nam
2272 4121 2300 4185 si
2317 4120 2438 4186 volunt

423 4202 523 4280 1111111,
553 4222 635 4283 quae
662 4201 733 4290 sola
759 4224 847 4267 nunc
875 4203 1001 4267 Romae
1028 4202 1154 4267 visitur.
1205 4204 1319 4285 Neque
1348 4202 1403 4268 hic
1454 4197 1498 4263 ad
1518 4200 1612 4264 Petri
1629 4221 1831 4268 successores
1853 4204 1985 4269 trahere
2007 4206 2165 4289 quidquid
2187 4206 2286 4270 Petro
2309 4206 2438 4272 dictum

422 4305 539 4352 accuso
562 4287 735 4352 hominum
755 4287 851 4366 vitia;
879 4287 937 4352 sed
958 4297 1116 4371 papatum
1137 4289 1247 4371 ipsum
1268 4310 1310 4352 ex
1332 4287 1403 4352 dia-
1455 4293 1514 4365 est,
1543 4294 1698 4369 sequetur
1726 4309 1840 4353 omnes
1866 4289 1939 4354 illos
1961 4312 2032 4357 esse
2054 4300 2196 4370 satanas,
2218 4311 2320 4372 quum
2341 4293 2436 4357 istud

422 4379 528 4437 metro
549 4393 624 4437 cum
648 4373 866 4438 ecclesiastica
887 4374 1014 4438 ratione
1036 4394 1183 4461 pugnare
1205 4373 1400 4439 demonstro.
1454 4391 1582 4453 quoque
1610 4374 1711 4439 Petrc
1742 4373 1864 4440 dixerit
1888 4374 2066 4442 Dominus:
2102 4376 2189 4447 ratde¹
2212 4382 2300 4438 retro
2327 4384 2436 4453 satan,

509 4461 559 4522 27.
603 4458 658 4523 Ad
680 4458 830 4524 homines
852 4464 962 4522 autem
983 4460 1012 4524 si
1035 4461 1215 4539 veniamus,
1238 4460 1319 4525 satis
1341 4460 1402 4524 eci·
1455 4457 1532 4540 quia
1554 4458 1787 4525 offendiculum
1809 4481 1845 4524 θε
1867 4461 1950 4524 mihi
1978 4461 2112 4546 (Matth.
2145 4464 2199 4537 16,
2230 4462 2295 4541 23).
2349 4461 2437 4527 Tam

422 4547 478 4607 tur
505 4544 618 4627 quales
645 4545 807 4626 reperturi
833 4545 936 4610 simus
963 4543 1090 4609 Christi
1116 4545 1268 4610 vicarios:
1297 4545 1403 4610 Iulius
1454 4543 1543 4607 enim
1559 4545 1655 4611 facile
1672 4545 1766 4611 nobis
1782 4546 1846 4610 erit
1862 4554 2049 4628 retorquere
2066 4547 2128 4612 hoc
2143 4546 2314 4628 posterius,
2334 4568 2437 4628 quam

422 4628 554 4706 scilicet,
582 4639 617 4694 et
640 4631 724 4707 Leo,
753 4637 787 4695 et
808 4629 976 4708 Clemens,
1005 4637 1039 4694 et
1059 4631 1185 4695 Paulus
1206 4631 1403 4696 christianae
1454 4628 1520 4694 illis
1543 4630 1684 4697 alterum
1705 4631 1852 4698 obiicere.

422 4713 500 4779 fidei
518 4715 688 4780 columnae
705 4724 812 4793 erunt,
830 4716 995 4798 primique
1011 4716 1181 4800 religionis
1198 4716 1401 4799 interpretes,
1542 4721 1593 4780 29.
1637 4717 1765 4781 Verum
1781 4724 1907 4781 «certare
1928 4715 2116 4800 ineptiendo
2133 4737 2200 4781 non
2217 4715 2311 4796 libct;
2336 4718 2434 4785 redeo

424 4800 483 4881 qui
509 4801 594 4863 nihil
621 4800 711 4865 aliud
734 4801 773 4865 de
794 4801 927 4867 Christo
948 4809 1138 4880 tenuerunt,
1159 4802 1224 4866 nisi
1245 4803 1332 4886 quod
1354 4804 1403 4869 di·
1456 4802 1559 4886 igitur
1586 4799 1675 4866 unde
1701 4801 1869 4884 digressus
1897 4823 1995 4866 eram.
2050 4800 2107 4868 Sic
2135 4802 2271 4886 alligare
2300 4803 2369 4869 loco
2400 4815 2434 4870 et

399 4939 401 4942 ,
426 4882 574 4949 dicerent
591 4886 627 4949 in
650 4886 761 4951 schola
782 4888 931 4952 Luciani.
969 4885 1036 4953 Sed
1059 4886 1139 4971 quid
1160 4895 1229 4953 tres
1246 4896 1304 4952 aut
1323 4911 1403 4973 qua-
1456 4888 1637 4964 Christum,
1658 4892 1692 4950 et
1708 4887 1861 4966 spiritum
1877 4894 2036 4966 sanctum,
2059 4896 2093 4952 et
2110 4889 2288 4966 ecclesiam,
2308 4898 2346 4953 ut
2362 4893 2435 4973 qui·

425 4974 501 5033 tuor
527 4971 696 5052 pontifices
718 4972 895 5052 enumero?
946 4970 1053 5053 Quasi
1079 4995 1157 5039 vere
1184 4973 1322 5039 dubium
1350 4976 1401 5053 sit,
1456 4993 1582 5055 cunque
1609 4971 1677 5036 illic
1698 4971 1898 5054 praesideat,
1927 4973 2055 5038 etiamsi
2082 4976 2126 5040 sit
2148 4974 2309 5053 diabolus,
2334 4975 2434 5041 Chri-

425 5053 557 5136 qualem
589 5056 753 5140 religionis
786 5059 927 5140 speeiem
955 5058 1092 5141 professi
1118 5060 1185 5125 sint
1211 5060 1406 5144 iampridem
1456 5059 1499 5125 sti
1520 5064 1633 5121 tamen
1653 5057 1795 5122 vicarius
1817 5066 1851 5122 et
1867 5065 1967 5141 caput
1983 5059 2138 5127 ecclesiae
2155 5071 2333 5140 censeatur,
2356 5064 2435 5144 quia

426 5140 597 5222 pontifices
618 5164 694 5207 cum
715 5151 784 5209 toto
814 5144 1033 5210 cardinalium
1067 5145 1219 5230 collegio,
1248 5155 1281 5211 et
1309 5145 1404 5210 hodic
1456 5142 1556 5210 fuerit
1577 5141 1656 5207 olim
1676 5143 1769 5208 Petri
1788 5143 1896 5224 sedes,
1917 5167 1985 5210 non
2006 5146 2103 5212 modo
2123 5149 2261 5230 impium
2282 5155 2316 5211 et
2337 5146 2435 5212 Chri-

425 5226 649 5307 profiteantur.
678 5230 830 5294 Primum
847 5230 937 5296 enim
948 5251 1088 5296 arcanae
1105 5232 1192 5297 illius
1211 5232 1403 5314 theologiae,
1457 5235 1508 5295 sto
1530 5229 1819 5311 contumeliosum,
1842 5231 1901 5296 sod
1921 5231 2020 5298 nimis
2041 5233 2220 5299 absurdum
2241 5241 2275 5297 ct
2296 5254 2316 5296 a
2335 5254 2433 5298 sensu

424 5331 509 5394 quae
520 5313 608 5378 inter
624 5335 678 5379 eos
695 5323 822 5398 regnat,
843 5324 943 5399 eaput
965 5325 1029 5380 est:
1047 5317 1177 5383 nullum
1194 5339 1266 5383 csse
1283 5317 1403 5381 Deum.
1457 5315 1623 5382 communi
1649 5316 1794 5382 alienum
1821 5338 1892 5383 esse
1918 5317 1998 5384 dico.
2054 5319 2280 5403 Iampridem
2306 5319 2434 5383 romani

425 5396 588 5478 Alterum,
607 5419 818 5482 quaecunque
840 5399 880 5464 de
898 5400 1030 5466 Christe
1050 5404 1172 5486 scripta
1189 5400 1268 5468 sunt
1288 5423 1327 5469 ac
1348 5401 1405 5466 do·
1456 5401 1628 5485 pontifices
1660 5409 1719 5467 aut
1745 5404 1837 5468 omni
1870 5423 2005 5486 prorsus
2026 5412 2142 5470 carent
2172 5405 2343 5488 religione,
2376 5413 2437 5469 aut

1457 5488 1595 5553 maximi
1616 5497 1694 5552 suut
1714 5488 1883 5572 religionis
1907 5489 2026 5555 hostes.
2070 5491 2183 5556 Nihilo
2203 5492 2307 5574 igitur
2329 5491 2436 5575 magis

1457 5575 1558 5651 fiunt,
1590 5573 1631 5638 eb
1665 5573 1775 5639 sedem
1807 5595 1907 5657 quam
1938 5583 2112 5657 occupant,
2152 5575 2278 5642 Christi
2310 5577 2436 5656 vicarii,

500 5669 525 5720 11
544 5671 620 5725 aibr.
637 5669 662 5723 3.
682 5687 703 5723 θ
722 5669 747 5724 5.
1457 5679 1557 5741 quam
1583 5657 1721 5738 idolum,
1754 5659 1811 5726 ubi
1837 5660 1874 5724 in
1905 5659 2026 5743 templo
2052 5662 2118 5729 Dei
2150 5662 2342 5739 collocatur,
2375 5683 2437 5745 pro

430 5570 633 5580 -—--——-.4..--.
