5600 6809
381 783 442 842 725
596 774 686 867 IrIB.
709 773 772 838 HI.
818 772 882 837 DE
905 769 1041 837 MODO
1061 768 1411 839 PEROIPIENDAE
1433 770 1625 840 OHRISTI
1646 773 1864 841 eulmen.
1910 773 2009 841 OAP.
2032 775 2164 844 XXIV.
2321 781 2385 847 726

378 965 522 1031 minibus
531 964 596 1029 Dei
610 962 766 1029 tribunali
785 961 942 1027 obnoxios
961 960 1121 1038 novimus,
1144 967 1182 1024 ut
1204 959 1244 1026 de
1265 960 1355 1027 mille
1406 962 1519 1028 vmire.
1555 959 1593 1026 Si
1614 960 1668 1025 dvc
1690 966 1810 1027 aeterno
1829 960 1894 1025 Dei
1913 962 2042 1027 cornilio
2060 963 2163 1044 farum
2184 983 2249 1028 esse
2270 964 2382 1045 volunt,

378 1051 570 1134 interrogati
599 1071 642 1113 ne
674 1048 710 1111 in
742 1068 807 1112 uno
840 1045 970 1128 quidem
1004 1046 1190 1111 satisfacere
1223 1053 1353 1127 queant,
1406 1052 1441 1111 ut
1461 1048 1577 1113 saunis
1597 1046 1772 1113 doctrinam
1792 1048 1988 1127 percipiant,
2018 1049 2096 1129 qnid
2123 1049 2184 1114 sibi
2210 1050 2275 1114 vult
2301 1051 2384 1116 iilud

378 1138 573 1202 confitemur
599 1134 685 1199 nihil
709 1134 778 1216 pati
805 1153 842 1196 re
865 1130 959 1196 robos
980 1132 1066 1213 quod
1087 1152 1154 1195 non
1175 1131 1354 1197 iustissimo
1408 1132 1525 1199 Mons:
1552 1153 1631 1213 quae
1658 1151 1735 1214 pens
1755 1137 1799 1198 an
1819 1137 1885 1196 tam
1903 1133 2034 1214 inclyta,
2061 1139 2095 1197 ut
2117 1136 2159 1200 ad
2180 1156 2249 1200 eam
2270 1157 2383 1217 appre

378 1223 442 1287 Dei
463 1220 583 1286 iudicio
606 1219 785 1285 conveniat
831 1153 928 1297 duod
949 1217 1109 1281 rationem
1131 1216 1173 1280 ed
1194 1215 1354 1298 liquidum
1400 1220 1533 1299 pinquat
1554 1218 1644 1282 Deis
1665 1219 1746 1282 saar
1767 1219 1810 1282 ad
1831 1223 1859 1281 te
1881 1217 1995 1302 (Dent
2019 1225 2049 1298 4,
2075 1220 2134 1303 7).2
2175 1221 2237 1302 Qui
2263 1222 2383 1302 sactum
2432 1302 2434 1306 Ι

378 1329 444 1372 ιιοιι
466 1307 678 1389 assequimur,
702 1303 824 1386 aliquid
846 1302 971 1367 nescire
991 1323 1058 1366 non
1078 1322 1273 1380 recusemus,
1298 1302 1354 1368 ubi
1406 1310 1450 1369 est
1470 1310 1505 1369 ut
1521 1304 1699 1385 privaverit
1719 1302 1809 1368 Deus
1829 1305 1982 1386 evanpelii
2008 1305 2074 1370 tuce
2100 1305 2212 1371 multos
2237 1308 2381 1388 populive,

378 1415 412 1458 se
434 1393 499 1456 Dei
522 1392 683 1473 sapientia
703 1391 739 1454 in
760 1410 853 1454 suam
876 1388 1108 1452 sublimitatem
1132 1387 1258 1452 amllit.
1406 1411 1468 1471 qua
1496 1390 1556 1454 atii
1582 1388 1793 1470 fruebantur?
1838 1389 1899 1470 Qui
1924 1392 2044 1470 sactum
2071 1396 2116 1454 est
2148 1397 2184 1454 ut
2216 1412 2380 1474 nunquam

467 1482 513 1541 15.
559 1479 606 1542 At
630 1477 783 1559 quoniam
810 1474 904 1539 obiici
930 1474 1027 1537 soleret
1054 1474 1150 1555 pauci
1172 1474 1353 1556 scripturum
1399 1496 1487 1556 pura
1507 1475 1666 1540 doctrinae
1681 1474 1810 1554 pietatis
1827 1474 1957 1556 capnitis
1975 1476 2017 1541 ad
2033 1477 2183 1556 quosdam
2195 1480 2383 1559 perverterit,
2417 1492 2421 1506 ‘

378 1563 439 1629 looi
472 1562 589 1646 quibus
620 1561 751 1626 videtur
781 1581 902 1643 negare
930 1559 1023 1624 Deus
1055 1581 1115 1624 sue
1147 1558 1353 1624 ordinatione
1405 1561 1465 1624 atii
1502 1562 1558 1625 ria
1601 1559 1731 1625 obscura
1762 1560 1917 1641 quaedam
1950 1561 2129 1626 rudimenta
2159 1563 2382 1645 putaverint?

366 1650 449 1727 ,fieri
472 1656 509 1712 ut
535 1649 638 1731 iniqui
659 1655 811 1729 pereant,
846 1645 911 1709 nisi
932 1644 1052 1727 quoad,
1081 1666 1116 1709 se
1143 1644 1351 1724 reclamante,
1406 1645 1490 1710 Ηιιιι
1510 1647 1577 1710 iam
1598 1645 1705 1710 elicere
1720 1649 1903 1727 pomptmn
1924 1647 1983 1710 erit
2003 1667 2150 1727 quorsum
2172 1649 2277 1713 undat
2296 1648 2382 1714 Pau·

378 1735 442 1817 ipsi
464 1741 604 1798 mortem
626 1741 741 1816 sponte
763 1732 825 1797 sibi
846 1736 1032 1809 accersunt,
1055 1751 1110 1796 eos
1130 1730 1275 1795 breviter
1294 1753 1351 1796 ex·
1405 1732 1463 1797 lus.
1497 1732 1715 1813 Praeceperet
1732 1731 1902 1795 Timotheo
1920 1732 2070 1796 solennes
2091 1732 2128 1795 in
2149 1734 2285 1799 ecclesia
2306 1756 2381 1816 pre-

377 1819 528 1903 plicando
567 1818 826 1883 demonstremus
858 1816 944 1881 nihil
977 1817 1135 1898 superiori
1169 1817 1352 1881 sententiae
1403 1819 1545 1884 cationes
1589 1838 1625 1881 ro
1648 1817 1780 1899 regibus
1803 1825 1837 1880 et
1857 1817 2057 1899 principibus
2068 1818 2239 1902 concipere
2246 1843 2255 1898 ;
2278 1842 2380 1901 quum

377 1905 553 1970 adversari.
586 1902 1164 1986 Profertm¹)Ereclvielistocus(34,
1185 1900 1249 1986 11),
1272 1902 1353 1981 quad
1405 1911 1515 1969 eutem
1549 1840 1728 1968 allsurdum
1758 1902 1911 1967 nonnihil
1943 1903 2110 1968 rideretur
2141 1907 2303 1970 orationes
2338 1905 2380 1969 ad

376 1990 465 2057 Deus
481 1991 560 2055 notit
574 1991 702 2054 mortem
717 1990 893 2071 pemataris,
915 1988 971 2052 sed
991 1989 1094 2071 napis
1110 1994 1146 2052 ut
1161 1992 1353 2052 convertatur
1404 1989 1514 2053 Deum
1540 1988 1634 2053 fundi
1660 2010 1719 2070 pro
1746 2008 1866 2071 genere
1893 1989 2063 2052 hominum
2090 2011 2191 2072 prope
2213 1990 2380 2072 deplorato
2473 2015 2476 2021 ·

375 2081 405 2140 ct
424 2077 518 2140 vivat.
565 2073 603 2139 Si
623 2075 678 2139 boc
700 2076 742 2140 ad
764 2079 860 2139 tetum
880 2073 1053 2137 tranianum
1072 2094 1170 2157 penus
1191 2075 1351 2138 extendere
1403 2076 1495 2158 (quia
1519 2096 1586 2140 non
1615 2082 1745 2137 tanaim
1773 2096 1795 2138 a
1821 2071 1947 2138 Christi
1975 2095 2108 2158 corpore
2137 2076 2234 2140 elieni
2267 2096 2380 2141 omnes

369 2161 487 2241 pacet,
513 2181 570 2225 cur
593 2161 753 2240 plurimos
780 2160 823 2224 ad
847 2159 1096 2238 resipiscentiam
1116 2180 1177 2223 nvn
1198 2159 1350 2238 sollicitat,
1403 2168 1505 2239 amnt,
1528 2160 1587 2225 sed
1609 2159 1651 2224 ad
1672 2180 1814 2243 regnum
1835 2160 1905 2225 eius
1927 2160 2177 2242 opprimendum
2200 2161 2276 2225 totis
2298 2161 2379 2228 viri·

375 2266 507 2326 quorun
535 2248 637 2311 animi
663 2247 706 2310 ad
735 2246 938 2311 obedientiam
964 2244 1066 2327 niapis
1098 2249 1171 2308 sunt
1198 2245 1352 2323 dmibilm
1401 2246 1463 2310 bus
1485 2244 1708 2329 enitebantur)
1730 2245 1869 2322 subiicit,
1892 2254 2063 2330 acceptum
2079 2244 2113 2309 id
2131 2267 2201 2311 esse
2217 2247 2300 2325 Deo,
2323 2248 2379 2329 qui

375 2351 470 2411 quam
487 2352 594 2398 evium
615 2333 671 2412 qui
695 2332 738 2395 ad
758 2331 960 2411 quotidianas
980 2331 1049 2394 eius
1068 2331 1265 2394 invitationes
1285 2351 1351 2395 ma·
1403 2332 1483 2397 velit
1504 2352 1617 2396 omnes
1639 2330 1788 2396 homines
1817 2331 1924 2398 salvos
1953 2332 2034 2396 fieri.
2080 2330 2155 2411 Quo
2183 2332 2267 2395 nihil
2290 2330 2380 2396 eliud

374 2418 425 2500 pis
447 2437 485 2482 ac
505 2418 608 2500 maqis
633 2417 858 2482 obdurescunt?
899 2416 1000 2496 Apud
1021 2415 1186 2480 Ninivitas
1206 2420 1234 2479 et
1257 2413 1351 2481 Sada
1400 2417 1544 2500 profecto
1566 2417 1729 2500 significat
1749 2438 1849 2499 quum
1871 2416 1954 2481 nulli
1976 2416 2148 2481 hominum
2166 2416 2272 2481 ordini
2290 2418 2379 2482 viam

375 2502 480 2581 mitae,
502 2509 575 2568 teste
599 2501 721 2568 Christo
758 2502 877 2567 Mutth.
901 2505 948 2578 13,
968 2502 1033 2584 23),
1055 2500 1206 2583 evanpeiii
1222 2502 1351 2581 praedi
1403 2503 1445 2567 ad
1467 2503 1607 2568 salutem
1628 2501 1855 2582 praeclusisse3
1885 2503 1965 2584 quin
1986 2503 2094 2584 potius
2122 2501 2379 2568 misericordiam

376 2589 456 2652 catio
483 2593 512 2652 et
537 2589 694 2653 miracuta
721 2609 799 2669 pus
828 2589 951 2668 fructus
984 2587 1157 2652 aduimserd
1192 2607 1288 2666 quam
1314 2587 1350 2650 in
1402 2609 1497 2653 suam
1523 2587 1570 2653 sic
1597 2587 1750 2652 effudisse
1776 2595 1813 2652 ut
1840 2588 1969 2652 nullum
2003 2589 2073 2652 eius
2105 2596 2275 2671 expertem
2308 2609 2379 2653 osse
2410 2585 2415 2591 ’

377 2672 511 2738 Iudaea.
548 2674 610 2754 Qui
628 2673 666 2753 fn
685 2694 764 2756 erpo,
786 2673 900 2739 sinuit
916 2671 1005 2736 Deus
1022 2692 1125 2738 vinens
1147 2672 1249 2736 salvos
1269 2671 1349 2751 fieri,
1401 2674 1490 2739 velit.
1535 2671 1630 2738 Aliae
1659 2675 1840 2738 sententiae
1868 2694 1935 2737 non
1957 2672 2125 2739 declarant
2146 2673 2224 2756 quid
2247 2673 2287 2737 de
2309 2695 2379 2738 om-

376 2763 411 2822 ut
437 2759 579 2837 miseris,
612 2760 668 2839 qui
696 2760 738 2823 ad
764 2759 903 2841 qratiam
932 2758 1144 2840 recipiendam
1170 2759 1349 2837 paratiores
1401 2759 1498 2824 nibus
1530 2757 1655 2823 occulto
1687 2778 1747 2821 suo
1780 2758 1897 2823 iudicio
1923 2759 2088 2823 Dominus
2121 2760 2286 2837 statuerit,
2320 2758 2379 2824 sed

261 2905 265 2911 .
375 2849 483 2922 essent,
506 2845 640 2909 ianuam
654 2845 863 2924 poenitentiae
884 2863 946 2908 non
967 2843 1115 2924 aperiat?
1160 2842 1246 2908 Hinc
1267 2844 1349 2909 vide-
1399 2852 1550 2928 paratum
1577 2843 1774 2908 denuntiant
1801 2844 1952 2908 omnibus
1984 2845 2209 2926 peccatoribus
2236 2846 2376 2924 veniam,

375 2949 446 2994 mus
467 2930 613 2994 violenter
634 2930 772 3010 torqueri
792 2930 905 3006 mauu,
932 2930 963 2993 si
984 2929 1049 2993 Dei
1074 2930 1230 3006 voluntas,
1257 2930 1349 2993 cuins
1400 2931 1456 3013 qui
1476 2929 1573 2994 modo
1595 2951 1630 2994 se
1652 2928 1694 2992 ed
1716 2949 1787 2993 eam
1806 2928 2036 3010 requirendam
2053 2938 2256 2995 convertunt.
2289 2931 2377 2995 Nam

374 3015 515 3079 meminit
529 3014 690 3096 propbeta,
712 3015 878 3095 opponitm
900 3019 1021 3079 aeterna
1042 3015 1110 3078 eins
1130 3011 1267 3093 consitio,
1289 3035 1349 3095 qim
1401 3018 1429 3081 si
1450 3016 1597 3081 tenacius
1619 3022 1758 3097 urgeant
1779 3013 1865 3097 quod
1889 3012 2009 3079 dieitur
2030 3014 2114 3078 velle
2136 3016 2285 3079 misereri
2308 3036 2378 3080 om·

375 3100 479 3165 destos
499 3101 647 3165 dmmevit
667 3122 688 3165 a
709 3101 856 3180 reprobis.
893 3100 989 3165 Nunc
1009 3100 1039 3164 si
1060 3101 1223 3181 quaeritur
1242 3100 1349 3183 penui-
1400 3104 1512 3179 nium,
1546 3122 1606 3184 ego
1638 3108 1762 3164 contre
1786 3100 1947 3182 excipiam
1979 3098 2064 3181 quod
2098 3099 2174 3163 alibi
2213 3100 2376 3178 scribitur,

374 3182 1350 3353 numerumnunerum
1399 3188 1687 3355 dimittit
1703 3206 1775 3355 ⁰33⁰
1796 3184 1956 3353 titia
1974 3184 2377 3353 titinium

374 3356 537 3421 &tandum
563 3358 641 3437 quiin
666 3356 757 3422 Deus
783 3361 921 3437 paratus
948 3359 991 3422 sit
1017 3359 1183 3441 ipmscere,
1215 3357 1349 3423 simuitm
1399 3358 1553 3436 verbum,
1578 3364 1617 3421 ut
1642 3379 1718 3423 cum
1744 3357 1847 3422 altero
1868 3356 2054 3422 conveniet:
2083 3356 2262 3422 miserebor
2283 3357 2377 3422 cuius

374 3461 537 3506 conversare
557 3442 654 3522 fuerit
669 3447 821 3523 peccator.
854 3441 941 3525 Erpa
962 3443 1029 3508 eires
1050 3449 1177 3508 mortem
1193 3463 1255 3508 nvn
1272 3443 1346 3520 vuit,
1399 3444 1592 3521 miserebor,
1620 3450 1654 3509 et
1680 3443 1932 3510 commiserabor
1959 3462 2057 3524 quom
2082 3442 2175 3506 fuero
2201 3442 2376 3507 miseratus

375 3532 527 3609 quatenus
547 3528 612 3593 vuit
627 3529 859 3607 poenitentiam.
903 3528 1110 3610 Experientia
1131 3533 1234 3594 autem
1254 3530 1347 3606 decet,
1400 3529 1520 3616 (Exod.
1545 3532 1595 3608 33,
1622 3529 1685 3612 19).
1731 3527 1798 3610 Qui
1818 3527 1934 3612 deligit
1953 3548 2034 3610 quos
2054 3526 2278 3593 misericordie
2299 3548 2376 3610 pro·

375 3614 422 3678 ita
444 3613 518 3679 velie
537 3614 719 3694 resipiscere
737 3635 813 3696 quos
835 3614 878 3679 ad
898 3633 932 3678 se
946 3615 1076 3693 invitat,
1104 3620 1139 3679 ut
1158 3634 1219 3679 nvn
1237 3619 1348 3697 tanpat
1400 3618 1491 3699 sequi
1528 3616 1659 3696 debeat,
1693 3636 1767 3679 eam
1798 3635 1864 3679 non
1892 3614 2042 3679 omnibus
2070 3614 2266 3695 impertitur.
2314 3613 2377 3679 Sed

375 3701 514 3763 anniam
541 3700 643 3765 corda.
664 3752 667 3759 .
688 3699 795 3781 Neque
820 3705 922 3765 tamen
948 3701 1017 3764 ideo
1038 3701 1202 3767 dicendum
1222 3705 1267 3767 est
1285 3701 1348 3781 fai·
1398 3702 1453 3767 ubi
1473 3702 1557 3767 clare
1577 3705 1711 3782 apparet
1730 3721 1793 3764 non
1814 3701 1852 3766 de
1878 3699 2015 3784 sinputis
2040 3699 2230 3777 ionnnibus,
2259 3698 2314 3763 sed
2338 3699 2376 3765 de

374 3785 482 3850 tacita
510 3785 616 3864 ipsum
643 3806 749 3868 aque:
782 3787 859 3867 quia
890 3787 947 3851 etsi
978 3806 1039 3851 vva
1071 3791 1199 3852 esterna
1225 3791 1347 3852 tantum
1398 3788 1557 3853 bominum
1574 3786 1736 3853 ordinibus
1753 3785 1821 3850 ittic
1837 3787 1901 3868 api,
1917 3785 2052 3866 facessat
2068 3784 2375 3868 mnpnrdispmdm.

374 3869 600 3935 ineasusabites
616 3871 718 3936 reddit
734 3873 789 3952 qni
806 3891 876 3936 eam
896 3872 1040 3950 audiunt,
1062 3893 1158 3954 neque
1179 3871 1347 3953 vbsequrm-
1403 3875 1589 3956 Quanquam
1609 3873 1708 3938 sinim
1727 3871 1896 3937 tutandum
1917 3877 1969 3951 art,
1994 3869 2133 3935 Paulum
2154 3890 2217 3935 non
2238 3889 2376 3936 asserere

373 3960 438 4034 tur,
460 3976 529 4020 vere
549 3960 652 4022 tamen
672 3962 811 4021 censetm
831 3958 1040 4023 tastinnnirun
1058 3960 1181 4041 pratiae
1201 3956 1267 4022 Det
1288 3978 1347 4039 qvo
1398 3960 1476 4042 quid
1494 3978 1614 4041 semper
1634 3962 1661 4021 et
1681 3957 1793 4038 adipue
1814 3962 1843 4022 et
1863 3957 1899 4021 in
1920 3957 2060 4021 annau
2077 3956 2178 4038 faeiat
2194 3955 2300 4036 Deus;
2321 3955 2376 4021 sed

373 4041 435 4105 sibi
466 4042 644 4107 reconciliat
674 4041 821 4106 tornines.
874 4044 1048 4108 Teneamus
1079 4064 1150 4127 erqo
1176 4043 1347 4124 prophetae
1398 4046 1530 4110 liberum
1557 4045 1587 4108 ei
1613 4042 1785 4133 relinquere
1811 4048 1847 4107 nt
1866 4062 1953 4125 repes
1974 4042 2100 4106 taudem
2120 4046 2148 4106 et
2169 4043 2376 4125 mapuuatm

373 4127 545 4205 cumdium
566 4147 628 4192 non
643 4127 770 4208 placere
785 4128 854 4192 Deo
874 4133 1002 4194 mortem
1018 4130 1206 4210 peccatoris:
1225 4134 1261 4193 ut
1280 4148 1347 4192 con-
1392 4130 1567 4211 participes
1585 4128 1686 4209 faciat
1706 4128 1842 4194 metestis
1862 4129 2034 4206 doctrinae,
2057 4128 2202 4209 quamvis
2223 4128 2376 4192 adversus

371 4213 471 4292 fiderit
486 4213 550 4293 pii,
571 4213 706 4278 eman
720 4214 913 4293 poenitentia
933 4215 1006 4278 tacti
1022 4214 1148 4295 fuerim,
1169 4214 1232 4278 sibi
1246 4234 1347 4294 para·
1397 4235 1468 4280 eam
1492 4234 1555 4296 pro
1585 4215 1727 4288 caecitate
1759 4235 1821 4280 aaa
1854 4215 2024 4280 insaniant.
2077 4213 2228 4280 Videntur
2257 4212 2375 4292 fortius

372 4302 436 4362 tam
469 4319 534 4363 esse
566 4299 653 4379 apud
679 4298 785 4363 Deum
814 4300 954 4379 veniam;
985 4301 1079 4380 impii
1110 4319 1181 4364 vero
1211 4300 1347 4364 sentiant
1397 4321 1508 4384 arpere
1529 4300 1638 4365 obusto
1661 4298 1750 4365 Petri
1772 4301 1835 4366 lara
1861 4300 1895 4383 (2
1919 4299 2008 4365 Petr.
2034 4302 2061 4376 3,
2086 4297 2131 4380 9),
2153 4297 2258 4362 Deum
2278 4297 2374 4361 nemi·

372 4383 793 4464 ducentenarium,
815 4386 898 4466 quod
917 4389 1020 4450 tardae
1036 4384 1101 4451 Dei
1122 4385 1346 4450 demendaect
1397 4408 1468 4452 nem
1489 4386 1564 4452 veile
1579 4387 1702 4467 perire,
1724 4386 1780 4452 sed
1800 4405 1905 4451 armus
1923 4387 2058 4466 recipere
2080 4383 2123 4448 ad
2139 4382 2373 4463 poenitentiam.

371 4469 521 4550 foeditati
549 4491 611 4535 non
637 4471 826 4552 respondent.
873 4471 1082 4536 Paenitentiae
1109 4472 1206 4554 ipitnr
1226 4490 1346 4552 senrper
1406 4473 1521 4538 Verum
1547 4473 1621 4537 nodi
1641 4472 1753 4537 solertia
1773 4472 1840 4537 iam
1860 4491 1933 4536 enon
1954 4472 1990 4534 in
2010 4469 2140 4535 sentrude
2160 4467 2248 4530 verbo
2270 4486 2373 4530 oecur-

373 4553 462 4616 0bvia
484 4554 548 4619 Dei
574 4557 792 4621 misericordia
813 4563 964 4637 occmret;
992 4557 1046 4622 sed
1068 4558 1257 4639 poenitentia
1278 4557 1346 4637 qui·
1395 4561 1455 4623 rit:
1475 4559 1552 4640 quia
1569 4559 1713 4624 voiumas
1729 4558 1899 4639 recipiendi
1919 4557 1963 4621 ad
1979 4553 2201 4635 poenitentiam
2221 4571 2283 4615 non
2304 4552 2373 4617 alia

372 4638 430 4702 bus
456 4638 545 4703 detur
572 4647 636 4705 tam
665 4662 768 4706 annes
789 4642 959 4724 prophetae
984 4664 1080 4725 quam
1102 4643 1346 4724 apostolicique
1395 4644 1528 4727 intedipi
1543 4647 1658 4725 petest,
1679 4643 1745 4709 nisi
1765 4663 1845 4724 qnae
1860 4643 1988 4724 passim
2008 4639 2154 4703 traditur.
2201 4635 2284 4700 Sanc
2303 4657 2372 4702 cari

373 4724 440 4804 ipse
462 4722 605 4789 Erecbiet
626 4729 708 4792 ctare
729 4729 841 4795 doeerd
1396 4731 1498 4796 versio
1523 4730 1560 4795 in
1585 4729 1651 4795 Dei
1678 4749 1777 4794 manu
1803 4734 1862 4807 est,·
1893 4748 1937 4792 an
1964 4725 2035 4790 vdit
2060 4741 2165 4788 omnes
2191 4728 2371 4802 convertere,

463 4811 510 4872 16.
546 4808 762 4893 ²)Adducitur
782 4815 913 4880 secunda
932 4813 1343 4897 Peducaeanum,
1396 4817 1598 4899 interrvpetur
1618 4817 1701 4896 ipse:
1727 4817 1803 4880 dum
1823 4812 1939 4896 paucis
1960 4807 2146 4892 quibasdam
2167 4827 2201 4872 se
2222 4807 2372 4873 daturum

374 4894 425 4978 4),
454 4893 508 4957 ubi
535 4895 640 4973 tradit,
661 4898 765 4963 Dema
791 4901 867 4967 veile
896 4921 1000 4967 omres
1020 4901 1123 4966 salvos
1143 4899 1229 4974 fieri:
1256 4900 1346 4964 cuius
1390 4903 1547 4983 promittit
1567 4921 1620 4968 mr
1639 4921 1795 4978 earnmm,
1817 4899 1894 4964 aliis
1915 4916 1966 4961 cor
1987 4894 2149 4974 lapideum
2170 4894 2372 4974 relinquendo

374 4981 433 5044 etsi
453 4979 579 5044 diversa
600 4985 644 5044 est
664 5002 759 5062 quam
779 4988 953 5066 superioris
972 4987 1069 5065 ratio,
1098 4985 1223 5067 aliquid
1244 4991 1346 5050 tamen
1397 4988 1470 5073 (Ila.
1490 4991 1540 5066 36,
1560 4986 1626 5070 26).
1678 4987 1793 5052 Vermn
1813 4983 1938 5064 quidem
1959 4986 2011 5059 til,
2033 4979 2099 5044 titi
2119 4980 2255 5063 76012126
2270 5000 2372 5059 ΡΜ·

374 5069 419 5130 est
439 5084 603 5129 sommium
648 5065 841 5147 Respondeo,
859 5073 1001 5149 primum
1021 5091 1059 5136 ev
1077 5076 1217 5137 camena
1231 5073 1345 5151 petam
1397 5062 1450 5139 tn‘s
1469 5079 1546 5140 esset
1567 5074 1622 5156 qui
1642 5075 1710 5139 eius
1730 5067 1977 5136 misericerdiam
2003 5065 2186 5147 inplorant,
2215 5065 2373 5132 mucidare

372 5151 444 5232 fieri
465 5150 613 5231 quomoda
632 5151 712 5216 vdit.
764 5151 932 5235 Utrumque
958 5157 1041 5220 enim
1066 5157 1189 5239 reputit
1211 5155 1344 5237 Pontus,
1397 5160 1487 5226 iliam
1507 5161 1704 5226 sententiam:
1725 5152 1938 5221 convertimini
1958 5152 2002 5216 ad
2022 5171 2078 5231 me,
2100 5156 2128 5216 et
2148 5156 2308 5216 convertar
2329 5153 2372 5215 ad

374 5236 777 5318 quodvetitsatvosfieri,
800 5238 891 5302 etad
912 5241 1100 5321 apnitionem
1117 5243 1258 5322 veritatis
1272 5265 1346 5324 per-
1397 5266 1451 5311 vos
1479 5243 1593 5331 (Such.
1619 5249 1646 5320 l,
1670 5241 1713 5325 3).
1759 5238 1821 5305 Sed
1848 5238 1916 5303 dica
1943 5238 2094 5302 neminem
2120 5237 2300 5302 mortalium
2328 5238 2371 5300 ad

1397 5319 1503 5396 Deum
1524 5328 1671 5406 aeoedere,
1694 5327 1759 5391 nisi
1780 5325 1837 5406 qui
1857 5324 2012 5389 divinitus
2023 5323 2236 5406 praevenitur.
2269 5319 2328 5399 Ac,
2340 5321 2371 5384 si

746 5474 751 5486 .
934 5476 940 5487 .
1019 5475 1047 5488 ..
1279 5479 1285 5491 ,
1397 5417 1434 5481 in
1452 5415 1587 5480 bominis
1607 5413 1738 5478 arbitio
1757 5415 1835 5477 esset
1849 5410 2049 5492 poenitentia,
2071 5429 2133 5473 non
2154 5409 2266 5472 diceret
2285 5404 2372 5470 Pau

372 5473 1095 5613 myagmffiugrmgggnwrr
1109 5475 1349 5609 mrem
1398 5501 1449 5566 as
1480 5500 1514 5584 (ι
1539 5500 1622 5564 nm.
1646 5501 1680 5576 2,
1704 5495 1775 5580 ιιι·
1807 5496 1941 5595 siren
1966 5496 2029 5593 aa,
2046 5494 2114 5592 aas
2139 5492 2371 5574 patienia..

373 5615 500 5681 We
518 5611 586 5666 1559
603 5613 670 5667 pm
691 5615 772 5668 mm
796 5612 836 5668 55
857 5613 880 5678 5,
899 5610 1095 5681 1515555551Ι
1132 5610 1188 5667 ,504
1204 5615 1261 5667 ,am
1279 5612 1347 5673 1551
1400 5585 1470 5650 Imo
1490 5586 1556 5649 nisi
1576 5584 1659 5648 idem
1680 5581 1771 5649 Deus
1797 5603 1854 5681 qut
1875 5582 2155 5661 &poeniteutiam
2176 5596 2281 5643 multus
2302 5596 2372 5643 vote

376 5683 484 5735 numeri
499 5682 597 5737 mutati
613 5689 754 5750 apparent.
1398 5669 1554 5749 ιονιαιιιι,
1581 5689 1696 5735 arcanc
1722 5674 1857 5750 spirutus
1876 5673 1961 5733 motu
1981 5668 2086 5734 elutos
2107 5663 2281 5742 minaret,
2310 5683 2373 5729 nvn

2114 5761 2168 5818 460
