5600 6809
393 896 455 958 666
1038 889 1304 975 6166166616
1326 891 1430 956 666.
1455 888 1635 955 666166.
1660 893 1750 953 1666.
2331 891 2396 951 616

391 1102 450 1161 que
476 1079 597 1145 rotioue
622 1080 729 1160 ipsum
755 1079 842 1144 toties
868 1080 1001 1158 ruinart,
1034 1099 1131 1160 quoru
1156 1080 1369 1161 percutientur
1421 1077 1580 1141 eiusmodi
1607 1078 1769 1142 orationes
1798 1078 1881 1142 citra
1907 1078 2005 1142 fidem
2035 1079 2116 1141 fiant
2142 1077 2226 1141 nihil
2254 1086 2304 1142 est
2337 1077 2400 1141 du-

320 1219 326 1226 .
391 1167 534 1231 coecitate
555 1171 582 1229 et
602 1165 803 1230 obduratione
823 1166 926 1229 cordis
946 1164 1081 1246 reprobi,
1110 1164 1184 1231 boec
1205 1169 1287 1229 certo
1302 1165 1369 1246 fore
1420 1162 1512 1226 bium
1519 1185 1527 1240 ;
1560 1163 1638 1244 quia
1666 1162 1719 1225 1116
1748 1163 1840 1228 abest
1865 1164 2004 1228 verbum
2025 1165 2104 1241 Dei,
2131 1184 2196 1245 quo
2225 1164 2289 1227 nisi
2315 1163 2401 1228 fides

392 1252 547 1316 6166116166
567 1272 643 1316 suae
665 1251 852 1315 documento.
1423 1269 1550 1331 semper
1571 1248 1702 1326 nititur,
1732 1256 1819 1313 stare
1848 1249 1939 1313 nullo
1961 1249 2058 1313 modo
2080 1256 2194 1331 potest.
2244 1249 2306 1328 Qui
2328 1268 2402 1313 vero

479 1341 530 1400 47.
576 1338 657 1400 ’1166
678 1337 760 1400 16666
780 1337 996 1418 precationes,
1021 1335 1139 1417 quibus
1161 1336 1369 1417 peculiariter
1416 1333 1595 1414 posthabito
1624 1334 1769 1415 66616161
1796 1334 1905 1417 reputo
1932 1335 2001 1399 suis
2028 1336 2107 1399 votis
2128 1335 2303 1416 indulgeat,
2333 1356 2403 1398 non

393 1444 453 1488 nos
474 1444 511 1487 66
534 1431 648 1486 666616
670 1423 780 1485 661616
802 1423 874 1486 1)66
896 1421 1176 1498 commendamus,
1200 1422 1369 1486 evidenter
1421 1418 1518 1483 modo
1540 1419 1640 1484 verbo
1662 1419 1727 1483 Dei
1748 1428 1876 1496 carent,
1906 1420 1963 1484 sed
1985 1429 2147 1503 quantum
2168 1422 2257 1483 omni
2280 1427 2404 1484 conatu

394 1507 573 1574 ostendunt
595 1507 681 1590 quod
704 1516 800 1571 antea
822 1507 980 1571 diximus:
1009 1504 1275 1571 Christianorum
1296 1527 1369 1571 ora-
1422 1505 1535 1570 valent
1567 1504 1792 1570 adversantur.
1847 1506 2027 1589 Eleganter
2067 1527 2144 1589 ergo
2180 1527 2244 1569 non
2276 1507 2402 1583 minus,

395 1595 500 1660 tiones
520 1592 666 1676 publicas
687 1614 756 1657 esse
770 1591 897 1670 debere,
920 1613 958 1656 66
979 1592 1015 1655 16
1032 1592 1198 1675 publicam
1216 1592 1370 1658 ecclesiae
1422 1611 1520 1672 quam
1538 1611 1616 1655 vere
1628 1590 1852 1654 Tertullianus
1863 1591 1888 1672 ¹)
1910 1591 2092 1675 legitimam
2114 1591 2293 1655 orationem
2314 1613 2404 1655 nun·

395 1680 655 1745 aedificationem
683 1678 981 1759 communionisque
1009 1676 1156 1741 fidelium
1188 1679 1370 1760 profectum
1423 1676 1571 1758 cupavit3
1595 1675 1675 1740 alias
1696 1697 1808 1740 omnes
1837 1677 1968 1760 exleges
1990 1685 2024 1741 et
2044 1678 2174 1742 illicitas
2202 1699 2272 1742 6666
2300 1677 2405 1742 tacite

395 1774 551 1848 spectare.
604 1764 679 1827 Non
718 1762 807 1827 enim
838 1763 899 1827 sibi
937 1764 1073 1844 quisque
1105 1764 1260 1844 privatim
1299 1763 1370 1827 dari
1423 1760 1580 1825 indicans.

395 1851 571 1933 quidquam
592 1848 750 1931 postulat;
779 1869 894 1912 verum
916 1870 1029 1913 omnes
1051 1850 1086 1911 in
1109 1870 1290 1927 commune,
1314 1869 1371 1930 66·
1510 1850 1560 1911 49.
1605 1847 1698 1911 Haec
1726 1848 1774 1910 ita
1799 1847 1953 1912 nolumus
1975 1849 2093 1932 accipi,
2122 1850 2214 1931 quasi
2243 1850 2407 1932 1166616·

395 1956 472 1999 nem
495 1942 656 2009 nostrum,
684 1933 910 1998 remissionem
933 1941 1147 2015 peccatorum,
1173 1957 1213 1999 66
1236 1934 1372 1998 induca—
1424 1932 1520 1996 candi
1541 1932 1681 1996 formula
1703 1934 1932 2016 astringamur,
1956 1943 1993 1997 ut
2014 1957 2075 2000 nec
2097 1937 2233 2001 verbum
2255 1943 2312 1998 aut
2335 1934 2407 2018 syl-

393 2043 470 2085 mur
489 2021 523 2083 in
546 2019 771 2096 tentationem,
799 2028 836 2082 66
857 2040 877 2082 6
899 2020 1044 2102 maligno
1061 2019 1245 2097 liberemur,
1269 2020 1372 2102 posci·
1423 2018 1533 2082 labam
1555 2025 1684 2082 mutare
1705 2018 1810 2083 liceat.
1844 2019 1973 2083 Multae
1995 2023 2083 2084 66161
2101 2022 2223 2103 6666116
2245 2023 2279 2083 16
2298 2022 2408 2103 66116·

393 2127 477 2171 mus.
512 2104 621 2170 Causa
642 2111 812 2186 praeterea
833 2105 1006 2171 subiicitur
1027 2128 1086 2170 cur
1107 2114 1200 2169 tanta
1218 2107 1261 2168 sit
1278 2105 1373 2170 nobis
1425 2105 1507 2167 turis
1530 2103 1687 2187 leguntur
1705 2106 1876 2181 orationes,
1900 2106 2008 2170 verbis
2031 2108 2071 2171 ab
2093 2109 2156 2172 ista
2177 2107 2275 2190 longe
2293 2106 2408 2171 diver·

395 2199 429 2257 66
445 2191 578 2275 petendi
596 2190 740 2268 audacia,
760 2197 792 2254 66
809 2190 929 2255 fiducia
940 2190 1120 2255 obtinendi:
1146 2212 1228 2272 quae
1242 2192 1373 2256 tametsi
1425 2211 1494 2265 sae,
1523 2188 1636 2253 eodem
1664 2198 1774 2254 tamen
1801 2190 1918 2272 spiritu
1947 2193 2164 2274 conscriptae,
2197 2200 2231 2256 et
2262 2214 2409 2274 quarum

394 2279 429 2342 in
460 2277 574 2342 latinis
602 2276 845 2358 exemplaribus
873 2298 940 2340 non
965 2284 1088 2354 exstat,
1122 2277 1228 2360 magis
1260 2285 1373 2342 tamen
1425 2297 1505 2340 usus
1526 2274 1623 2340 valde
1651 2275 1741 2340 utilis
1768 2277 1862 2340 nobis
1885 2288 1943 2340 est.
1989 2277 2114 2342 Multae
2137 2280 2177 2342 ab
2200 2278 2312 2342 eodem
2336 2280 2408 2362 spi·

396 2365 541 2446 apposite
571 2362 624 2426 1116
652 2361 791 2443 quadrat
819 2383 917 2444 quam
945 2371 983 2425 66
1009 2362 1189 2426 omittenda
1211 2362 1369 2427 rideatur.
1425 2362 1492 2424 ritu
1520 2359 1670 2425 fidelibus
1696 2361 1824 2425 assidue
1851 2373 2091 2445 suggeruntur,
2119 2385 2202 2446 quac
2226 2365 2409 2429 verborum

396 2449 516 2530 Nempe
537 2449 619 2528 queo
639 2449 708 2511 eires
729 2456 780 2512 est
797 2469 951 2531 regnum,
974 2456 1008 2512 et
1029 2449 1188 2529 potentia,
1212 2456 1246 2511 66
1268 2448 1372 2531 gloria
1425 2446 1638 2511 similitudine
1667 2468 1735 2510 non
1763 2448 1810 2511 ita
1830 2449 1972 2511 multum
1996 2452 2203 2514 conveniunt.
2248 2450 2288 2513 Id
2318 2450 2408 2514 dnn·

394 2535 430 2599 in
458 2533 589 2600 saecula
618 2533 830 2597 saeculorum.
875 2534 967 2598 Haec
1001 2532 1104 2597 solida
1132 2534 1371 2615 tranquillaque
1425 2541 1518 2596 taxat
1550 2531 1597 2595 616
1629 2530 1771 2596 docendo
1799 2534 1943 2616 agimus,
1977 2536 2117 2616 nequis
2145 2536 2277 2600 omnino
2311 2535 2408 2600 aliud

395 2629 445 2685 est
472 2618 547 2683 fidei
575 2625 706 2683 nostrae
734 2620 869 2701 requies.
913 2619 1000 2684 Nam
1027 2621 1054 2683 si
1076 2628 1189 2683 nostra
1211 2619 1372 2702 dignitate
1425 2627 1569 2699 quaerat,
1593 2624 1761 2699 exspectet
1778 2627 1837 2682 aut
1854 2619 2005 2701 postulet,
2028 2621 2230 2703 quamquod
2249 2622 2407 2686 1166616-

395 2712 528 2770 ncstrae
551 2705 622 2768 Deo
650 2706 813 2769 orationes
842 2704 1119 2770 commendandae
1148 2712 1271 2779 essent,
1300 2700 1372 2786 quis
1425 2705 1513 2767 tione
1535 2703 1724 2767 summatim
1747 2705 2021 2786 comprehensum
2042 2716 2105 2786 est,
2135 2716 2169 2771 66
2194 2708 2304 2772 verbis
2325 2709 2407 2772 licet

393 2791 449 2856 vel
470 2791 590 2855 mutire
612 2809 721 2854 661661
745 2811 782 2855 66
805 2790 960 2855 auderet?
1005 2790 1116 2866 Nunc,
1140 2798 1178 2855 ut
1198 2791 1373 2854 miserrimi
1426 2787 1671 2867 diversissimis,
1702 2810 1801 2854 sensu
1824 2801 1935 2854 tamen
1960 2813 2027 2856 non
2050 2795 2162 2857 variet.
2209 2792 2283 2872 (666
2305 2792 2408 2858 modo

397 2879 514 2955 simus,
542 2883 580 2939 ut
601 2876 749 2939 omnium
771 2876 1006 2959 indignissimi,
1035 2885 1073 2940 ut
1095 2877 1185 2940 omni
1207 2896 1373 2941 commen-
1425 2895 1538 2939 omncs
1566 2883 1706 2955 atquae
1733 2876 1768 2939 in
1790 2877 1964 2957 scripturis
1986 2878 2161 2955 habentur,
2191 2888 2224 2941 66
2251 2900 2336 2959 quae
2362 2899 2410 2944 ex

397 2961 526 3027 datione
546 2961 650 3038 vacui,
673 2981 841 3043 nunquam
858 2972 970 3026 tamen
987 2960 1102 3027 orandi
1120 2983 1179 3026 666
1197 2982 1295 3027 66666
1317 2960 1373 3025 de·
1425 2960 1488 3043 piis
1510 2960 1694 3041 pectoribus
1715 2961 1878 3043 prodeunt
1899 2964 2075 3042 crationes,
2096 2966 2130 3027 in
2153 2965 2237 3026 hano
2260 2964 2412 3027 conferri

396 3048 493 3125 ficiet,
516 3066 685 3128 nunquam
706 3046 826 3111 fiducia
848 3047 1016 3126 destituet3
1048 3048 1179 3129 quando
1204 3047 1372 3129 66666611
1425 3053 1553 3111 eertum
1586 3053 1648 3124 est;
1682 3046 1809 3111 nullam
1842 3069 1921 3113 sane
1956 3050 2098 3132 reperire
2126 3069 2264 3129 usquam
2293 3049 2409 3126 liceat,

395 3143 508 3198 nostro
529 3153 669 3216 regnum
691 3154 803 3210 suum,
831 3134 992 3216 potentia,
1022 3133 1126 3217 gloria
1153 3133 1236 3215 eripi
1257 3139 1371 3214 potest.
1425 3151 1507 3213 quae
1534 3131 1634 3196 buius
1661 3133 1893 3214 perfectionem
1920 3154 2072 3217 aequare,
2101 3133 2223 3197 nedum
2245 3155 2411 3214 superare

394 3218 450 3282 Ad
470 3219 572 3282 finem
593 3217 739 3297 additur,
764 3220 874 3283 Amen
881 3242 889 3298 ;
918 3239 981 3302 quo
1010 3218 1106 3284 ardor
1135 3218 1287 3287 desiderii
1315 3238 1372 3281 ex·
1425 3218 1535 3300 666616.
1580 3217 1674 3281 Ν11111
1695 3217 1749 3283 1116
1771 3220 1929 3284 6611661161
1950 3227 2012 3298 666,
2037 3218 2122 3301 quod
2144 3219 2179 3283 in
2201 3220 2264 3283 Dei
2286 3219 2408 3284 laudes

393 3304 549 3387 primitur
570 3303 747 3381 obtinendi,
770 3325 853 3386 quae
875 3326 895 3368 a
915 3303 987 3368 Deo
1009 3306 1113 3387 petita
1135 3312 1221 3383 sunt,
1244 3310 1278 3368 et
1299 3324 1373 3386 spes
1425 3304 1577 3386 cogitari,
1604 3303 1688 3367 nibil
1716 3303 1802 3386 quod
1829 3305 1954 3369 homini
1980 3325 2038 3387 pre
2065 3305 2134 3369 suis
2162 3303 2340 3368 commodis
2368 3306 2409 3370 in

393 3396 508 3455 nostra
530 3390 752 3468 confirmatur,
776 3389 964 3461 huiusmodi
985 3391 1095 3455 omnia
1116 3391 1183 3454 iam
1199 3392 1374 3471 impetrata
1424 3396 1569 3453 mentem
1590 3389 1704 3454 venire
1726 3390 1851 3455 debeat.
1895 3391 1942 3454 ut
1964 3390 2043 3454 adeo
2061 3389 2194 3473 quidem
2216 3391 2340 3467 exa'cte,
2365 3399 2408 3455 ut

394 3495 479 3553 esse,
511 3481 545 3539 et
571 3481 660 3540 certo
688 3476 783 3540 nobis
812 3497 1001 3541 concessum
1023 3476 1078 3555 iri,
1107 3476 1237 3558 quando
1259 3497 1280 3540 a
1301 3474 1373 3540 Deo
1425 3474 1576 3538 omnibus
1603 3474 1721 3538 merito
1749 3496 1823 3558 spes
1850 3476 1959 3541 ablata
1983 3477 2025 3540 sit
2046 3476 2163 3540 melius
2184 3475 2307 3557 aliquid
2331 3484 2407 3540 ten·

392 3562 555 3644 promissa
583 3568 674 3639 sunt,
710 3562 767 3643 qui
793 3561 907 3626 fallere
933 3583 1001 3625 non
1022 3569 1139 3644 potest.
1189 3563 1293 3642 Atqroe
1306 3561 1374 3626 ‘boc
1426 3558 1528 3624 tandi.
1572 3560 1615 3623 In
1637 3580 1777 3639 summa,
1807 3562 2053 3626 meminerimus
2081 3563 2166 3626 hano
2194 3562 2326 3626 divinae
2351 3582 2407 3627 sa·

393 3648 532 3712 oouoerut
556 3667 628 3712 cum
648 3647 707 3712 illo
729 3667 826 3728 66661
840 3647 938 3729 prius
959 3649 1123 3713 retulimus
1143 3647 1297 3728 famulo:
1321 3647 1374 3728 foc
1425 3646 1569 3727 pientiae
1596 3645 1898 3727 essedoctrinam:¹
1914 3667 1997 3730 quae
2024 3648 2109 3730 quod
2131 3648 2248 3724 voluit,
2278 3647 2405 3728 docuit;

394 3724 530 3797 Doruiue
551 3737 680 3815 propter
706 3753 816 3798 uorueu
842 3738 947 3812 tuum,
976 3754 1037 3799 666
1060 3739 1189 3815 propter
1215 3753 1284 3812 uos,
1318 3737 1374 3797 out
1425 3731 1530 3796 voluit
1551 3738 1661 3795 autem
1682 3732 1769 3814 qnod
1789 3753 1921 3798 necesse
1941 3733 2013 3797 fuit.

394 3819 551 3883 iustitiam
567 3823 720 3883 66616666·
741 3839 804 3900 quo
820 3839 882 3883 666
900 3820 1287 3901 66666666666666616
1303 3839 1374 3884 suo
1512 3821 1561 3880 50.
1607 3815 1806 3901 Quanquam
1834 3826 1946 3882 autem
1973 3840 2073 3901 supra
2100 3820 2166 3881 iarn
2195 3816 2321 3883 dictum
2342 3827 2406 3900 666,

393 3925 467 3967 rum
493 3905 669 3986 exprimunt
695 3905 810 3984 666661,
838 3904 893 3970 sed
918 3906 1058 3986 fateatur
1083 3906 1227 3988 iudipum
1254 3926 1287 3968 se
1308 3924 1373 3970 6666
1425 3901 1562 3967 sublatis
1590 3902 1632 3967 ad
1657 3898 1767 3969 Deum
1793 3905 1912 3969 animis
1941 3926 2069 3987 semper
2103 3904 2338 3987 suspirandum
2374 3915 2407 3972 66

394 3991 450 4070 qui
472 3990 649 4072 impetrent,
672 3991 738 4054 6161
759 3990 850 4055 Deus
871 4011 1002 4056 coucam
1023 4014 1045 4056 o
1066 4012 1099 4055 se
1120 3993 1309 4074 1666666166·
1336 4010 1372 4055 oc
1424 3990 1495 4053 sinc
1511 3989 1754 4055 intermissione
1775 3991 1945 4068 orandum,
1965 3991 2093 4072 quando
2113 3999 2224 4054 tamen
2241 3998 2408 4057 eanostrn

393 4075 456 4139 sibi
478 4076 630 4141 6666666611
650 4096 715 4140 esse
734 4075 886 4157 fiduciam
907 4097 945 4142 eo
965 4078 1034 4142 soto
1055 4077 1120 4141 Dei
1140 4081 1265 4141 uoturo.
1424 4083 1475 4143 est
1494 4075 1714 4155 imbecillitas,
1743 4097 1826 4157 quae
1847 4076 1960 4141 multis
1983 4076 2189 4140 adminiculis
2212 4077 2405 4158 sustentari,

481 4166 532 4225 48.
565 4161 736 4226 Habemus
758 4162 917 4245 quidquid
939 4185 960 4228 a
976 4161 1049 4227 Deo
1070 4168 1183 4246 petere
1206 4161 1370 4240 debemus,
1423 4162 1452 4226 is
1479 4168 1589 4226 noster
1618 4169 1742 4244 torpor,
1772 4162 1829 4244 qui
1858 4162 2038 4227 calcaribus
2066 4162 2202 4226 excitari
2230 4183 2315 4245 opus
2344 4163 2407 4230 ha·

394 4268 432 4313 66
449 4248 582 4312 6166166
602 4248 701 4312 etiam
718 4268 899 4329 possumus,
923 4248 1124 4331 descriptum
1141 4249 1204 4313 hac
1221 4241 1370 4326 formula,
1420 4247 1512 4325 -beat,
1543 4249 1697 4312 convenit
1722 4256 1761 4311 ut
1783 4249 1845 4312 sibi
1867 4250 2002 4330 quisque
2025 4255 2174 4311 nostrum
2197 4251 2406 4315 exercitatio-

393 4340 427 4399 et
448 4333 540 4400 velut
560 4332 675 4398 orandi
704 4333 819 4416 regula
847 4333 887 4398 rib
912 4336 1034 4415 optimo
1056 4335 1216 4419 magistro
1238 4332 1371 4398 Christo
1424 4334 1474 4398 nis
1497 4354 1595 4399 eausa
1617 4333 1798 4416 peculiares
1820 4334 1919 4398 horas
1936 4335 2122 4411 constituat,
2146 4355 2229 4416 quae
2247 4356 2314 4398 666
2333 4337 2407 4402 sine

393 4420 527 4498 tradita3
559 4439 657 4502 quem
684 4417 777 4483 nobis
811 4418 975 4484 doctorem
1008 4429 1103 4503 pater
1133 4420 1304 4502 praefecit,
1338 4427 1372 4484 et
1423 4420 1569 4483 oratione
1591 4420 1734 4500 effluant,
1758 4429 1895 4502 atquae
1917 4420 2407 4487 totosanimiaffectusinhoo

393 4526 489 4588 quem
512 4527 617 4570 unum
639 4504 819 4570 auscultari
840 4505 946 4569 voluit
967 4504 1102 4589 (Matth.
1126 4511 1174 4584 17,
1195 4504 1238 4588 b).
1284 4505 1371 4570 Nam
1423 4506 1553 4586 penitus
1574 4513 1747 4587 occupatos
1769 4506 1927 4569 habeant:
1956 4527 2073 4588 nempe
2102 4505 2180 4569 dum
2209 4526 2309 4571 mane
2331 4528 2407 4573 sur·

394 4599 427 4654 66
448 4600 581 4657 aeterna
599 4593 668 4656 eius
686 4592 848 4673 sapientia
862 4612 990 4673 semper
1000 4592 1072 4668 fnit,
1096 4601 1129 4655 et
1147 4591 1369 4670 humefactus,
1423 4592 1541 4674 gimus,
1561 4598 1737 4673 antequam
1757 4589 1909 4655 diurnam
1924 4611 2057 4674 operam
2077 4591 2290 4674 aggredimur
2297 4616 2305 4671 ;
2326 4592 2407 4659 dum

393 4679 530 4761 angelus
552 4677 665 4759 magni
688 4676 814 4742 consilii
837 4677 1025 4742 hominibus
1048 4677 1145 4741 datus
1167 4685 1226 4742 est.
1261 4678 1371 4759 Atque
1424 4676 1466 4740 ad
1487 4683 1619 4758 pastum
1632 4675 1876 4756 discumbimus,
1900 4676 1980 4741 dum
1991 4677 2055 4741 Dei
2073 4677 2300 4743 benedictione
2318 4681 2406 4764 pasfi

394 4761 473 4827 adeo
496 4764 642 4827 numeris
665 4762 816 4827 omnibus
838 4762 987 4828 absoluta
1010 4771 1060 4827 est
1081 4763 1163 4828 haec
1185 4764 1305 4842 oratio,
1333 4771 1371 4826 ut
1423 4783 1545 4839 sumus,
1569 4761 1647 4826 dum
1670 4761 1712 4826 ad
1733 4764 1875 4845 quietem
1896 4784 1957 4827 nos
1975 4763 2160 4844 recipimus.
2195 4764 2290 4828 Haec
2307 4765 2424 4831 modu¹

395 4847 550 4931 quidquid
579 4849 628 4911 illi
655 4856 850 4913 extraneum
878 4848 1087 4930 alienumque
1111 4847 1254 4928 additur,
1284 4848 1371 4931 quod
1424 4849 1467 4911 sit
1498 4868 1564 4912 non
1597 4848 1821 4929 superstitiosa
1853 4849 2010 4914 horarum
2043 4850 2240 4927 observatio,
2275 4852 2404 4932 quibus,

395 4932 437 4995 ad
458 4954 531 4997 eam
553 4934 667 4998 referri
688 4956 755 4999 non
777 4935 893 5017 666616,
916 4933 1056 5017 impium
1079 4936 1122 4999 sit
1143 4942 1176 5000 et
1197 4934 1370 5019 indignum
1423 4955 1483 4999 ceu
1508 4955 1648 5016 pensum
1674 4934 1746 4998 Deo
1775 4935 1953 5013 solventes,
1983 4937 2019 4998 in
2045 4946 2190 5000 66666166
2218 4935 2322 5001 116166
2351 4937 2405 5004 dc·

394 5017 480 5097 quod
501 5019 604 5082 aDeo
619 5020 775 5100 probetur.
810 5020 885 5085 Η66
907 5021 995 5084 66116
1012 5042 1142 5087 summa
1158 5021 1371 5104 praescripsit
1422 5020 1527 5084 functi
1559 5018 1654 5083 nobis
1687 5020 1871 5099 videamur3
1913 5020 1970 5086 sed
2002 5021 2235 5086 imbecillitatis
2269 5033 2405 5091 nostrae

394 5101 474 5184 quid
495 5123 530 5166 se
553 5103 704 5185 dignum,
727 5106 804 5189 quid
828 5105 888 5171 sibi
910 5113 1096 5188 acceptum,
1119 5107 1198 5190 quid
1220 5127 1370 5171 6666666-
1422 5104 1639 5189 paedagogia,
1669 5127 1733 5187 qua
1760 5107 1806 5171 616
1824 5115 2016 5172 exerceatur
2039 5116 2071 5171 et
2093 5107 2231 5171 subinde
2254 5106 2405 5176 stimule-

393 5187 482 5251 rium
508 5187 602 5251 nobis
630 5191 687 5267 sit,
715 5190 794 5273 qnid
821 5192 960 5274 deniquo
988 5192 1165 5258 concedere
1187 5194 1258 5274 ipse
1279 5192 1368 5257 velit.
1422 5199 1487 5255 tur.
1538 5191 1738 5255 Praesertim
1773 5192 1911 5257 sollicite
1946 5192 2128 5258 curandum
2163 5202 2233 5270 est,
2275 5198 2404 5277 quotics

307 5292 310 5297 ·
377 5271 619 5353 'Quamobrem
644 5276 701 5357 qui
729 5276 817 5341 ultra
840 5278 996 5362 progredi
1017 5277 1156 5357 audent,
1185 5284 1220 5342 66
1240 5285 1371 5360 praeter
1424 5277 1532 5358 aliqua
1554 5298 1665 5341 rerum
1683 5279 1835 5360 angustia
1854 5272 1912 5343 aut
1928 5279 1992 5361 ipsi
2003 5279 2194 5362 premimur,
2217 5288 2278 5344 666
2297 5281 2404 5365 prmi

393 5359 476 5424 11666
498 5358 621 5442 aliquid
643 5381 663 5424 a
684 5359 756 5424 Deo
777 5363 958 5444 postulare,
987 5365 1132 5447 primum
1160 5363 1293 5446 quidem
1318 5383 1370 5428 sa·
1423 5362 1504 5427 alios
1515 5362 1672 5441 videmus,
1687 5371 1725 5426 ut
1732 5362 1761 5447 ²)
1774 5363 1816 5427 ad
1828 5384 1903 5428 eum
1922 5366 2033 5429 statim
2052 5364 2161 5430 citatis
2177 5383 2245 5429 666
2263 5368 2405 5449 pedibus

393 5444 534 5527 61666166
546 5442 612 5509 Dei
634 5466 675 5509 ex
697 5468 756 5510 suo
778 5448 897 5514 addere
911 5449 1032 5528 volunt,
1056 5450 1143 5532 quod
1165 5449 1236 5514 sine
1253 5450 1372 5512 insana
1423 5446 1481 5513 sod
1498 5448 1617 5512 animis
1628 5469 1851 5529 recurramus3
1875 5450 1994 5515 deinde
2016 5457 2405 5532 nequamautnestrmu

395 5530 599 5613 blasphemia
626 5550 790 5597 essenon
815 5541 936 5616 potest,
964 5534 1081 5600 deinde
1109 5535 1171 5600 sub
1197 5534 1370 5600 voluntate

393 5617 458 5680 Dei
490 5637 557 5682 666
585 5638 621 5682 66
648 5617 832 5698 666616666,
865 5620 923 5684 sed
956 5640 995 5685 ea
1025 5627 1213 5704 contempta
1238 5620 1370 5704 longius
1422 5622 1626 5631 *ffl—

394 5701 781 5804 (1111111111111911181111111
813 5705 983 5770 1101116110
1004 5706 1090 5771 1111111
1108 5726 1260 5806 ‚unquam
1282 5727 1371 5771 ⁸⁸⁸⁰·
1489 5739 1520 5809 1)
1536 5740 1578 5793 De
1595 5741 1623 5793 16
1676 5741 1704 5794 16
1721 5726 1933 5810 persequutione
1952 5757 1974 5794 c.
1992 5739 2017 5792 2.
2088 5740 2117 5808 2)
2135 5740 2174 5796 Iu
2190 5744 2324 5801 omnam
2339 5751 2405 5802 uu

395 5795 555 5870 quantur,
583 5810 685 5871 quum
712 5810 783 5856 6166
809 5790 875 5855 fide
901 5797 1005 5859 orent.
1052 5793 1137 5875 Quia
1157 5811 1236 5860 vero
1255 5812 1369 5858 omnes
1419 5809 1498 5865 6666
1514 5809 1594 5864 terto
1675 5815 1719 5864 ar:
1735 5814 1774 5877 ut,
1791 5809 1867 5877 6661
1883 5811 1946 5864 6166
1963 5811 2136 5878 reposuimus
2152 5810 2348 5870 66661666.

382 6024 396 6055 l
