5600 6809
436 775 518 837 1043
953 785 957 793 '
1084 767 1352 835 msulrurlo
1374 768 1479 833 REL.
1503 764 1685 832 GHRIST.
1710 769 1802 831 1559.
2366 772 2454 834 1044

435 961 639 1042 discerpatur
661 977 698 1021 ac
725 958 936 1023 membratim
965 957 1150 1021 dilanietur.
1201 956 1318 1039 Itaque
1348 978 1414 1021 non
1467 956 1580 1020 ieiuna
1609 954 1811 1037 evanidaque
1846 955 1962 1021 solatia
1996 957 2212 1021 consternatis
2251 956 2452 1040 deiectisque

434 1046 599 1111 immerito
626 1045 675 1106 rei
702 1050 781 1107 sunt
816 1043 963 1126 corporis
996 1051 1029 1108 et
1062 1043 1233 1126 sanguinis
1269 1043 1413 1121 Domini,
1468 1042 1675 1106 conscientiis
1697 1049 1731 1106 et
1747 1042 1872 1124 peccati
1890 1042 1940 1106 sui
1954 1042 2090 1106 horrore
2107 1043 2274 1124 perculsis.
2310 1043 2401 1108 Nam
2424 1047 2453 1110 si

434 1130 522 1215 quod
544 1131 705 1213 sacrilega
732 1131 901 1213 impietate
923 1129 1015 1194 foede
1034 1128 1113 1194 adeo
1136 1129 1295 1211 polluunt.
1341 1129 1415 1192 Hac
1467 1130 1633 1193 Dominus
1660 1127 1836 1191 interdicto
1866 1129 2031 1192 neminem
2059 1129 2095 1191 in
2118 1148 2239 1193 coenae
2266 1151 2344 1193 suae
2371 1152 2451 1212 par·

434 1213 516 1300 ergo
529 1216 668 1298 indigna
680 1215 930 1280 manducatione
948 1215 1193 1279 damnationem
1205 1236 1298 1279 suam
1316 1214 1376 1278 sibi
1389 1215 1415 1298 ¹)
1469 1215 1691 1296 ticipationem
1725 1213 1883 1291 admittit,
1914 1215 1978 1278 nisi
2012 1214 2136 1278 iustum
2162 1220 2196 1278 et
2227 1215 2450 1296 innocentem,

433 1303 609 1385 accipiunt.
644 1303 731 1365 Nam
754 1323 855 1384 quum
878 1301 1003 1364 nullam
1024 1302 1061 1365 in
1084 1301 1216 1365 Christo
1237 1300 1337 1364 fidem
1362 1322 1437 1380 re·¹
1468 1321 1536 1364 non
1559 1301 1623 1365 levi
1646 1300 1797 1364 cautione
1825 1320 1907 1382 opus
1929 1306 1993 1377 est,
2017 1321 2100 1382 quae
2129 1300 2272 1382 aliquem
2294 1323 2372 1366 suae
2396 1302 2451 1366 iu-

428 1391 577 1473 ¹positam
598 1389 758 1464 habeant,
789 1394 992 1452 sacramento
1020 1395 1134 1450 tamen
1162 1395 1293 1469 accepto
1315 1389 1415 1469 profi·
1468 1387 1575 1450 stitiae
1604 1407 1756 1450 securum
1783 1385 1912 1463 reddat,
1935 1407 2033 1468 quam
2052 1408 2072 1450 a
2093 1384 2166 1451 Deo
2194 1388 2318 1468 requiri
2343 1388 2449 1453 audit.

434 1483 548 1539 tentur
570 1496 637 1538 non
659 1473 736 1537 alibi
758 1495 857 1555 quam
878 1475 914 1536 in
936 1494 974 1538 eo
995 1494 1065 1537 esse
1088 1473 1150 1537 sibi
1173 1472 1415 1550 salutemom-
1468 1471 1565 1537 Unde
1586 1493 1665 1538 vero
1692 1471 1774 1535 haec
1796 1472 1889 1536 nobis
1919 1474 2131 1536 confirmatur
2158 1473 2331 1551 securitas,
2359 1475 2451 1556 apud

435 1582 577 1643 nemque
604 1560 702 1624 aliam
729 1559 884 1623 fiduciam
913 1559 1074 1623 abiurant.
1121 1555 1234 1637 Quare
1261 1560 1324 1640 ipsi
1352 1559 1415 1623 sibi
1467 1558 1578 1622 Deum
1605 1558 1777 1621 defunctos
1806 1579 1877 1622 esse
1899 1559 1954 1639 qui
1972 1559 2120 1623 fecerunt
2147 1543 2233 1640 quod
2260 1559 2296 1623 in
2318 1580 2354 1623 se
2373 1560 2449 1624 est?

435 1655 514 1713 sunt
536 1653 748 1722 accusatores,
769 1646 994 1709 testimonium
1011 1646 1073 1727 ipsi
1092 1644 1267 1710 adversum
1287 1665 1322 1709 se
1340 1666 1415 1726 pro·
1468 1643 1566 1723 Quod
1589 1644 1615 1708 si
1638 1643 1739 1707 etiam
1756 1643 1803 1706 ito
1824 1651 1918 1720 esset,
1937 1643 2066 1725 quando
2085 1653 2195 1708 tamen
2213 1645 2276 1708 erit
2293 1653 2332 1709 ut
2349 1667 2451 1728 spon-

398 1760 400 1765 ’
436 1733 601 1810 nuntiant,
624 1730 868 1794 damnationem
890 1730 954 1812 ipsi
977 1752 1071 1795 suam
1091 1730 1273 1813 obsignant.
1310 1730 1415 1794 Dein·
1469 1729 1546 1793 dere
1568 1730 1640 1811 quis
1662 1729 1725 1794 sibi
1752 1727 1884 1806 audeat,
1909 1751 1943 1794 se
1965 1731 2080 1795 fecisse
2108 1729 2195 1812 quod
2221 1730 2258 1793 in
2286 1753 2322 1795 se
2350 1732 2448 1796 erat?

438 1819 492 1896 de,
516 1839 616 1900 quum
638 1815 712 1879 odio
735 1837 772 1881 ac
793 1815 1024 1882 malevolentia
1045 1816 1141 1881 divisi
1165 1815 1373 1898 distractique
1395 1839 1416 1880 a
1467 1816 1522 1879 Ita
1553 1837 1655 1897 quum
1682 1815 1774 1879 nulla
1802 1821 1891 1879 certa
1917 1822 2048 1880 nostrae
2084 1816 2252 1899 dignitatis
2286 1819 2450 1883 securitas

436 1903 601 1980 fratribus,
626 1903 686 1967 hoc
709 1909 759 1966 est
777 1902 904 1967 Christi
926 1902 1092 1979 membris,
1116 1909 1245 1984 partem
1263 1903 1298 1966 in
1316 1901 1415 1966 Chri·
1454 1903 1534 1978 .fiat,
1557 1901 1701 1965 manebit
1729 1922 1859 1982 semper
1891 1901 2021 1966 clausus
2055 1901 2181 1979 aditus,
2210 1901 2361 1966 horribili
2391 1904 2449 1968 illc

437 1997 487 2053 sto
510 1989 636 2052 nullam
659 1988 812 2065 habeant,
832 1989 1052 2052 testificantur
1072 1998 1185 2052 tamen
1205 1988 1292 2053 hanc
1314 2008 1415 2051 unam
1467 1987 1654 2064 interdicto,
1679 2008 1742 2068 quo
1764 1986 1903 2051 edicitur
1926 1987 2083 2051 iudicium
2104 1988 2166 2052 sibi
2190 1988 2392 2054 manducare
2415 1998 2450 2055 et

437 2075 577 2151 salutem
605 2095 691 2152 esse,
721 2074 855 2139 Christo
884 2075 1124 2138 communicare
1153 2081 1187 2137 et
1209 2073 1258 2137 illi
1283 2074 1415 2137 unitum
1467 2071 1577 2137 bibere
1599 2074 1653 2155 qui
1674 2072 1809 2155 indigne
1826 2073 2028 2138 manducant
2049 2081 2084 2137 et
2106 2072 2230 2137 bibunt.

425 2176 515 2226 esse.
561 2161 647 2224 Eam
669 2159 711 2223 ob
738 2181 809 2223 rem
837 2160 996 2242 praecipit
1021 2159 1146 2224 Paulus
1174 2167 1211 2223 ut
1238 2160 1353 2241 probet
1379 2179 1415 2223 se
1554 2162 1604 2223 42.
1649 2159 1746 2224 Nunc
1778 2158 1922 2223 iudicare
1954 2165 2145 2242 promptum
2177 2167 2234 2223 est
2261 2159 2367 2241 qualis
2404 2162 2449 2225 sit

433 2248 544 2330 ipsum
565 2246 663 2310 homo
685 2253 862 2329 antequam
881 2245 921 2310 de
943 2247 1005 2309 hoc
1026 2266 1111 2327 pane
1134 2243 1223 2322 edat,
1248 2252 1305 2308 aut
1324 2245 1416 2309 bibat
1468 2245 1549 2309 haec
1566 2266 1649 2327 quae
1670 2245 1707 2308 in
1728 2251 1852 2327 papatu
1890 2252 2009 2327 regnat
2031 2245 2189 2324 doctrina,
2212 2253 2246 2309 et
2263 2265 2284 2307 a
2300 2266 2364 2327 qno
2388 2268 2448 2311 au-

437 2332 587 2411 ecaliqe.
639 2330 728 2411 Quo,
756 2338 794 2395 ut
821 2353 881 2414 ego
908 2331 1041 2414 quidem
1072 2331 1284 2413 interpretor,
1310 2331 1416 2394 voluit
1467 2338 1537 2394 tore
1559 2331 1703 2413 profecta
1725 2329 1777 2407 sit,
1797 2350 1879 2412 quae
1896 2332 2032 2394 miseros
2054 2339 2240 2413 peccatores
2257 2337 2286 2395 et
2306 2333 2447 2413 trepidu-

331 2470 339 2498 ,
436 2439 702 2500 unumquemque
723 2417 759 2479 in
781 2438 816 2480 se
838 2416 1049 2494 descendere,
1073 2424 1106 2480 et
1126 2437 1236 2481 secum
1261 2424 1414 2498 reputare
1467 2418 1547 2481 tione
1567 2417 1779 2496 maestitiaque
1805 2416 1952 2497 afflictae,
1981 2416 2078 2480 huius
2106 2418 2303 2482 sacramenti
2330 2439 2447 2483 conso-

436 2525 479 2568 an
501 2504 658 2568 interiore
680 2501 786 2567 cordis
807 2502 927 2568 fiducia
948 2505 983 2567 ia
1003 2503 1135 2567 statuam
1157 2523 1182 2578 α,
1198 2501 1320 2567 Olrristo
1338 2523 1415 2584 pcr-
1466 2502 1588 2566 latione
1616 2503 1750 2566 immoni
1772 2522 1834 2566 suc
1860 2504 2043 2567 casareae
2066 2503 2159 2567 orbat
2185 2511 2219 2567 et
2248 2504 2380 2588 spoliat,
2409 2505 2446 2568 in

434 2595 500 2654 tam
526 2590 701 2667 recumbat,-
721 2609 764 2652 an
793 2590 858 2653 oris
885 2589 1086 2654 confessione
1113 2596 1267 2671 agnoscat
1274 2612 1281 2666 ;
1303 2589 1415 2654 deiude
1466 2609 1529 2670 quo
1552 2596 1663 2653 tamen
1693 2607 1806 2652 omnes
1833 2588 1996 2672 evangehi
2023 2586 2158 2654 deliciae
2185 2590 2253 2654 illis
2280 2611 2445 2673 propone-

437 2697 480 2740 an
502 2675 708 2739 innocentiae
730 2695 767 2738 ac
790 2675 973 2739 sanctitatis
996 2674 1103 2738 studio
1126 2672 1168 2736 ad
1191 2674 1316 2739 (lhristi
1338 2675 1414 2738 imi·
1465 2675 1594 2739 bantur.
1639 2672 1738 2738 Certe
1759 2673 1908 2738 diabolus
1929 2674 2020 2739 nullo
2037 2675 2152 2739 maiori
2170 2675 2360 2758 compendio
2382 2677 2445 2740 ho-

435 2760 594 2825 tationem
629 2760 765 2842 aspiret;
794 2780 838 2823 an
871 2761 942 2824 eius
969 2759 1119 2842 exemplo
1152 2781 1223 2824 sese
1256 2759 1413 2824 fratribus
1465 2761 1570 2824 mines
1590 2758 1728 2841 perdere
1749 2766 1885 2842 poterat,
1909 2780 2008 2842 quam
2029 2761 2076 2825 sic
2099 2781 2153 2825 eos
2175 2762 2375 2841 infatuando,
2401 2784 2444 2827 ne

389 2905 392 2919 ,
436 2846 515 2911 dare
537 2852 672 2928 paratus
693 2846 744 2922 sit,
768 2867 806 2910 ac
828 2866 863 2910 se
884 2846 925 2910 iis
948 2846 1203 2924 communicare,
1224 2846 1413 2927 quibusoam
1465 2854 1599 2929 gustum
1627 2852 1660 2909 et
1686 2866 1836 2927 saporem
1858 2844 1933 2909 talis
1959 2846 2107 2911 alimenti
2127 2850 2340 2930 perciperent,
2374 2868 2443 2929 quo

437 2931 608 2997 Ohristum
636 2952 842 2995 communem
871 2931 972 3011 liabet3
1003 2953 1047 2996 an
1074 2939 1112 2994 ut
1138 2933 1208 3015 ipse
1236 2931 1413 2996 aOhristo
1464 2953 1519 2996 eos
1548 2932 1690 3014 optimus
1717 2938 1812 3013 pater
1840 2931 1987 2997 coelestis
2021 2952 2153 3014 pascere
2186 2934 2341 2997 voluerat
2385 2934 2443 2997 Ne

433 3022 580 3096 ansatur,
602 3017 650 3080 ita
670 3017 814 3082 vicissim
833 3018 952 3081 batres
977 3037 1091 3082 omnes
1112 3039 1172 3100 pro
1192 3019 1334 3099 corporis
1360 3019 1413 3082 sui
1463 3018 1567 3100 igitur
1588 3018 1624 3081 in
1646 3017 1833 3082 huiusmodi
1856 3017 2086 3100 praecipitium
2110 3040 2259 3095 ruamus,
2279 3019 2444 3084 memine-

433 3104 590 3168 membris
612 3103 748 3182 habeat3
771 3125 815 3167 an
833 3124 889 3167 eos
905 3104 1011 3167 instar
1031 3101 1255 3167 membrorum
1278 3125 1413 3168 sucrum
1464 3104 1567 3169 rimus
1589 3104 1651 3166 bas
1662 3124 1783 3171 sacras
1799 3103 1925 3187 epulas
1948 3105 2090 3187 aegrotis
2118 3126 2189 3169 esse
2215 3104 2442 3187 pharmacum,

434 3189 562 3269 fovere,
592 3188 693 3266 tueri,
716 3189 830 3254 iu'vare
858 3190 977 3270 cupiat.
1026 3189 1205 3271 Nonquia
1232 3190 1314 3253 haec
1340 3196 1412 3253 tum
1463 3189 1688 3272 peccatoribus
1710 3189 1875 3266 solatium,
1895 3191 2093 3272 pauperibus
2109 3190 2334 3274 largitionem
2356 3211 2443 3273 quae

384 3338 388 3345 .
433 3275 511 3339 fidei
538 3281 610 3338 tum
645 3274 791 3339 caritatis
827 3277 934 3341 officia
966 3297 1055 3340 nunc
1082 3275 1226 3358 perfecta
1251 3276 1289 3338 in
1317 3275 1412 3340 nobis
1464 3277 1562 3355 sanis,
1597 3275 1693 3340 iustis
1725 3283 1758 3339 et
1790 3274 1957 3353 divitibus,
1991 3276 2098 3358 siqui
2130 3277 2267 3359 reperiri
2297 3284 2441 3359 possent,

433 3382 504 3426 csse
526 3360 653 3443 possint
660 3383 668 3439 ;
689 3360 746 3424 sed
770 3362 846 3442 quia
874 3361 939 3426 huc
966 3382 1026 3424 nos
1053 3359 1250 3426 contendere
1272 3369 1306 3426 et
1327 3362 1412 3427 votis
1464 3361 1592 3425 nullum
1620 3362 1777 3426 afferrent
1810 3381 1928 3443 operae
1960 3362 2113 3445 pretium.
2163 3363 2250 3428 Nam
2278 3384 2381 3445 quum
2404 3362 2442 3426 in

432 3448 583 3512 omnibus
611 3447 756 3529 aspirare
783 3453 924 3528 oportet,
948 3454 985 3510 ut
1006 3447 1193 3512 inchoatam
1221 3447 1320 3512 fidem
1341 3468 1412 3510 ma·
1463 3447 1528 3511 illis
1546 3447 1699 3512 (lhristus
1716 3447 1811 3511 nobis
1828 3447 1863 3510 in
1881 3447 1991 3512 eibum
2009 3445 2113 3526 detur,
2132 3448 2357 3531 intelligimus,
2379 3470 2442 3513 nos

433 3534 484 3617 gis
505 3534 543 3597 in
566 3533 696 3607 diesac
715 3534 821 3616 magis
844 3553 1031 3616 augeamus.
1464 3534 1534 3598 sine
1562 3535 1632 3615 ipso
1660 3533 1839 3611 tabescere,
1867 3532 1962 3614 liqui,
1993 3532 2145 3611 deficere,
2173 3536 2307 3615 qualiter
2332 3535 2443 3600 inedia

518 3625 569 3684 41.
623 3619 719 3702 Vulgo
741 3619 820 3683 dum
842 3619 991 3684 homines
1020 3617 1062 3682 ad
1091 3639 1165 3683 eam
1190 3618 1412 3684 manducandi
1464 3620 1601 3700 corporis
1626 3620 1761 3700 morem
1782 3619 1958 3702 exstinguit.
2003 3619 2133 3684 Deinde
2155 3641 2257 3702 quum
2279 3622 2315 3684 in
2339 3621 2443 3685 vitam

433 3703 630 3789 dignitatem
652 3725 841 3787 comparare
869 3704 1002 3782 volunt,
1030 3704 1168 3769 miseras
1195 3705 1412 3770 conscientias
1464 3705 1569 3782 detur,
1587 3704 1802 3870 intelligimus
1819 3726 1879 3769 nos
1897 3705 1970 3769 sine
1990 3706 2112 3789 ipsein
2128 3705 2222 3771 nobis
2239 3706 2335 3789 plane
2353 3727 2443 3771 mor·

432 3797 601 3854 torserunt
633 3812 670 3854 ac
703 3790 902 3856 direxerunt
940 3790 1020 3854 diris
1048 3790 1172 3870 modis;
1206 3811 1266 3854 nec
1299 3797 1413 3855 tamen
1464 3798 1537 3855 tuos
1564 3811 1643 3854 esse.
1722 3812 1801 3855 uare
1828 3812 1868 3854 ea
1889 3798 1940 3855 est
1972 3790 2129 3875 dignitas,
2151 3813 2251 3874 quam
2277 3813 2381 3857 unam
2409 3799 2443 3857 et

434 3875 611 3958 quidquam
645 3896 758 3939 eorum
792 3898 875 3958 quae
907 3877 944 3939 in
972 3897 1044 3941 rem
1077 3884 1187 3941 essent
1218 3877 1411 3941 attulerunt.
1464 3877 1621 3958 optimam
1649 3876 1767 3940 afferre
1789 3877 1862 3941 Deo
1888 3897 2070 3959 possumus,
2092 3878 2121 3943 si
2142 3886 2292 3943 nostram
2313 3879 2346 3943 ei
2366 3879 2442 3943 vili-
2528 3928 2532 3933 -

432 3962 545 4044 Digne
566 3960 764 4026 manducare
786 3983 841 4026 eos
862 3961 1019 4026 dixerunt
1040 3962 1096 4045 qui
1117 3962 1152 4026 in
1175 3968 1264 4027 statu
1286 3964 1413 4046 gratiae
1462 3970 1567 4026 tatem
1597 3968 1644 4040 et,
1677 3969 1715 4026 ut
1746 3964 1793 4026 ita
1822 3961 1952 4045 loquar,
1988 3964 2219 4048 indignitatem
2253 3965 2440 4043 offeramus,

363 4058 371 4069 ‘
433 4055 551 4112 essent.
597 4047 640 4110 In
659 4053 749 4111 statu
770 4049 897 4132 gratiae
919 4070 990 4113 esse
1011 4048 1220 4130 interpretati
1242 4056 1328 4128 sunt,
1351 4070 1412 4131 pu·
1463 4055 1502 4112 ut
1523 4068 1583 4112 sua
1602 4047 1825 4114 misericordia
1843 4070 1904 4112 nos
1926 4070 1961 4113 se
1984 4050 2100 4134 dignos
2125 4051 2239 4129 faciat3
2262 4052 2290 4115 si
2313 4050 2442 4115 animos

437 4153 514 4196 rum
535 4145 776 4216 purgatumque
794 4135 883 4197 omni
898 4143 1031 4217 peccato
1050 4155 1128 4199 esse.
1169 4131 1243 4213 Quo
1261 4134 1412 4218 dogmate
1463 4135 1500 4198 in
1521 4134 1616 4199 nobis
1639 4133 1907 4216 despondeamus,
1931 4142 1970 4198 ut
1991 4149 2051 4200 nos
2068 4136 2103 4200 in
2124 4136 2196 4220 ipso
2219 4137 2439 4215 consolemur;

438 4240 568 4298 omnes,
592 4226 752 4302 quotquot
773 4220 808 4284 in
830 4221 928 4284 terris
950 4241 1096 4302 unquam
1122 4221 1257 4284 luerunt
1279 4227 1313 4284 et
1334 4228 1414 4285 sunt
1465 4221 1493 4285 si
1514 4240 1574 4286 nos
1596 4220 1817 4299 humiliemus,
1840 4227 1879 4284 ut
1901 4221 1941 4285 ab
1963 4221 2035 4303 ipso
2053 4223 2234 4306 erigamur;
2258 4224 2287 4288 si
2304 4244 2362 4286 nos
2384 4242 2438 4286 ac·

437 4305 596 4383 homines,
616 4305 658 4369 ab
674 4305 773 4370 huius
791 4306 988 4371 sacramenti
1005 4326 1068 4369 usu
1087 4307 1291 4371 arcebantur.
1325 4307 1413 4370 Nam
1465 4327 1632 4385 cusemus,
1656 4314 1695 4369 ut
1722 4305 1856 4388 abipso
1882 4307 2113 4387 iustificemur;
2141 4316 2324 4391 praeterea,
2344 4308 2372 4371 si
2394 4306 2441 4371 ad

437 4392 466 4456 si
484 4391 546 4456 hoe
568 4392 678 4474 agitur
700 4398 737 4455 ut
763 4402 909 4456 nostram
932 4412 953 4454 a
974 4392 1068 4456 nobis
1097 4391 1292 4475 dignitatem
1319 4399 1413 4477 peta·
1464 4412 1537 4456 eam
1559 4412 1659 4474 quam
1685 4393 1721 4456 in
1742 4414 1803 4458 sua
1831 4413 1934 4458 coena
1964 4393 2059 4458 nobis
2092 4393 2297 4459 commendat
2328 4392 2442 4457 unita·

436 4497 528 4554 mus,
551 4484 660 4541 aetum
683 4475 723 4542 de
744 4478 839 4542 nobis
862 4484 926 4556 est;
949 4478 1122 4558 desperato
1143 4485 1273 4542 tontum
1294 4486 1328 4542 et
1349 4480 1414 4542 exi·
1465 4484 1532 4541 tem
1554 4478 1751 4560 aspiremus3
1769 4486 1811 4558 et,
1830 4476 2104 4561 quemadmodum
2125 4502 2186 4544 nos
2206 4499 2317 4545 omnes
2337 4476 2445 4544 unum
2501 4519 2504 4522 >

435 4564 525 4628 tialis
546 4563 643 4627 ruina
664 4583 724 4626 nos
751 4570 871 4627 manet.
915 4563 1006 4627 Totis
1026 4562 1103 4627 licet
1129 4563 1256 4628 viribus
1285 4563 1413 4628 adnita-
1464 4563 1507 4626 in*
1524 4585 1563 4636 ,se
1590 4564 1660 4646 ipso
1688 4585 1759 4629 esse
1787 4565 1879 4643 facit,
1897 4564 1945 4630 ita
1973 4586 2074 4630 unam
2101 4567 2226 4631 maino
2235 4565 2259 4650 ¹)
2287 4565 2443 4643 animam,

435 4671 520 4727 mur,
543 4670 610 4713 non
623 4648 721 4729 ,aliud
744 4651 952 4731 proficiemus
973 4649 1039 4713 nisi
1057 4648 1095 4712 ut
1111 4656 1182 4712 tum
1205 4649 1343 4732 denique
1360 4650 1412 4713 in·
1465 4670 1521 4714 cor
1541 4671 1661 4728 unum,
1684 4650 1832 4734 linguam
1853 4672 1955 4715 unam
1982 4651 2076 4716 nobis
2103 4651 2256 4717 omnibus
2282 4659 2444 4734 optemus

435 4734 622 4819 dignissimi
644 4736 747 4799 futuri
775 4737 877 4800 simus
904 4733 1068 4817 quamde
1090 4732 1277 4816 quaerenda
1303 4735 1412 4819 digni·
1464 4735 1556 4800 Haec
1579 4736 1607 4800 si
1627 4755 1791 4819 perpensa
1808 4743 1842 4800 et
1857 4737 2016 4801 meditata
2033 4737 2255 4816 habuerimus,
2274 4758 2446 4820 nunquam

436 4826 503 4885 tate
524 4822 667 4887 maxime
696 4821 880 4886 laboratum
923 4821 1057 4886 anobis
1084 4821 1191 4884 hierit.
1236 4819 1312 4900 Quo
1334 4822 1412 4886 huic
1465 4841 1525 4886 nos
1547 4820 1623 4885 illae
1645 4822 1867 4904 cogitationes,
1890 4822 2015 4886 etiamst
2036 4824 2222 4903 mactatast,
2235 4829 2444 4905 prosternent
2475 4875 2478 4880 .

434 4906 537 4970 ulceri
558 4905 776 4986 mederentur,
795 4906 930 4970 modum
948 4907 1175 4990 excogitarunt
1196 4907 1413 4987 acquirendae
1464 4907 1533 4970 Nos
1551 4907 1712 4971 bonorum
1729 4907 1876 4970 omnium
1893 4909 1987 4990 egeni
1999 4916 2033 4972 et
2050 4909 2139 4990 nudi,
2158 4931 2217 4974 nos
2234 4917 2447 4993 peccatorum

431 4990 694 5072 dignitatis1ut,
723 5000 884 5075 quantum
912 4993 947 5056 in
975 4993 1070 5058 nobis
1097 4999 1146 5056 est
1173 4993 1324 5057 examine
1353 4993 1412 5057 ha·
1464 4991 1614 5057 sordibus
1635 4991 1806 5073 inquinati,
1829 5014 1891 5057 nos
1912 4995 2124 5074 semimortui,
2146 4996 2307 5078 quomodo
2325 5016 2447 5078 corpus

431 5075 511 5153 bito,
534 5078 756 5161 reposcitoque
778 5079 912 5144 anobis
934 5077 1258 5143 factorumomnium
1275 5079 1411 5158 ratione,
1463 5077 1600 5142 Domini
1626 5076 1724 5161 digne
1745 5077 2042 5146 manducaremus?
2092 5082 2202 5164 Magis
2228 5080 2447 5166 cogitabimus

431 5163 635 5241 contritione,
655 5166 866 5244 confessione,
885 5164 1114 5241 satisfactione,
1137 5170 1285 5228 nostram
1303 5162 1411 5247 indig·
1464 5183 1525 5228 nos
1541 5184 1703 5247 pauperes
1719 5166 1834 5231 venire
1852 5165 1894 5230 ad
1910 5167 2092 5251 benignum
2110 5168 2309 5251 largitorem,
2327 5188 2446 5251 aegros

431 5250 573 5314 nitatem
594 5250 819 5332 expiaremus3
843 5271 926 5333 quae
948 5248 1104 5332 expiandi
1126 5251 1209 5314 ratio
1231 5249 1335 5332 qualis
1358 5250 1412 5329 sit,
1464 5248 1506 5312 ad
1526 5249 1699 5329 medicum,
1721 5253 1906 5334 peccatores
1924 5253 1967 5317 od
1984 5255 2125 5319 iustrttae
2141 5259 2288 5333 ardorem
2306 5259 2447 5319 monaca

433 5334 556 5399 dictim
579 5343 629 5400 est
650 5335 705 5400 ubi
728 5345 799 5400 erat
821 5338 928 5418 aptior
950 5335 1078 5416 dicendi
1105 5335 1205 5400 locus.
1250 5333 1348 5415 Quod
1370 5336 1412 5401 ad
1464 5336 1595 5418 ulmique
1616 5337 1659 5401 ud
1679 5359 1750 5403 eam
1770 5340 1826 5419 qui
1844 5339 1994 5420 acificuh
2018 5340 2213 5424 dignitatem
2234 5340 2335 5420 illam,
2358 5358 2446 5420 quae

431 5440 587 5502 praesens
609 5422 799 5487 institutum
822 5422 957 5501 attinet,
980 5421 1052 5487 dico
1075 5421 1158 5486 haec
1177 5421 1319 5487 nimium
1340 5444 1427 5492 esse.

1533 5629 1563 5700 1)
1583 5629 1630 5685 Sir
1647 5631 1713 5685 lrbn'
1728 5631 1796 5684 editi
1817 5632 1882 5685 inde
1899 5649 1918 5684 a
1936 5630 2004 5685 1559
2021 5648 2121 5687 omnes.
2157 5631 2238 5687 Nuus
2254 5639 2345 5687 tamea
2363 5633 2445 5688 dabi-

503 5692 533 5761 1)
550 5695 603 5745 sibi
620 5693 704 5747 omit.
722 5693 799 5747 1617.
818 5691 893 5747 1654.
913 5691 988 5746 1667.
1300 5774 1305 5781 υ
1465 5703 1555 5753 mmor
1572 5701 1640 5768 quia
1658 5715 1720 5753 curs
1737 5700 1941 5770 araquiorsbus
1958 5701 2098 5771 legendae»
2116 5704 2170 5755 sit:
2186 5703 2313 5756 omnium.
