5600 6809
438 764 519 827 0000
1083 749 1349 819 0000000000
1370 750 1476 816 000.
1497 748 1679 818 enarer.
1703 753 1796 816 0000.
2159 822 2172 844 ,Ι
2367 758 2455 819 0040

436 946 684 1024 discumbentes,
732 944 894 1026 accepisse
928 949 961 1007 et
997 940 1219 1005 manducasse.
1280 937 1415 1003 Habent
1467 939 1677 1005 institutione
1707 959 1841 1021 prorsus
1873 946 2061 1004 extraneos:
2088 942 2123 1003 in
2150 940 2213 1006 hoc
2245 948 2376 1006 tantum
2411 951 2451 1007 ut

435 1032 630 1117 apostolicae
659 1029 815 1096 ecclesiae
841 1049 959 1106 usum,
982 1026 1037 1092 ubi
1058 1027 1171 1091 fideles
1192 1047 1259 1088 non
1280 1025 1315 1088 in
1337 1024 1414 1088 0010-
1467 1024 1590 1090 011010ἰο
1623 1024 1802 1089 honoribus
1830 1025 1961 1108 signum
1988 1026 2164 1090 afficerent
2215 1026 2364 1105 Christo,
2394 1028 2450 1092 in·

434 1120 560 1184 ratione
577 1113 688 1181 sedin
706 1115 865 1180 fractione
887 1114 982 1197 panis
999 1113 1265 1188 communicasse,
1285 1132 1305 1174 a
1322 1111 1414 1175 Luca
1466 1110 1596 1192 quiunt,
1619 1110 1706 1175 hanc
1727 1111 1975 1195 venerationem
1995 1109 2180 1176 deferimus.
2225 1113 2394 1193 Primum,
2420 1117 2450 1180 si

434 1210 590 1269 narratur
620 1201 709 1287 (Act.
729 1205 764 1280 2,
784 1200 851 1285 42).
895 1199 1032 1265 Habent
1056 1197 1267 1281 apostolicam
1295 1196 1413 1260 doctri-
1465 1195 1503 1259 in
1525 1216 1627 1261 00000
1653 1196 1715 1262 1000
1742 1198 1851 1274 fieret,
1880 1194 2022 1261 dicerem
2048 1197 2271 1262 adorationem
2297 1220 2367 1263 eam
2395 1200 2451 1265 de-

434 1311 513 1355 nam
533 1309 598 1371 qua
624 1288 751 1354 Paulus
782 1284 1031 1351 Corinthiorum
1058 1283 1228 1348 ecclesiam
1258 1282 1412 1359 instituit,
1466 1302 1553 1346 mam
1574 1302 1645 1347 esse
1663 1282 1844 1366 legitimam
1865 1303 1948 1364 quae
1969 1304 2036 1346 non
2051 1284 2092 1347 in
2114 1283 2209 1366 signo
2231 1283 2359 1360 residet,
2383 1286 2448 1351 sed

457 1377 599 1440 rofessus
637 1395 672 1439 se
705 1395 725 1438 a
757 1372 900 1437 Domino
945 1371 1106 1452 accepisse
1143 1367 1228 1451 quod
1265 1367 1414 1451 tradebat
1466 1367 1508 1431 ad
1541 1366 1714 1432 Christum
1742 1368 1778 1431 in
1806 1368 1894 1431 00010
1928 1366 2094 1433 sedentem
2129 1368 2292 1452 dirigitur.
2343 1371 2446 1436 Nunc

434 1397 469 1546 11
490 1459 564 1525 Cor.
588 1465 637 1537 11,
656 1459 722 1545 23).
1399 1475 1409 1483 ·
1465 1473 1543 1517 0000
1564 1473 1629 1535 quo
1650 1461 1826 1536 praetextu
1848 1475 1883 1518 se
1903 1452 2074 1518 Christum
2094 1455 2131 1517 in
2152 1454 2210 1518 illo
2232 1476 2316 1538 pane
2336 1455 2446 1521 hono-

524 1550 573 1609 30.
620 1547 729 1627 Atque
750 1544 831 1609 haec
854 1539 987 1624 quidem
1008 1561 1045 1605 eo
1063 1538 1212 1618 tendunt,
1231 1546 1269 1602 00
1290 1560 1413 1622 expen·
1465 1559 1539 1602 rare
1561 1540 1700 1618 iactant,
1723 1561 1826 1621 quum
1852 1539 1978 1603 nullam
2004 1540 2148 1606 habeant
2174 1540 2273 1605 huius
2295 1541 2344 1606 rei
2365 1563 2446 1624 000-

437 1632 518 1697 01000
540 1632 585 1715 011
606 1631 743 1696 10000000
765 1649 863 1710 quam
886 1648 952 1691 non
974 1634 1084 1690 tutum
1105 1625 1202 1690 sitin
1225 1625 1322 1690 rebus
1343 1632 1413 1688 tam
1464 1624 1679 1689 missionem?
1725 1625 1928 1690 Consecrant
1948 1626 2098 1704 hostiam,
2120 1635 2159 1690 nt
2184 1635 2319 1706 vocant,
2341 1649 2446 1710 quam

436 1718 549 1782 arduis
568 1739 588 1781 0
604 1715 744 1798 simplici
761 1715 826 1779 Dei
842 1715 942 1779 verbo
961 1711 1003 1776 ad
1021 1711 1145 1777 oorebri
1163 1711 1268 1774 nostri
1285 1711 1414 1775 somnia
1465 1710 1696 1774 circumierant
1711 1711 1747 1773 in
1761 1731 1897 1794 pompa;
1912 1732 2011 1793 quam
2027 1712 2247 1794 spectandam,
2259 1713 2444 1794 colendam,

436 1803 576 1887 evagari.
628 1799 722 1881 Quae
757 1807 868 1864 autem
901 1798 1052 1880 superius
1081 1796 1167 1860 dicta
1193 1803 1288 1873 sunt,
1323 1796 1412 1859 omni
1465 1794 1681 1860 invocandam
1709 1797 1835 1861 solenni
1853 1797 2037 1878 spectaculo
2064 1798 2251 1863 exhibeant.
2297 1796 2443 1879 Quaero,

437 1889 499 1954 1000
521 1888 558 1951 10
579 1909 615 1952 00
642 1885 795 1969 scrupulo
829 1883 968 1949 liberare
996 1905 1056 1947 nos
1084 1882 1211 1946 debent
1261 1882 1347 1945 Nam
1376 1890 1413 1945 ut
1465 1902 1531 1962 qua
1553 1883 1675 1946 virtute
1702 1889 1819 1964 putent
1841 1896 1911 1946 0000
1933 1883 1996 1946 0100
2017 1884 2267 1951 vconsecratam?
2312 1885 2444 1968 Nempe

436 1973 606 2040 Christum
633 1972 699 2038 illio
732 1973 795 2036 rite
823 1968 1074 2053 apprehendant
1101 1968 1178 2050 piae
1192 1967 1345 2045 0010000,
1377 1968 1413 2030 10
1465 1965 1566 2035 rerba
1593 1967 1651 2030 illa
1674 1969 1861 2050 proferent:
1885 1968 1946 2032 hoc
1975 1976 2025 2034 est
2051 1989 2170 2051 corpus
2197 1991 2318 2034 meum
2365 1971 2441 2054 Ego

435 2059 562 2126 coelum
584 2058 757 2142 erigantur
787 2077 919 2122 necesse
946 2061 1005 2120 est.
1051 2051 1148 2133 Quod
1171 2054 1199 2118 si
1220 2052 1282 2117 hoe
1304 2073 1412 2117 sacra-
1464 2073 1543 2115 0000
1564 2059 1677 2117 contra
1698 2054 1856 2131 obiiciam,
1880 2054 1977 2118 simul
1999 2054 2122 2118 dictum
2144 2076 2228 2120 esse:
2252 2056 2389 2138 aecipite
2407 2065 2441 2121 et

435 2145 538 2210 menti
560 2145 703 2209 officium
725 2150 790 2221 est,
812 2149 958 2206 mentem
979 2138 1124 2203 hominis
1145 2139 1311 2202 infirmam
1332 2139 1412 2201 alio-
1464 2138 1670 2203 manducate.
1721 2140 1835 2221 Neque
1869 2138 1903 2203 id
1938 2140 1978 2205 de
2010 2141 2115 2205 nihilo
2147 2142 2272 2206 faciam
2326 2140 2442 2222 Quum

433 2230 491 2314 qui
512 2230 677 2307 adiuvare,
700 2237 737 2293 ut
759 2228 801 2293 001
822 2224 1066 2310 percipiendam
1088 2224 1310 2307 spiritualium
1338 2245 1411 2308 my·
1464 2223 1552 2289 enim
1574 2232 1746 2307 praecepto
1767 2246 1897 2289 annexa
1913 2226 1957 2291 sit
1975 2226 2156 2309 promissio,
2180 2226 2252 2293 dico
2275 2227 2362 2294 hanc
2380 2228 2442 2294 sub

434 2315 609 2382 steriorum
631 2314 840 2378 altitudinem
862 2333 995 2377 sursum
1012 2319 1171 2393 assurgat,
1191 2310 1246 2392 qni
1264 2311 1300 2372 in
1317 2309 1411 2392 signo
1463 2308 1521 2372 illo
1543 2309 1591 2374 ita
1612 2310 1781 2388 inclusam,
1801 2318 1838 2374 ut
1860 2321 2011 2394 separata
2027 2313 2085 2375 fiat
2102 2314 2235 2378 omnino
2257 2313 2358 2378 nulla.
2398 2314 2442 2379 Id
2481 2348 2484 2358 ·

434 2409 570 2467 externo
598 2401 804 2478 detinentur,
834 2420 854 2462 0
880 2405 971 2463 recta
998 2396 1175 2480 quaerendi
1204 2394 1330 2459 Christi
1357 2396 1411 2460 010
1463 2394 1562 2459 simili
1585 2397 1734 2478 exemplo
1756 2398 1815 2461 fiet
1836 2398 1964 2462 clarius.
2009 2396 2206 2463 Mandatum
2233 2399 2324 2463 dedit
2345 2399 2439 2466 Deus

435 2473 598 2552 aberrant.
650 2484 741 2565 Quid
768 2483 868 2567 ergo?
898 2483 1160 2567 superstitiosum
1188 2502 1259 2546 esse
1285 2480 1410 2545 cultum
1464 2501 1566 2561 quum
1578 2480 1714 2547 diceret:
1732 2483 1850 2547 invoca
1861 2503 1929 2561 me;
1951 2484 2203 2565 promissionem
2216 2483 2356 2549 addidit:
2380 2508 2439 2552 ex·

435 2573 638 2656 negabimus,
661 2592 762 2652 quum
782 2591 853 2635 sese
870 2569 1021 2634 homines
1037 2588 1147 2633 eoram
1163 2587 1249 2649 pane
1265 2573 1411 2649 proster—
1463 2566 1595 2630 audiam
1617 2575 1657 2631 te.
1703 2565 1742 2632 Si
1764 2570 1837 2650 quis
1859 2569 2009 2633 invocato
2030 2569 2131 2633 Petm
2152 2575 2211 2633 000
2231 2571 2354 2649 Paulo,
2377 2573 2441 2636 1000

434 2665 521 2723 nunt
540 2664 580 2721 ut
603 2656 777 2721 Christum
797 2655 865 2721 illic
887 2653 1044 2720 adorent?
1074 2653 1164 2718 Huic
1185 2651 1273 2717 malo
1295 2652 1410 2735 procul
1462 2652 1679 2733 promissione
1698 2654 1865 2736 glorietur,
1888 2676 1997 2718 nonne
2020 2675 2132 2719 omnes
2153 2655 2343 2720 clamabunt
2363 2678 2441 2722 eum

436 2742 535 2808 dubio
556 2742 660 2806 001010
682 2740 815 2806 01001000
836 2741 974 2805 nicaena
995 2739 1158 2823 synodus,
1181 2759 1283 2820 quum
1304 2738 1412 2802 vetuit
1462 2757 1634 2819 perperam
1651 2739 1779 2805 faeere?
1808 2741 1855 2803 Et
1873 2740 1952 2822 quid
1969 2740 2066 2820 aliud,
2085 2761 2214 2822 quaeso,
2236 2741 2364 2807 faciunt
2383 2745 2441 2825 qui

436 2850 497 2894 nos
524 2827 693 2892 humiliter
726 2832 866 2890 attentos
891 2846 962 2891 esse
990 2824 1032 2888 001
1059 2824 1226 2907 proposita
1252 2823 1410 2908 symbola
1462 2823 1581 2888 omisso
1592 2824 1746 2889 mandato
1757 2825 1797 2889 de
1813 2825 2075 2905 manducatione,
2092 2826 2245 2892 mutilam
2254 2830 2444 2910 promissio-

435 2914 505 2978 Neo
528 2913 592 2978 alia
619 2934 718 2978 causa
744 2912 932 2976 institutum
961 2912 1039 2974 olim
1060 2911 1123 2975 luit
1144 2917 1181 2973 00
1202 2917 1278 2974 ante
1300 2931 1411 2974 00000-
1462 2910 1824 2993 nemabripiunt1hoc
1847 2919 1898 2977 est
1915 2933 2031 2995 000000
2047 2933 2168 2991 meum,
2193 2921 2286 2977 ntea
2301 2913 2336 2977 in
2359 2915 2442 2980 alie-

438 3000 615 3065 crationem
648 2997 791 3082 0000100
819 2997 887 3062 alta
914 3007 994 3062 0000
1026 2996 1257 3060 admoneretur
1291 2995 1412 3060 habere
1462 3016 1523 3058 nos
1545 3016 1565 3058 0
1586 2995 1713 3060 Christi
1739 2997 1945 3063 institutione
1966 2998 2050 3063 ritus
2078 2997 2273 3063 abutantur?
2317 3001 2441 3064 Memi-

434 3106 567 3151 sursum
588 3083 694 3149 corda.
741 3084 820 3167 Ipsa
836 3103 964 3166 quoque
986 3083 1162 3164 scriptura,
1185 3088 1413 3164 praeterquam
1464 3081 1611 3146 nerimus
1629 3103 1706 3165 ergo
1727 3083 1812 3148 hanc
1830 3084 2078 3165 promissionem
2095 3084 2136 3149 iis
2154 3106 2225 3151 0000
2243 3085 2362 3165 datam,
2381 3087 2442 3169 qui

434 3170 520 3254 quod
542 3169 668 3236 Christi
691 3169 916 3234 ascensionem
945 3168 1120 3252 diligenter
1148 3165 1241 3231 nobis
1269 3174 1411 3245 enarrat,
1464 3166 1657 3232 mandatum
1675 3189 1801 3233 cumea
1818 3170 2029 3234 coniunctum
2047 3169 2237 3250 observant3
2254 3193 2309 3236 000
2327 3179 2442 3237 autem

434 3278 500 3339 qua
533 3256 678 3339 corporis
711 3256 763 3319 sui
792 3254 1013 3338 praesentiam
1045 3275 1065 3318 a
1093 3259 1266 3335 conspectu
1299 3260 1412 3317 nostro
1465 3252 1555 3316 omni
1580 3253 1679 3318 verbo
1701 3254 1849 3333 destitui,
1877 3255 1933 3337 qui
1952 3262 2195 3321 sacramentum
2215 3257 2278 3321 alio
2299 3259 2441 3323 transfe-

434 3341 736 3423 consuetudineque
758 3341 929 3420 subduxit,
953 3361 1017 3422 quo
1038 3340 1132 3404 nobis
1159 3360 1290 3403 omnem
1312 3338 1352 3402 de
1374 3359 1412 3403 eo
1464 3344 1551 3402 runt.
1603 3340 1708 3404 Antea
1741 3339 1954 3406 disseruimus
1992 3342 2153 3423 quomodo
2186 3350 2317 3408 nostrae
2351 3342 2441 3428 apud
2568 3365 2575 3379 ·

433 3427 600 3495 carnalem
621 3426 851 3510 cogitationem
878 3427 1038 3505 excutiat,
1061 3425 1187 3508 quoties
1213 3425 1317 3508 ipsius
1343 3445 1412 3488 me-
1464 3422 1575 3488 Deum
1592 3424 1670 3489 fidei
1687 3428 1810 3491 0000100
1826 3447 2056 3513 coerceremus
2070 3430 2260 3510 mysterium.
2297 3426 2440 3508 Quando

435 3515 541 3592 minit,
576 3513 743 3577 mentibus
770 3534 903 3577 sursum
930 3512 1013 3595 erigi
1044 3511 1151 3600 iubet,
1180 3517 1213 3575 et
1240 3511 1349 3575 isum
1377 3511 1412 3574 in
1464 3518 1574 3573 autem
1601 3519 1728 3575 tantam
1750 3512 1804 3578 hio
1826 3534 1906 3576 suae
1925 3513 2080 3578 bonitatis
2108 3514 2312 3596 largitatem,
2335 3537 2440 3598 quan-

434 3600 524 3665 coelo
541 3618 698 3682 quaerere
716 3598 931 3663 sedentemin
948 3598 1051 3680 patris
1070 3596 1237 3679 dextera(
1269 3595 1308 3660 01.
1324 3600 1353 3673 3,
1369 3596 1410 3679 1).
1463 3603 1534 3658 tam
1555 3598 1645 3679 prius
1667 3597 1910 3677 enarravimus,
1938 3599 2122 3664 0000001000
2142 3599 2235 3665 nobis
2256 3602 2292 3665 in
2314 3622 2440 3666 memo-

435 3683 627 3750 Secundum
659 3684 747 3749 hanc
778 3705 814 3748 00
873 3704 928 3747 am
961 3689 1032 3747 erat
1057 3683 1166 3766 potius
1198 3682 1412 3764 spiritualiter
1462 3681 1547 3745 riam
1568 3683 1732 3747 Dominus
1758 3692 1906 3762 0000000,
1936 3685 1991 3749 0001
2011 3685 2107 3765 quasi
2132 3685 2170 3749 de
2197 3706 2297 3751 meaa
2317 3687 2355 3751 10
2374 3708 2442 3752 000·

434 3771 472 3834 10
498 3770 628 3835 00010001
656 3770 761 3853 gloria
837 3770 997 3846 orandus,
1026 3790 1126 3851 quam
1159 3765 1411 3851 excogitandum
1462 3787 1539 3831 0000
1549 3769 1678 3849 profert·
1688 3776 1721 3832 et
1731 3768 1773 3833 ad
1785 3791 1858 3834 eam
1868 3770 2108 3852 agnoscendam
2118 3790 2179 3834 000
2192 3773 2323 3852 excitat,
2341 3773 2442 3837 simul

434 3855 524 3921 istud
545 3862 613 3918 tam
639 3855 860 3938 periculosum
894 3855 1093 3920 adorationis
1123 3875 1247 3937 genus,
1275 3853 1412 3936 plenum
1463 3852 1617 3918 admonet
1632 3876 1675 3918 ne
1692 3862 1761 3918 tam
1783 3856 1905 3920 effirsae
1925 3855 2158 3922 beneficentiae
2177 3857 2302 3941 ingrati
2320 3858 2440 3925 simus:

435 3941 577 4006 carnalis
611 3961 801 4024 crassaeque
828 3941 869 4006 de
898 3940 971 4006 Deo
999 3941 1169 4024 opinionis.
1214 3938 1325 4019 Quare
1354 3939 1412 4021 qui
1462 3941 1542 4022 quin
1559 3940 1669 4022 potius
1686 3940 1888 4023 eamquibus
1906 3950 2026 4025 parest
2043 3941 2195 4007 laudibus
2213 3944 2441 4024 praedicemus

435 4026 632 4093 sacramenti
649 4026 872 4092 adorationem
889 4028 1128 4112 excogitarimt
1148 4046 1220 4089 eam
1237 4045 1305 4088 non
1315 4024 1411 4089 modo
1463 4025 1688 4109 etgratiarum
1699 4027 2053 4093 actionecelebremus.
2088 4029 2203 4111 Itaque
2216 4051 2320 4111 quum
2330 4051 2441 4096 sacra·

435 4134 456 4178 0
477 4135 512 4178 se
539 4113 619 4196 10010
653 4113 859 4178 somniarunt
886 4113 970 4178 citra
983 4113 1205 4195 scripturam,
1235 4110 1291 4174 ubi
1318 4110 1412 4174 nulla
1462 4111 1567 4175 menti
1588 4113 1690 4194 ipsius
1718 4113 1907 4178 institutum
1928 4114 2084 4196 apostolis
2106 4114 2268 4192 traderet,
2291 4125 2329 4180 ut
2350 4117 2385 4181 id
2402 4117 2439 4180 in

434 4199 523 4263 illius
544 4199 668 4263 mentio
689 4198 816 4263 ostendi
837 4206 945 4281 potest
967 4198 1066 4283 (quae
1083 4206 1195 4261 tamen
1212 4218 1280 4260 non
1296 4197 1412 4261 fuisset
1463 4198 1514 4262 001
1535 4199 1729 4262 memoriam
1750 4200 1904 4278 facerent,
1923 4200 2041 4264 docuit
2082 4200 2182 4280 Quod
2192 4202 2318 4267 Paulus
2335 4203 2438 4266 inter-

434 4285 666 4367 praetermissa
687 4284 716 4348 si
737 4272 809 4348 Deo
832 4291 965 4366 0000000
992 4282 1105 4367 foret),
1127 4281 1185 4347 sed
1211 4283 1412 4347 reclamante
1462 4291 1625 4366 pretatur,
1647 4293 1786 4350 mortem
1813 4284 1950 4349 Domini
1970 4287 2125 4351 nuntiare
2147 4286 2180 4370 (l
2201 4288 2275 4352 Cor.
2301 4292 2348 4364 ll,
2368 4286 2437 4370 26).

435 4370 607 4453 scriptura,
630 4391 708 4434 suae
730 4371 793 4434 sibi
813 4369 958 4435 libidinis
981 4369 1117 4435 arbitrio
1134 4371 1246 4433 Deum
1261 4369 1412 4433 fabricati
1464 4367 1505 4433 Id
1527 4377 1637 4434 autem
1658 4378 1710 4451 est
1736 4371 1865 4454 publice
1894 4379 1992 4454 atque
2020 4393 2086 4436 uno
2114 4394 2227 4437 omnes
2255 4371 2350 4438 simul
2379 4394 2439 4438 ore

435 4463 522 4535 sunt,
546 4456 700 4520 derelicto
728 4456 800 4520 Deo
822 4456 964 4520 vivente.
1011 4452 1100 4534 Quid
1127 4456 1216 4519 enim
1238 4462 1288 4519 est
1309 4453 1411 4517 101010-
1463 4454 1573 4537 palam
1590 4456 1695 4536 fateri,
1711 4464 1815 4522 totam
1826 4458 1914 4522 vitae
1926 4478 1963 4522 ao
1976 4458 2091 4523 salutis
2108 4458 2262 4523 fiduciam
2278 4460 2313 4523 in
2329 4465 2440 4524 morte

434 4541 542 4620 latria,
565 4541 593 4604 si
615 4542 677 4606 hoc
699 4539 1410 4624 00000001000000010000010000010οθ1
1464 4539 1602 4604 Domini
1628 4543 1770 4625 positam
1796 4543 1890 4608 nobis
1917 4565 2001 4609 esse:
2031 4551 2069 4608 00
2096 4551 2211 4609 nostra
2241 4544 2336 4608 illum
2360 4566 2440 4610 con·

434 4626 501 4693 Ubi
529 4627 703 4709 dupliciter
730 4635 902 4709 peecatum
929 4636 987 4691 est.
1032 4627 1120 4691 Nam
1146 4634 1180 4690 et
1208 4627 1313 4690 honor
1339 4625 1412 4690 Deo
1464 4628 1604 4692 fossione
1637 4628 1864 4711 glorificemus,
1893 4636 1926 4693 et
1957 4629 2038 4694 alios
2068 4636 2180 4694 nostro
2214 4631 2362 4714 exemplo
2395 4630 2440 4695 001

434 4719 550 4795 raptus
571 4712 613 4777 ad
635 4719 819 4777 creaturam
841 4712 1012 4777 traductus
1034 4720 1093 4791 est,
1117 4721 1150 4778 et
1170 4712 1360 4795 1000001000
1376 4712 1412 4775 in
1464 4711 1606 4778 dandam
1627 4713 1675 4777 illi
1696 4714 1831 4797 gloriam
1855 4714 2075 4779 exhortemur.
2120 4714 2186 4781 Hic
2207 4725 2344 4799 apparet
2364 4738 2440 4781 rur-

434 4798 559 4880 polluto
582 4819 619 4863 ac
641 4799 812 4880 profanato
830 4819 890 4863 suo
909 4797 1064 4864 beneficio
1082 4799 1307 4875 inhonoratus,
1331 4798 1411 4861 dum
1464 4819 1539 4863 sum
1560 4821 1625 4882 quo
1646 4800 1844 4864 sacramenti
1871 4821 1988 4883 scopus
2015 4807 2152 4883 spectet:
2180 4823 2297 4885 nempe
2319 4809 2357 4887 00
2379 4824 2441 4868 nos

361 4927 365 4930 <
408 4884 681 4948 ,exsanctoeius
697 4892 902 4950 sacramento
918 4880 1041 4950 factum
1057 4892 1109 4950 est
1125 4883 1324 4950 exsecrabile
1341 4883 1412 4947 ido-
1462 4885 1497 4948 in
1519 4885 1633 4948 mortis
1645 4883 1771 4948 Christi
1791 4886 1951 4949 memoria
1967 4894 2125 4952 exerceat
2168 4885 2266 4967 Quod
2282 4889 2370 4953 enim
2387 4888 2440 4953 iu·

434 4967 513 5032 lum.
557 4968 626 5033 Nos
648 4989 666 5032 e
688 4989 855 5050 converso,
878 4992 920 5034 ne
941 4972 978 5034 in
1000 4971 1138 5035 eandem
1158 4969 1341 5034 incidamus
1362 4970 1410 5034 io·
1463 4970 1578 5035 bemur
1604 4978 1743 5033 mortem
1768 4970 1905 5034 Domini
1932 4975 2131 5038 annuntiare
2159 4972 2263 5040 donec
2283 4974 2326 5039 001
2353 4974 2440 5039 iudi·

435 5072 539 5131 00000,
564 5075 668 5130 aures,
692 5056 810 5134 oculos,
829 5057 936 5135 corda,
959 5064 1106 5135 mentes,
1129 5057 1259 5140 linguas
1280 5056 1411 5138 penitus
1463 5054 1604 5120 eandum
1625 5055 1755 5134 veniat,
1784 5077 1851 5120 non
1873 5057 1963 5122 aliud
1990 5066 2041 5123 000
2068 5060 2132 5125 0101
2156 5067 2195 5124 00
2222 5059 2289 5125 0010
2312 5063 2440 5127 confes-

436 5138 618 5223 defigamus
639 5140 675 5204 in
696 5162 788 5206 sacra
808 5143 874 5207 Dei
895 5143 1053 5206 doctrina.
1093 5142 1157 5206 1100
1179 5141 1268 5206 enim
1285 5161 1323 5205 00
1344 5141 1411 5223 spi·
1462 5140 1553 5205 sione
1575 5141 1799 5224 praedicemus
1832 5144 1918 5225 quod
1939 5142 2021 5209 fidos
2042 5153 2156 5210 nostra
2175 5145 2212 5210 in
2233 5156 2439 5213 sacramento

434 5227 519 5290 01000
541 5225 646 5292 000001
671 5227 789 5310 optimi
809 5229 959 5311 magistri
981 5228 1107 5305 schola,
1131 5227 1168 5292 in
1189 5249 1253 5310 qua
1271 5226 1317 5293 010
1336 5247 1411 5309 000-
1463 5228 1612 5312 agnovit:
1631 5235 1770 5293 mortem
1788 5229 1911 5294 scilieet
1928 5229 2054 5296 Christi
2070 5241 2218 5297 nostram
2233 5255 2305 5298 esse
2322 5233 2437 5298 vitam.

434 5312 552 5390 ficitur,
572 5321 610 5375 nt
626 5311 710 5376 nihil
723 5313 766 5377 sit
784 5313 917 5377 aliunde
934 5313 1174 5393 asciscendum;
1192 5313 1410 5396 ignorandum
1462 5313 1529 5379 Hic
1550 5315 1712 5380 secundus
1733 5323 1784 5381 est
1801 5317 1998 5381 sacramenti
2018 5339 2108 5397 usus,
2130 5319 2187 5400 qui
2205 5318 2248 5384 ad
2264 5325 2435 5385 externam

435 5418 513 5461 0000
530 5396 671 5462 libenter
692 5397 851 5480 quidquid
872 5398 908 5462 in
929 5418 968 5462 ea
989 5421 1058 5463 non
1079 5399 1222 5476 01000000.
1463 5401 1698 5466 confessionem
1719 5402 1847 5466 attinet.

524 5485 573 5546 37.
615 5483 690 5547 Iam
710 5485 855 5562 0000,’00
871 5484 1058 5566 superstitio
1079 5492 1185 5551 rectos
1206 5486 1289 5550 fines
1310 5485 1412 5550 semel
1550 5490 1600 5550 38.
1645 5487 1811 5551 1100010θο
1837 5486 2075 5553 exhortationis
2103 5489 2174 5553 vice
2201 5488 2437 5555 00101οΒ0001-

436 5586 569 5649 egressa
590 5567 719 5632 nullum
740 5568 895 5651 peccandi
917 5571 1017 5635 finem
1039 5571 1131 5649 facit,
1153 5570 1251 5653 longe
1272 5571 1410 5637 ulterius
1463 5592 1527 5637 nus
1549 5593 1620 5638 esse
1642 5572 1757 5638 voluit:
1780 5593 1845 5655 qua
1865 5593 1926 5637 0000
1948 5575 2017 5639 alio
2043 5574 2276 5643 vehementius
2296 5597 2371 5642 oum
2394 5575 2440 5640 ad

436 5651 582 5734 prolapsi
609 5660 695 5718 sunt
746 5655 845 5720 Ritus
873 5655 963 5719 enim
994 5658 1223 5741 excogitanmt
1248 5677 1268 5721 a
1291 5678 1411 5722 coenae
1462 5657 1640 5739 puritatem
1661 5665 1695 5722 et
1715 5658 1968 5725 sanctimoniam
1993 5660 2097 5740 vitae,
2120 5668 2193 5726 tum
2218 5683 2296 5729 0000
2318 5661 2361 5728 001
2383 5683 2440 5728 00·
