5600 6809
396 747 459 847 'tbi
1043 739 1310 808 INSTITU'PIO
1332 742 1438 808 REL.
1461 739 1641 807 OHRIST.
1669 745 1759 805 1559.
2339 741 2405 801 756

395 934 584 995 mammeam
610 929 765 1007 amatas,
797 935 825 995 et
852 932 963 996 dmaue
989 930 1053 995 Dei
1086 933 1118 1017 (1
1140 932 1223 995 Tim,
1243 933 1278 1006 3,
1309 931 1371 1014 15).
1424 936 1580 1011 oporteat,
1603 952 1662 995 ceu
1678 930 1811 1012 propria
1827 928 1994 1011 religionis
2011 927 2138 1010 placita.
2175 924 2296 1005 Qua-lia
2313 934 2406 1005 sunt,

373 1016 517 1096 ‘Quibus
537 1014 639 1079 verbis
658 1015 814 1103 aptificat
839 1016 977 1095 Pactus,
1006 1038 1044 1081 ae
1071 1016 1237 1081 tactercidat
1256 1018 1373 1081 ceritas
1424 1036 1527 1079 unum
1560 1036 1630 1079 esse
1658 1014 1783 1093 Deum3
1817 1013 1989 1079 Christum
2020 1013 2118 1076 deum
2151 1032 2238 1086 esse,
2272 1032 2310 1075 ac
2338 1013 2407 1076 Dei

394 1099 458 1165 Det
486 1101 521 1164 in
549 1101 681 1179 macedo,
709 1100 866 1166 ecclesiam
893 1102 1081 1182 cateridem
1108 1103 1176 1166 cius
1202 1103 1374 1180 camertem
1424 1101 1542 1178 filium;
1564 1101 1600 1164 in
1617 1099 1680 1165 Dei
1703 1100 1926 1165 misericordia
1947 1099 2086 1165 salutem
2106 1096 2198 1162 nobis
2215 1097 2405 1176 consistere,

394 1187 472 1267 qaia
492 1187 560 1250 ctae
576 1187 750 1251 ministerio
768 1192 795 1251 et
815 1209 910 1267 opera
932 1189 1030 1252 votuit
1046 1186 1137 1252 Deus
1152 1208 1273 1267 param
1289 1188 1374 1252 ccrbc‘
1425 1194 1458 1250 et
1485 1186 1612 1250 similia.
1657 1185 1745 1251 Sunt
1766 1185 1844 1263 alia,
1871 1207 1954 1268 quae
1982 1187 2068 1249 inter
2096 1183 2246 1249 ecclesias
2273 1191 2406 1248 contro·

395 1272 447 1336 sat
469 1271 737 1352 praedicationem
765 1274 956 1350 consecuti,
990 1279 1017 1336 et
1045 1294 1078 1338 ce
1104 1273 1192 1338 aebc's
1220 1274 1373 1338 ostendere
1425 1294 1535 1350 versa,
1570 1271 1646 1336 fidei
1672 1281 1785 1337 tamen
1811 1273 1971 1336 unitatem
1998 1292 2064 1335 non
2094 1269 2258 1333 dirimant.
2308 1267 2407 1349 Quae

389 1357 680 1438 patremfamilias
696 1359 771 1421 dam
788 1359 1075 1439 aesspiritaalc'bar
1090 1359 1249 1424 elimatis
1259 1360 1372 1440 pascit,
1426 1359 1514 1422 enim
1543 1358 1584 1421 ob
1613 1358 1675 1423 hoc
1703 1378 1808 1422 unum
1835 1357 1988 1422 ecelesiae
2015 1355 2210 1430 dissideant,
2244 1355 2271 1419 si
2300 1355 2408 1419 alters

395 1443 826 1523 etquaecaaqaeadsatatem
836 1449 976 1508 matram
992 1446 1279 1527 faciacctprocurat.
1302 1443 1374 1509 Noa
1426 1445 1508 1508 citra
1530 1444 1747 1507 contentionis
1768 1441 1951 1520 libidinem,
1974 1443 2057 1508 citra
2077 1441 2295 1524 pervicaciam
2315 1462 2407 1505 asse-

396 1528 538 1611 eatyam's
559 1529 652 1593 ettam
673 1529 758 1605 laus,
787 1530 869 1609 qaod
895 1530 988 1595 electa
1013 1537 1230 1614 eccrcqataqae
1257 1531 1374 1595 dictim
1426 1529 1537 1606 rendi,
1566 1530 1692 1593 animas
1720 1551 1740 1593 a
1766 1529 1952 1610 corporibus
1975 1527 2194 1610 demigrantes
2213 1528 2249 1590 in
2277 1527 2407 1592 eoelum

397 1635 418 1676 e
443 1612 565 1678 Christo
586 1615 621 1678 ta
642 1635 796 1695 sponsam,
818 1635 897 1694 qaae
919 1621 996 1680 meet
1016 1618 1084 1681 sinc
1100 1638 1181 1699 raca
1199 1621 1225 1682 ct
1242 1616 1374 1693 maceda,
1427 1615 1598 1680 convolare
1618 1622 1725 1698 putet;
1754 1615 1857 1680 altera
1884 1614 1970 1678 nihil
1992 1614 2077 1678 ausit
2104 1613 2239 1676 definire
2262 1611 2301 1676 de
2324 1612 2406 1692 loco,

397 1717 512 1778 corpas
532 1704 561 1764 ct
576 1699 740 1778 peccaro
757 1701 825 1764 cias
842 1700 944 1783 (Eph.
968 1707 994 1776 l,
1015 1705 1055 1763 23
1074 1711 1108 1766 et
1127 1708 1155 1778 5,
1176 1702 1241 1785 27).
1289 1701 1375 1767 Unde
1427 1708 1592 1766 caeterum
1610 1701 1721 1766 vivero
1738 1709 1850 1765 tamen
1861 1701 2003 1764 Domino
2021 1706 2108 1764 certo
2126 1697 2272 1763 statuat?
2294 1697 2408 1763 Verba

398 1786 554 1864 sequitur,
582 1785 797 1850 cicomacum
818 1786 857 1849 ab
879 1788 1020 1864 ccclesia,
1043 1787 1107 1852 Dei
1129 1795 1157 1852 et
1180 1785 1298 1853 aaran
1320 1787 1374 1851 ab·
1427 1796 1505 1850 sunt
1521 1787 1656 1869 apostoli
1674 1786 1776 1870 (Phil.
1789 1789 1818 1864 3,
1838 1789 1907 1868 15):
1925 1786 2110 1868 quicunque
2128 1785 2262 1867 perfecti
2279 1806 2406 1863 sumus,

399 1871 589 1950 necationem
611 1889 689 1935 esse:
718 1891 777 1950 qao
805 1874 909 1954 caepis
936 1894 958 1936 a
977 1878 1042 1936 tam
1069 1874 1214 1938 scelerate
1240 1873 1375 1939 dissidia
1428 1872 1514 1936 idem
1542 1874 1734 1950 sentiamus;
1763 1871 1889 1954 siquid
1912 1871 2007 1936 aliter
2034 1871 2161 1952 sapitis,
2190 1870 2251 1935 hoc
2280 1891 2409 1953 quoque

398 1955 569 2018 wocardum
588 1961 648 2035 cst·
669 1957 745 2036 qtae
766 1956 842 2020 dam
862 1959 1005 2022 cecitatis
1026 1957 1090 2022 Dei
1110 1961 1256 2037 mimam,
1277 1979 1376 2040 qaam
1428 1958 1521 2022 vobis
1541 1956 1704 2021 Dominus
1726 1957 1892 2022 revelabit
1936 1959 2056 2021 Annon
2080 1956 2160 2020 satis
2182 1955 2317 2032 indicat,
2342 1955 2409 2020 dis·

397 2044 463 2103 tam
485 2040 521 2103 ia
541 2039 631 2104 mobis
653 2047 704 2118 cst,
727 2042 888 2121 molimur,
910 2045 999 2126 diqai
1016 2065 1126 2108 armas
1146 2044 1189 2108 cd
1209 2065 1286 2125 qaas
1307 2065 1375 2108 coa·
1429 2044 1613 2108 sensionem
1631 2043 1671 2107 de
1693 2044 1790 2107 rebus
1808 2044 1880 2106 istis
1902 2063 1969 2106 non
1991 2043 2037 2106 ita
2058 2042 2258 2118 necessariis,
2282 2041 2410 2106 dissidii

397 2125 535 2188 mendas
563 2130 622 2189 aa
650 2127 720 2191 trac
747 2148 823 2191 suec
849 2130 966 2208 impeta
991 2130 1143 2210 ftdmtnet.
1190 2129 1255 2193 Nec
1276 2130 1377 2194 allam
1428 2130 1600 2193 materiam
1622 2150 1693 2193 esse
1718 2149 1785 2192 non
1808 2127 1925 2194 debere
1951 2129 2038 2191 inter
2060 2123 2287 2192 Christianos?
2331 2127 2409 2190 Pri·

265 2267 271 2280 .
397 2211 534 2274 mosas
559 2210 638 2294 {tnui
666 2214 782 2278 crimea
804 2219 916 2294 potest,
946 2235 1041 2296 qaam
1067 2216 1221 2299 sacrilepa
1241 2216 1377 2296 perfidia
1429 2236 1521 2278 mum
1547 2214 1678 2297 quidem
1706 2223 1771 2291 est,
1800 2223 1836 2277 ut
1857 2215 2041 2296 peremnia
2068 2214 2322 2291 consentiamus;
2349 2213 2410 2277 sed

399 2295 520 2360 caelare
556 2299 749 2379 contactam,
783 2301 864 2380 qaod
903 2300 1061 2366 nobiscum
1093 2301 1274 2384 antecedas
1313 2300 1377 2365 Dei
1429 2300 1583 2382 quoniam
1605 2308 1770 2364 nemoest
1790 2301 1929 2381 quinon
1952 2298 2060 2381 aliqua
2081 2300 2285 2382 ignorantiae
2305 2299 2409 2363 nube-

394 2380 486 2461 filt'as
507 2382 684 2448 comretere
705 2385 852 2466 (licitatus
872 2391 925 2450 cst.
1429 2385 1683 2450 oulaobvolutus
1704 2387 1754 2461 sit,
1774 2393 1831 2450 aut
1852 2384 1978 2450 nullam
1999 2385 2221 2466 relinquamus
2239 2384 2409 2449 ecelesiam

485 2471 533 2530 11.
584 2466 696 2547 Quare
728 2477 823 2535 notas
855 2470 930 2536 illas
963 2471 1137 2554 diligenter
1170 2473 1287 2537 animis
1314 2473 1376 2535 im·
1429 2480 1562 2554 oportet,
1581 2481 1640 2534 aut
1650 2471 1940 2537 hallucinationem
1957 2470 2176 2535 condonemus
2193 2471 2227 2534 in
2242 2471 2282 2534 iis
2299 2470 2407 2548 rebus,

395 2572 525 2632 pressas
540 2561 718 2631 teneamus,
737 2564 770 2619 ct
784 2578 842 2638 pro
854 2555 991 2621 Domini
1006 2557 1139 2622 arbitrio
1156 2559 1375 2622 aestimemus.
1429 2579 1513 2639 quae
1542 2564 1575 2621 et
1608 2556 1765 2624 inviolata
1785 2557 1951 2639 roligionis
1980 2577 2108 2620 summa
2129 2564 2162 2619 et
2189 2557 2271 2621 citra
2292 2556 2409 2621 salutis

395 2636 489 2699 Nihil
506 2646 556 2701 est
571 2639 658 2701 enim
676 2639 762 2720 quod
780 2643 886 2724 magis
902 2650 996 2707 satan
1012 2644 1167 2708 moliatur
1183 2663 1281 2725 quam
1298 2645 1376 2708 isto·
1428 2644 1589 2707 iacturam
1619 2644 1764 2726 ignorari
1790 2644 1926 2725 possint.
1977 2643 2042 2707 Hie
2072 2651 2182 2706 autem
2209 2643 2409 2724 patrocinari

291 2774 299 2797 ,
396 2721 679 2786 rumalterutrum
695 2726 746 2789 vel
759 2729 1057 2810 utrumquetollere
1075 2738 1108 2793 et
1125 2728 1266 2793 abolere:
1290 2751 1378 2794 nunc
1430 2728 1594 2793 erroribus
1621 2728 1673 2793 vel
1700 2729 1926 2793 minutissimis
1948 2728 2065 2804 nolim,
2094 2739 2132 2791 ut
2158 2726 2354 2792 blandiendo
2376 2736 2410 2791 et
2475 2744 2477 2749 ·

396 2814 435 2870 ut
452 2809 538 2871 notis
555 2808 627 2873 istis
645 2809 771 2874 abolitis
791 2820 824 2875 et
840 2811 963 2891 deletis,
987 2834 1100 2880 veram
1121 2835 1376 2897 germanamque
1429 2814 1633 2880 connivendo
1652 2834 1803 2878 censeam
1823 2813 1993 2892 fovendos3
2017 2813 2074 2878 sod
2095 2814 2174 2890 dico,
2198 2835 2262 2877 non
2285 2825 2409 2878 temere

397 2892 493 2957 tollat
503 2894 658 2958 ecclesiae
676 2895 931 2986 distinctionem
955 2921 1043 2966 nunc
1061 2910 1108 2977 ut,
1128 2901 1245 2965 iniecto
1264 2922 1376 2965 earum
1429 2901 1470 2965 ob
1492 2900 1653 2982 quaslibet
1675 2899 1948 2965 dissentiunculas
1966 2900 2177 2964 deserendam
2195 2899 2288 2963 nabis
2305 2898 2409 2964 eccle·
2526 2952 2531 2961 .

396 2986 598 3061 contemptu,
622 2982 796 3046 manifesta
818 2983 996 3050 defectione
1017 3007 1077 3050 nos
1099 2986 1140 3050 ab
1162 2986 1298 3051 ecclesia
1320 2986 1377 3050 ab·
1430 2987 1521 3063 siam,
1545 2987 1580 3049 in
1602 3007 1667 3068 qua
1691 2985 1851 3050 duntaxat
1872 3007 1911 3050 ea
1933 2970 2081 3050 salva⁸et
2108 2985 2232 3050 illibata
2259 2984 2410 3049 doctrina

276 3133 277 3137 Ἰ
395 3063 502 3146 ripiat
546 3064 629 3129 Eius
658 3075 728 3130 arte
754 3069 962 3149 factumest,
993 3081 1031 3135 ut
1057 3092 1141 3153 pura
1169 3072 1260 3136 verbi
1282 3094 1377 3155 prae-
1429 3073 1612 3137 retineatur
1629 3093 1694 3154 qua
1715 3080 1843 3137 constat
1864 3072 2070 3136 incolumitas
2087 3071 2225 3153 pietatis,
2248 3080 2281 3134 et
2298 3092 2411 3134 sacra·

395 3147 515 3213 dicatio
542 3150 666 3232 aliquot
698 3154 836 3219 saeculis
865 3158 1051 3234 evanuerit,
1086 3166 1119 3220 et
1145 3177 1234 3221 nunc
1262 3158 1376 3223 eedem
1429 3167 1617 3223 mentorum
1648 3179 1728 3223 usus
1762 3180 1781 3221 a
1813 3158 1956 3222 Domino
1988 3158 2159 3222 institutus
2195 3156 2408 3221 custodiatur.

394 3234 603 3316 improbitate
624 3238 785 3302 incumbit
802 3240 844 3304 ad
861 3241 1123 3307 labefactandum
1141 3244 1374 3308 ministerium:
1428 3245 1568 3308 Interim
1586 3245 1613 3309 si
1636 3245 1774 3308 nitimur
1795 3243 1970 3308 emendare
1987 3244 2073 3325 quod
2092 3242 2248 3325 displicet,
2271 3243 2409 3307 facimus

396 3318 483 3401 quod
510 3329 621 3385 tamen
650 3324 696 3388 sic
725 3325 760 3387 in
788 3327 924 3391 ecclesia
949 3327 1104 3393 Christus
1132 3329 1311 3408 ordinavit,
1339 3337 1377 3393 ut
1428 3329 1462 3393 id
1491 3352 1532 3395 ex
1560 3331 1665 3396 officio
1693 3337 1815 3394 nostre.
1866 3330 1913 3393 Et
1939 3330 2005 3394 huc
2032 3330 2175 3411 pertinet
2203 3327 2284 3392 illud
2312 3328 2408 3392 Pauli
2505 3397 2512 3408 ,

395 3404 598 3503 illo‘sublato
616 3408 715 3474 huius
733 3409 914 3477 aedificatio
931 3423 1052 3494 pereat.
1089 3415 1162 3478 Iam
1177 3432 1376 3498 veroquam
1430 3415 1462 3499 (l
1484 3415 1558 3481 Gor.
1588 3421 1642 3494 14,
1668 3417 1739 3499 30);
1768 3416 1798 3479 si
1823 3416 1940 3480 melius
1967 3414 2046 3496 quid
2072 3415 2199 3479 sedenti
2226 3414 2408 3478 revelatum

396 3492 587 3588 penculosa,
612 3493 678 3559 imo
699 3515 797 3577 quam
825 3498 967 3564 exitialis
989 3500 1126 3564 tentatio
1148 3508 1211 3577 cst,
1233 3501 1296 3565 ubi
1323 3500 1376 3566 vel
1428 3503 1535 3580 tuerit,
1557 3503 1647 3585 prior
1667 3509 1783 3567 taceat
1816 3500 1913 3566 Unde
1934 3507 2071 3579 constat,
2093 3500 2233 3583 singulis
2255 3501 2408 3565 ecclcsiae

397 3585 599 3677 minentem
619 3581 711 3645 vonit
731 3581 960 3649 discessionem
982 3586 1089 3650 faeere
1119 3587 1159 3650 ab
1181 3607 1220 3651 ea
1242 3607 1377 3670 congre-
1428 3589 1584 3654 membris
1598 3586 1833 3652 demandatum
1845 3587 1993 3669 publicae
2011 3586 2245 3652 aedificationis
2263 3584 2407 3650 studium

397 3669 528 3745 gatione
549 3687 585 3727 m
608 3687 672 3747 qua
689 3668 785 3749 signa
806 3669 1053 3751 conspiciuntur
1074 3693 1113 3738 ac
1131 3680 1282 3751 tesserae,
1303 3674 1376 3756 qui·
1429 3696 1489 3756 pro
1509 3694 1665 3738 mensura
1688 3674 1813 3756 gratiae
1835 3693 1924 3750 suae,
1947 3673 2043 3737 modo
2065 3673 2219 3737 decenter
2241 3680 2274 3736 et
2294 3693 2408 3737 secun·

397 3747 460 3843 bus
481 3749 682 3847 sufficienter
699 3753 869 3818 ecclesiam
887 3754 1084 3841 descriptam
1102 3756 1265 3823 Dominus
1281 3765 1377 3841 puta-
1430 3760 1508 3824 dum
1535 3759 1699 3836 ordinem,
1726 3759 1788 3823 hoc
1808 3768 1871 3835 est,
1894 3779 1937 3822 ne
1959 3758 2012 3822 vel
2034 3758 2188 3823 ecclesiae
2210 3759 2408 3823 communio·

398 3831 467 3896 vit?
501 3833 661 3900 Videmus
679 3846 802 3920 quanta
822 3841 975 3923 utrinque
996 3841 1181 3908 adhibenda
1198 3845 1242 3908 sit
1259 3846 1376 3909 cautio.
1429 3867 1506 3910 nem
1527 3845 1762 3921 renuntiemus,
1792 3845 1845 3908 vel
1866 3845 1903 3907 in
1924 3865 1964 3908 ea
1991 3851 2221 3927 permanentes
2243 3864 2356 3924 pacem
2376 3854 2409 3909 et

398 3918 485 4014 llam
503 3940 544 3983 ne
562 3921 630 4020 sub¹
644 3923 797 3989 ecclcsiae
819 3926 914 3991 titulo
936 3928 1117 4011 impostura
1132 3930 1226 3994 nobis
1243 3931 1312 4009 fiat,
1335 3930 1377 3994 ad
1429 3931 1634 4014 disciplinam
1654 3931 1713 3994 aa
1734 3931 1935 4010 compositam
1956 3931 2133 3994 turbemus.

397 4002 489 4066 rllam
506 4006 738 4104 probationem,
757 4030 817 4074 ceu
835 4012 876 4077 ad
894 4012 1021 4096 lydium
1043 4014 1192 4097 lapidem,
1215 4015 1378 4101 exigenda
1519 4021 1567 4080 13.
1622 4017 1664 4080 In
1697 4017 1783 4080 vitae
1815 4023 1926 4081 autem
1958 4017 2201 4098 imperfectione
2240 4013 2409 4080 toleranda

397 4097 449 4188 eat
466 4109 572 4188 amms
591 4097 798 4178 congregatio
812 4119 894 4179 quae
912 4098 1065 4164 ecclesiae
1083 4122 1202 4166 nomen
1219 4101 1376 4167 obtendit
1429 4103 1532 4167 multo
1560 4102 1690 4186 longius
1717 4102 1891 4185 procedam
1923 4102 2132 4186 indulgentia
2159 4109 2271 4167 nostra
2305 4101 2407 4167 debet

397 4171 436 4239 Si
458 4174 604 4241 ordrnem
628 4179 727 4244 habet
742 4182 777 4244 in
800 4184 899 4248 verbo
914 4194 948 4249 et
969 4187 1182 4252 sacramentis
1197 4209 1218 4252 a
1233 4188 1376 4252 Domino
1429 4189 1495 4255 Hic
1513 4191 1602 4254 enim
1621 4188 1715 4253 valde
1732 4188 1879 4254 lubricus
1896 4198 1948 4253 est
1964 4188 2084 4272 lapsus,
2101 4209 2206 4270 neque
2217 4187 2409 4268 vulgaribus

313 4321 318 4328 .
397 4262 673 4360 commendatum,
701 4288 768 4330 non
796 4268 902 4333 fallet:
932 4290 1045 4336 secure
1067 4272 1115 4336 illi
1142 4273 1302 4338 honorem
1325 4293 1376 4338 ec-
1428 4276 1701 4341 machinamentis
1730 4275 1783 4341 bic
1800 4283 1894 4338 satan
1911 4275 2006 4339 nobis
2029 4273 2209 4340 insidiatur.
2254 4273 2411 4336 Fuerunt

397 4347 502 4412 clesns
530 4348 675 4414 debitum
703 4351 902 4434 deferamus,
934 4377 1067 4421 rursum
1094 4378 1172 4423 vero
1200 4359 1227 4424 si
1256 4360 1377 4442 absque
1429 4363 1517 4426 enim
1538 4382 1668 4445 semper
1688 4362 1744 4444 qui
1771 4360 1853 4425 falsa
1881 4360 2046 4426 absolutae
2073 4357 2305 4424 sanctimoniae
2334 4377 2410 4437 per·

396 4431 496 4532 verbe
525 4444 558 4498 et
585 4439 797 4503 sacramentis
825 4460 860 4504 se
888 4440 1051 4520 venditat,
1086 4464 1107 4508 a
1134 4444 1255 4509 talibus
1282 4466 1376 4528 prae-
1428 4449 1578 4513 suasione
1595 4448 1710 4514 imbuti
1728 4456 1885 4529 tanquam
1908 4447 1988 4511 aerii
2003 4443 2134 4528 quidam
2152 4442 2325 4506 daemones
2342 4443 2409 4507 iam

396 4524 502 4601 stigns
518 4541 585 4585 non
602 4522 712 4620 minus
723 4524 872 4608 religiose
884 4526 1081 4607 cavendum,
1105 4551 1203 4612 quam
1220 4531 1256 4595 in
1273 4531 1378 4597 altera
1428 4535 1506 4600 faeti
1526 4541 1643 4613 essent,
1664 4534 1811 4598 omnium
1832 4532 2003 4596 hominum
2025 4528 2224 4595 consortium
2252 4548 2408 4609 aspama-

396 4611 489 4684 parte
509 4612 675 4673 temeritas
696 4610 914 4694 superbiaque
935 4613 1099 4696 fugienda
1428 4630 1559 4699 rentur,
1581 4617 1757 4702 inquibus
1779 4617 1963 4682 humanum
1990 4614 2097 4681 adbuc
2127 4612 2250 4695 aliquid
2274 4612 2408 4679 subesse

486 4694 533 4754 12.
585 4691 682 4791 Quod
705 4694 857 4775 dicimus,
889 4718 1009 4780 purum
1032 4700 1125 4765 verbi
1156 4703 1376 4767 ministerium
1428 4713 1608 4771 cernerent.
1661 4705 1758 4769 'Pales
1790 4703 1868 4766 olim
1902 4708 1998 4767 erant
2025 4699 2177 4777 Cathari,
2209 4710 2243 4764 et
2275 4700 2331 4781 qui
2365 4698 2406 4763 ad

397 4787 431 4838 et
453 4797 571 4875 purum
594 4801 629 4842 ιιι
651 4778 852 4847 celebrandis
870 4787 1083 4850 sacramentis
1105 4787 1206 4851 ritum
1223 4788 1375 4853 idoneum
1428 4813 1541 4856 eorum
1562 4791 1731 4856 vesaniam
1758 4786 1954 4852 accedebant
1974 4785 2178 4850 Donatistae.
2224 4786 2320 4849 Tales
2348 4785 2406 4849 ho·

396 4878 467 4923 esse
489 4882 608 4958 pignus
631 4871 665 4927 et
685 4866 914 4946 arrhabonem,
938 4879 976 4934 ut
997 4879 1068 4935 tuto
1090 4875 1253 4955 possimus
1274 4876 1376 4940 socie·
1429 4878 1481 4942 die
1507 4885 1585 4941 sunt
1610 4896 1652 4939 ex
1673 4873 1899 4954 Anabaptistis
1925 4871 2091 4948 nonnulli,
2120 4872 2177 4954 qui
2205 4892 2305 4954 supra
2326 4871 2406 4936 alios

396 4950 520 5042 tatem,
534 4968 569 5010 m
591 4969 655 5030 qua
674 4958 850 5035 utrumque
873 4956 1045 5034 exstiterit,
1066 4979 1125 5041 pro
1148 4959 1284 5025 ecclesia
1306 4982 1375 5025 am·
1428 4962 1546 5028 volunt
1566 4959 1671 5025 videri
1692 4958 1874 5041 profecisse.
1908 4956 1977 5022 Alii
1995 4965 2073 5022 sunt
2089 4958 2146 5040 qui
2167 4957 2405 5023 inconsiderato

396 5028 537 5129 Plfflfflg
565 5055 667 5132 usque
696 5057 733 5101 eo
761 5039 851 5104 valet
877 5047 914 5104 ut
940 5063 1101 5125 nusquam
1128 5045 1309 5110 abiicienda
1334 5047 1377 5111 sit
1427 5047 1533 5128 magis
1554 5045 1698 5109 iustitiae
1720 5044 1788 5108 nelo
1815 5063 1915 5125 quam
1942 5044 2059 5109 insana
2079 5043 2138 5108 illa
2159 5045 2310 5127 superbia
2331 5065 2405 5124 pec·

394 5115 553 5197 quamdiu
579 5140 614 5182 ιιι
642 5120 707 5187 illis
734 5126 928 5206 perstiterit,
962 5128 1091 5194 etiamsi
1117 5131 1229 5196 multis
1255 5131 1375 5212 alioqui
1426 5139 1512 5198 eant.
1556 5129 1648 5195 Dum
1669 5130 1758 5194 enim
1779 5127 1867 5212 apud
1893 5149 1948 5195 eos
1970 5130 2089 5212 quibus
2117 5129 2325 5213 evangelium
2346 5149 2405 5191 an·

281 5279 291 5298 .
397 5201 485 5266 litiis
511 5209 641 5270 meat·
686 5206 905 5287 Quinetiam
931 5215 1051 5294 poterit
1071 5216 1125 5281 vel
1151 5217 1187 5280 in
1210 5215 1375 5281 doctrinae
1426 5217 1608 5294 nuntiatur,
1631 5216 1702 5282 eius
1719 5214 1888 5282 doctrinae
1909 5236 1976 5281 non
1997 5213 2194 5299 respondere
2212 5216 2300 5279 vitae
2317 5214 2405 5278 fruc-

396 5286 450 5351 vel
466 5310 503 5352 m
519 5300 796 5358 sacramentorum
814 5295 1097 5366 administratione
1116 5302 1189 5368 vitii
1206 5300 1375 5383 quidpiam
1425 5311 1498 5368 tum
1525 5302 1656 5382 vident,
1684 5302 1811 5368 nullam
1838 5301 1906 5367 illic
1933 5323 2004 5368 esse
2031 5302 2200 5368 ecclesiam
2222 5301 2334 5365 statim
2354 5300 2404 5364 iu·

395 5373 567 5456 obrepere,
600 5377 686 5459 quod
717 5379 861 5478 alienare
889 5404 950 5449 nos
979 5385 1019 5451 ab
1048 5387 1118 5452 eius
1146 5386 1374 5453 communione
1426 5389 1545 5455 dicant
1589 5389 1774 5454 Iustissima
1794 5388 1927 5471 quidem
1949 5388 2170 5465 estoffensio,
2200 5396 2234 5452 et
2255 5388 2308 5452 cui
2330 5385 2404 5469 plus

396 5479 463 5522 non
491 5459 625 5562 debeat..
660 5465 735 5528 Non
763 5486 852 5562 enim
878 5469 978 5534 unius
1006 5479 1083 5537 sunt
1110 5472 1235 5537 formae
1263 5475 1375 5540 omnia
1426 5476 1507 5542 satis
1533 5475 1712 5542 occasionis
1740 5475 1803 5539 hoc
1828 5474 2011 5537 miserrimo
2038 5473 2168 5538 saeculo
2199 5473 2403 5555 praebemus.

392 5564 493 5642 uerae
525 5545 692 5647 doctrinae
720 5558 834 5632 capita
885 5551 975 5619 Sunt
999 5557 1158 5641 quaedam
1185 5559 1232 5624 ita
1261 5580 1374 5626 neces-
1425 5562 1495 5628 Nec
1522 5583 1679 5628 excusare
1707 5560 1786 5625 licet
1815 5558 2023 5623 maledictam
2051 5565 2198 5624 nostram
2226 5558 2402 5640 ignaviam

397 5646 485 5694 carra
511 5641 659 5716 cognitu,
692 5642 731 5700 ut
756 5635 824 5701 fixa
850 5657 921 5703 esse
948 5648 982 5706 et
1008 5642 1194 5710 indubitata
1224 5645 1375 5713 omnibus
1426 5669 1524 5733 quam
1545 5646 1711 5713 Dominus
1738 5645 1934 5728 impunitam
1955 5664 2022 5709 non
2051 5645 2150 5724 sinet;
2178 5651 2215 5709 nt
2240 5645 2308 5709 iam
2329 5663 2403 5728 gra·
