5600 6809
395 765 455 826 271
874 847 880 855 .
1053 751 1320 820 rusrruuulo
1346 753 1454 818 suu.
1476 751 1658 819 ossrsr.
1683 756 1774 817 raso.
2018 837 2023 851 ι
2356 755 2437 829 ara,

395 948 486 1016 omni
506 946 691 1012 obedientia
713 944 949 1010 alienissimum
971 944 1103 1007 interim
1126 943 1259 1019 retinet,
1284 962 1321 1007 ao
1343 963 1378 1007 εθ
1403 941 1406 964 ¹
1432 939 1676 1022 Quaerendum,
1699 943 1848 1023 inquam,
1872 949 2034 1023 quatenus
2056 941 2213 1008 excedere
2235 941 2416 1008 verborum

396 1037 585 1101 defunctum
611 1038 707 1114 putat
736 1031 765 1096 si
792 1031 893 1113 probe
926 1030 1075 1093 homines
1107 1027 1264 1094 celaverit
1292 1027 1378 1111 quod
1430 1028 1513 1091 fines
1536 1027 1652 1092 debeat
1681 1027 1924 1110 interpretati03
1952 1035 1990 1091 ut
2019 1037 2189 1109 appareat,
2219 1049 2285 1091 non
2303 1035 2415 1094 attex-

395 1121 481 1206 gerit
501 1121 537 1184 in
559 1123 734 1201 conspectu
756 1117 828 1181 Dei.
874 1115 1040 1191 Audiunt,
1064 1135 1131 1178 non
1153 1112 1287 1192 occides,
1311 1136 1378 1178 non
1431 1122 1500 1176 tam
1522 1133 1593 1178 esse
1615 1112 1680 1195 legi
1702 1111 1834 1177 divinae
1864 1134 1905 1176 ex
1935 1113 2089 1178 humanis
2112 1114 2230 1197 glossis
2252 1113 2413 1196 appendi·

394 1205 628 1282 moechaberis,
651 1225 717 1267 non
734 1203 909 1267 furaberis:
929 1199 1076 1283 gladium
1094 1197 1136 1263 ad
1158 1198 1290 1263 caedem
1309 1220 1377 1263 non
1430 1218 1517 1276 cem,
1545 1197 1602 1262 sed
1628 1220 1749 1280 purum
1770 1219 2029 1281 germanumque
2056 1198 2253 1283 legislatoris
2276 1221 2414 1265 sensum

396 1299 554 1358 exserunt
561 1315 570 1371 3
594 1310 731 1374 corpora
748 1311 808 1353 sua
824 1284 1052 1352 meretricibus
1069 1307 1136 1350 non
1155 1285 1375 1364 commiscent,
1429 1284 1570 1349 fideliter
1608 1283 1781 1348 redditum.
1839 1283 1929 1349 Sane
1968 1283 2048 1349 adeo
2080 1287 2117 1348 in
2154 1285 2306 1351 omnibus
2339 1286 2411 1352 fere

394 1400 513 1443 manus
546 1376 661 1441 alienis
692 1375 787 1439 bonis
820 1395 886 1437 non
918 1372 1080 1436 iniiciunt.
1143 1369 1244 1435 Haec
1269 1371 1378 1434 omnia
1428 1371 1610 1453 praeceptis
1638 1370 1865 1435 manifestatae
1894 1378 1972 1435 sunt
1994 1370 2232 1454 synecdochae,
2263 1379 2300 1435 ut
2322 1370 2412 1436 deri·

394 1465 479 1529 bene
519 1463 693 1527 hactenus:
735 1459 792 1524 sed
824 1457 938 1523 caedes
979 1459 1055 1522 totis
1088 1457 1207 1520 animis
1240 1458 1374 1538 spirant,
1430 1454 1538 1520 diculo
1559 1456 1632 1520 iure
1651 1456 1694 1519 sit
1715 1455 1857 1535 futurus,
1880 1456 1938 1538 qui
1958 1457 2040 1540 legis
2068 1477 2203 1521 sensum
2225 1455 2267 1521 ad
2291 1457 2411 1523 verbo·

395 1553 526 1615 fervent
554 1549 589 1612 in
615 1546 800 1623 libidinem,
832 1545 979 1609 omnium
1006 1543 1092 1607 bona
1121 1542 1222 1606 oculis
1244 1542 1376 1607 retortis
1428 1563 1505 1605 rum
1533 1542 1702 1625 angirstias
1732 1543 1930 1626 restringere
1958 1542 2047 1607 velit.
2091 1542 2188 1608 Ultra
2216 1541 2316 1609 rerba
2347 1544 2414 1609 ita-

396 1636 559 1718 aspieiunt
591 1640 625 1696 et
660 1630 837 1714 cupiditate
866 1630 1035 1695 devorant.
1080 1628 1153 1692 Iam
1184 1648 1262 1693 vero
1285 1627 1377 1693 deest
1428 1649 1491 1709 que
1512 1627 1665 1711 progredi
1687 1628 1831 1692 sobriam
1857 1627 1938 1711 legis
1965 1628 2270 1711 interpretationem
2298 1629 2412 1711 palam

396 1721 482 1804 quod
513 1719 726 1802 praecipuum
755 1724 827 1781 erat
853 1715 944 1798 legis.
989 1713 1101 1792 Unde,
1136 1735 1271 1796 quaeso,
1307 1722 1375 1777 tam
1428 1721 1494 1793 est;
1521 1713 1578 1778 sed
1606 1735 1670 1796 quo
1699 1734 1816 1795 usque,
1845 1714 2020 1779 obscurum
2048 1720 2175 1792 manet,
2204 1714 2269 1778 nisi
2291 1714 2411 1783 modus

397 1828 525 1872 crassus
547 1812 677 1886 stupor,
706 1803 770 1867 nisi
797 1800 883 1884 quod
911 1801 1030 1865 omisso
1052 1799 1254 1882 legislatore,
1281 1800 1374 1863 iusti·
1428 1799 1545 1880 aliquis
1572 1799 1716 1864 finiatur.
1760 1799 1860 1864 Hunc
1886 1821 1964 1882 ergo
1992 1798 2127 1863 modum
2155 1802 2318 1883 optimum
2339 1801 2411 1867 fore

395 1893 476 1957 tiam
498 1911 557 1955 suo
579 1890 684 1972 magis
706 1888 839 1973 ingenio
862 1885 1130 1952 accommodant?
1164 1886 1226 1948 His
1248 1886 1375 1950 fortiter
1427 1905 1543 1949 censeo
1573 1885 1600 1949 si
1628 1884 1670 1949 ad
1697 1888 1864 1968 praecepti
1890 1885 2052 1949 rationem
2080 1885 2255 1970 dirigatur3
2288 1908 2412 1971 nempe

396 1977 553 2044 reclamat
571 1974 698 2040 ‘Paulus
717 1974 827 2059 (Rom.
849 1977 877 2052 7,
901 1973 964 2055 14),
989 1973 1157 2036 affirmans
1180 1971 1285 2054 legem
1305 1991 1374 2036 θεεθ
1427 1979 1466 2034 ut
1492 1971 1528 2034 in
1550 1992 1743 2054 unoquoque
1765 1978 1938 2054 praecepto
1960 1969 2181 2053 expendatur,
2211 1977 2270 2038 cui·
2291 1972 2411 2040 datum

299 2116 302 2122 .
396 2063 613 2146 spiritualcm3
636 2083 700 2143 quo
723 2060 896 2144 significat,
919 2078 987 2122 non
1004 2056 1101 2122 modo
1120 2057 1257 2134 animae,
1280 2078 1374 2121 men·
1427 2056 1520 2121 nobis
1553 2057 1660 2121 fuerit.
1716 2057 1871 2139 Exempli
1903 2056 2026 2140 gratia:
2064 2077 2160 2122 omne
2192 2066 2412 2142 praeceptum

395 2150 447 2227 tis,
470 2148 649 2212 voluntatis
672 2146 864 2228 obsequium
886 2145 1027 2227 exigere,
1051 2142 1108 2207 sed
1127 2144 1291 2224 requirere
1315 2164 1374 2207 an·
1428 2151 1486 2206 aut
1506 2143 1737 2225 imperativum
1758 2150 1816 2220 est,
1840 2151 1899 2207 aut
1920 2142 2179 2225 prohibitorium.
2224 2144 2410 2228 Utriusque

393 2235 533 2320 gelioam
560 2234 752 2316 puritatem,
786 2251 869 2312 qnae
902 2228 1053 2294 omnibus
1087 2230 1194 2294 carnis
1223 2228 1373 2294 sordibus
1427 2229 1556 2311 generis
1589 2230 1710 2294 veritas
1743 2229 1856 2293 statim
1889 2229 2040 2307 occurrit,
2078 2228 2106 2294 si
2129 2229 2305 2309 rationem,
2345 2253 2410 2298 ceu

394 2322 542 2388 abstersa
563 2318 648 2383 nihil
668 2339 767 2400 quam
789 2317 939 2399 spiritum
959 2316 1072 2398 sapiat.
1427 2315 1535 2392 finem,
1558 2315 1739 2392 intuemur3
1762 2320 1800 2377 ut
1816 2315 1980 2396 praecepti
2000 2315 2109 2396 quinti
2125 2314 2202 2378 finis
2220 2325 2279 2394 est,
2302 2316 2411 2399 hono·

481 2409 509 2469 7.
555 2404 655 2469 Hunc
694 2424 797 2484 quum
833 2423 904 2467 esse
945 2400 1027 2484 legis
1061 2421 1193 2465 sensum
1226 2398 1372 2477 dicimus,
1427 2420 1495 2462 rem
1519 2421 1590 2464 esse
1611 2401 1653 2465 iis
1675 2399 1878 2464 reddendum
1899 2401 2018 2482 quibus
2040 2421 2117 2465 eum
2139 2401 2290 2465 attribuit
2300 2402 2408 2469 Deus.

394 2515 461 2557 non
493 2513 614 2556 novam
644 2511 686 2554 ex
719 2487 812 2552 nobis
841 2486 1145 2570 interpretationem
1182 2486 1372 2569 ingerimus,
1426 2485 1519 2550 Haec
1540 2487 1645 2569 igitur
1665 2488 1829 2568 praecepti
1856 2507 2000 2563 summa,
2029 2492 2145 2550 rectam
2171 2506 2245 2566 esse,
2274 2488 2410 2571 Deoqac

395 2577 452 2643 sed
475 2576 646 2642 Christum
669 2575 837 2656 sequimur
858 2574 1018 2655 optimum
1047 2571 1130 2655 legis
1159 2572 1373 2652 interpretem
1426 2571 1555 2653 placere
1584 2579 1622 2634 ut
1645 2593 1701 2635 eos
1723 2572 1922 2637 honoremus
1949 2570 2065 2654 quibus
2093 2572 2218 2654 aliquid
2240 2573 2409 2640 excellen-

395 2663 530 2747 (Matth.
553 2668 580 2740 5,
606 2666 643 2724 21
673 2659 785 2745 seqq).
837 2657 951 2740 Quum
979 2657 1066 2721 enim
1099 2656 1272 2721 Pharisaei
1299 2677 1373 2738 per·
1429 2658 1492 2722 tiae
1513 2656 1653 2741 largitus
1676 2666 1740 2736 est;
1771 2664 1995 2740 contemptum
2023 2665 2058 2722 et
2085 2660 2324 2725 contumaciam
2347 2660 2410 2726 ad·

394 2770 491 2814 versa
512 2748 665 2831 opinione
686 2745 846 2829 populum
862 2743 1065 2821 imbuissent,
1087 2743 1193 2826 legem
1219 2743 1373 2824 perficere
1426 2764 1542 2807 versus
1565 2764 1632 2822 eos,
1656 2744 1891 2808 abominationi
1913 2764 1992 2809 esse.
2036 2743 2142 2808 Primi
2164 2747 2332 2829 praecepti
2352 2766 2411 2812 ra-

394 2835 449 2917 qui
470 2841 606 2898 externo
624 2853 720 2914 opere
738 2831 822 2895 nihil
843 2830 1001 2895 adversus
1018 2829 1126 2911 legem
1143 2835 1371 2911 perpetrasset,
1426 2829 1472 2892 tio
1495 2835 1552 2908 est,
1576 2837 1614 2893 ut
1631 2830 1724 2894 Deus
1742 2829 1831 2894 solus
1849 2830 1983 2895 colatur.
2029 2826 2171 2895 Summa
2187 2831 2291 2915 igitur
2310 2852 2410 2915 prae-

394 2921 484 2984 hunc
509 2918 823 3002 periculosissimum
848 2936 991 2980 errorem
1014 2915 1138 2998 arguit,
1169 2922 1202 2978 et
1231 2912 1372 2996 impudi-
1426 2915 1511 2997 cepti
1533 2915 1597 2978 erit
1617 2936 1729 2981 reram
1751 2917 1916 2998 pietatem,
1938 2915 2001 2980 hoo
2023 2923 2074 2989 θεῖ
2095 2916 2243 2982 numinis
2265 2919 2316 2983 sui
2334 2918 2409 2983 cul-

396 3028 470 3072 oum
503 3005 649 3070 mulieris
679 3009 847 3086 aspectum
872 3002 1104 3067 scortationem
1134 3021 1205 3064 esse
1226 3021 1372 3082 pronun·
1425 3007 1499 3063 tum
1519 2999 1591 3064 Deo
1613 3000 1702 3066 cordi
1721 3022 1805 3079 esse,
1828 3001 2029 3084 impietatem
2054 3002 2245 3066 abominari.
2290 3000 2347 3069 Sic
2367 3005 2410 3069 in

395 3093 468 3171 tiat3
491 3089 671 3156 homicidas
692 3095 832 3154 testatur
858 3087 1044 3170 quicunque
1071 3085 1209 3151 fratrem
1230 3085 1372 3165 oderint;
1426 3085 1564 3170 singulis
1592 3088 1774 3170 praeceptis
1799 3087 2037 3171 inspiciendum
2061 3109 2125 3170 qua
2148 3087 2187 3152 de
2208 3109 2244 3153 re
2309 3095 2408 3171 atur;

393 3178 471 3243 facit
497 3177 587 3241 enim
609 3196 681 3239 reos
709 3174 831 3239 iudicio
858 3174 915 3256 qui
943 3172 996 3237 vel
1019 3173 1104 3235 iram
1127 3172 1236 3235 animo
1258 3191 1373 3237 conce-
1426 3170 1544 3236 deinde
1560 3172 1767 3255 quaerendus
1784 3174 1870 3252 finis,
1889 3174 1992 3239 donec
2008 3174 2209 3256 reperiamus
2226 3173 2282 3255 qui
2326 3196 2410 3258 pro-

392 3264 510 3346 perint,
535 3284 607 3327 reos
630 3260 763 3326 consilio
785 3259 844 3342 qui
865 3256 1103 3322 murmurando
1125 3264 1182 3321 aut
1203 3256 1372 3323 fremendo
1425 3258 1496 3340 prie
1522 3258 1589 3324 illic
1617 3265 1757 3324 testetur
1778 3258 1840 3324 sibi
1861 3260 1990 3342 placere
2013 3259 2183 3343 lepislotom
2212 3258 2266 3325 vel
2288 3259 2410 3345 displi-

393 3349 536 3432 aliquam
557 3348 673 3413 offensi
695 3347 797 3410 animi
818 3344 1093 3427 significationem
1116 3342 1275 3420 dederint,
1300 3363 1373 3408 reos
1426 3364 1508 3409 cere.
1552 3345 1699 3409 Demum
1725 3344 1766 3410 ab
1794 3366 1832 3409 eo
1859 3349 1929 3428 ipso
1959 3345 2000 3409 ad
2030 3345 2233 3410 contrarium
2254 3343 2413 3414 ducenda

393 3435 566 3518 gehennae
598 3433 685 3518 ignis
723 3432 779 3515 qui
819 3430 975 3495 conviciis
1015 3436 1048 3493 et
1080 3428 1307 3495 maledicentia
1337 3429 1373 3492 in
1426 3429 1646 3510 ratiocinatio,
1680 3430 1714 3494 in
1742 3430 1832 3495 huno
1859 3430 2009 3496 modum:
2044 3432 2072 3495 si
2099 3431 2208 3514 placet
2237 3431 2300 3497 hoo
2323 3433 2411 3515 Deo,

393 3529 542 3604 apertam
563 3521 647 3585 iram
669 3518 877 3602 prosilierint.
923 3516 1016 3580 Haeo
1037 3515 1092 3597 qui
1113 3537 1180 3580 non
1207 3513 1371 3594 viderrmt,
1426 3517 1627 3581 contrarium
1655 3515 1818 3599 displicet;
1852 3518 1879 3582 si
1913 3517 1976 3581 hoo
1989 3509 2167 3599 'displicet
2200 3519 2414 3586 contrarium

391 3608 564 3671 finxerunt
586 3605 758 3671 Ohristum
780 3603 921 3667 alterum
942 3601 1073 3679 Mosen,
1101 3601 1183 3684 legis
1206 3600 1372 3684 evangeli·
1426 3602 1549 3684 placet,
1580 3603 1609 3667 si
1636 3602 1698 3667 hoc
1719 3602 1891 3685 praecipit,
1921 3604 2125 3669 contrarium
2152 3608 2257 3683 vetat3
2291 3605 2319 3670 si
2344 3605 2412 3673 hoo

395 3715 452 3757 cae
473 3693 621 3770 latorem,
644 3712 727 3773 quae
749 3689 912 3755 defectum
940 3686 1102 3752 mosaicae
1128 3687 1218 3752 illius
1240 3687 1372 3769 supple·
1425 3694 1525 3766 vetat,
1549 3687 1751 3753 contrarium
1773 3689 1941 3772 praecipit.

393 3778 487 3840 verit.
532 3776 629 3843 Unde
651 3776 733 3841 illud
761 3775 933 3859 vulgatum
961 3774 1090 3838 axioma
1113 3771 1153 3837 de
1174 3773 1373 3855 perfectione
1513 3778 1541 3837 9.
1587 3771 1683 3854 Quod
1705 3796 1793 3839 nunc
1815 3776 2014 3841 subobscure
2032 3774 2215 3858 attingitur,
2238 3777 2325 3841 inter
2346 3796 2410 3843 ex·

393 3862 476 3944 legis
498 3862 714 3944 evangelicae,
737 3882 820 3944 quae
842 3861 949 3945 legem
973 3865 1119 3925 veterem
1145 3858 1243 3943 longo
1271 3859 1373 3922 inter·
1424 3859 1577 3944 ponenda
1609 3868 1783 3942 praecepta
1818 3861 2036 3926 clarissimum
2068 3862 2140 3945 ipsa
2172 3860 2411 3929 exercitatione

393 3946 480 4012 vallo
503 3954 641 4028 superet.
687 3946 784 4027 Quod
805 3946 919 4011 multis
941 3944 1049 4009 modis
1071 3951 1121 4009 est
1138 3945 1372 4027 perniciosissi·
1425 3947 1490 4009 fiet
1536 3943 1648 4025 Quare
1669 3946 1791 4011 sufficit
1812 3947 1974 4030 attigisse3
2002 3946 2068 4011 nisi
2094 3946 2181 4030 quod
2203 3953 2412 4031 postremum

393 4053 496 4096 mum.
540 4031 628 4096 Nam
657 4055 698 4097 ex
725 4034 795 4115 ipso
817 4032 926 4110 Mose,
961 4031 1019 4096 ubi
1044 4039 1157 4113 postea
1184 4037 1373 4113 praecepto·
1426 4031 1624 4110 membmm,
1651 4031 1739 4114 quod
1761 4033 1814 4097 vel
1837 4033 1956 4116 alioqui
1977 4053 2045 4098 non
2065 4033 2321 4118 intelligeretur,
2351 4035 2411 4102 rel

395 4139 471 4182 rum
499 4138 662 4183 summam
694 4117 898 4200 colligemus,
929 4116 1054 4200 patebit
1080 4139 1180 4200 quam
1201 4116 1373 4200 indignam
1426 4117 1630 4182 intellectum
1653 4119 1764 4182 forsan
1786 4120 1945 4184 absonum
1965 4120 2058 4183 initio
2075 4118 2180 4184 videri
2202 4128 2320 4204 posset,
2343 4142 2410 4188 sua

395 4203 628 4270 contumeliam
666 4203 797 4267 divinae
834 4203 900 4286 legi
939 4204 1059 4267 inurat.
1113 4204 1253 4268 Petrum
1285 4209 1373 4268 certe
1425 4203 1615 4286 probatione
1637 4204 1780 4269 breviter
1802 4205 2065 4270 confirmandum
2087 4206 2159 4270 erit
2203 4206 2410 4273 Probatione

395 4289 646 4356 sanctimoniam
668 4310 736 4353 non
758 4288 871 4370 procul
901 4288 941 4352 ab
963 4288 1128 4373 hypocrisi
1157 4289 1299 4354 abfuisse
1321 4289 1372 4352 iu·
1425 4289 1508 4354 illud
1535 4311 1603 4354 non
1630 4297 1716 4374 eget:
1751 4291 1830 4355 dum
1857 4292 1980 4356 bonum
2007 4291 2155 4370 iubetur,
2184 4293 2290 4358 vetari
2317 4291 2424 4375 quod-

395 4377 513 4454 sinuat,
535 4395 657 4457 nosque
680 4374 720 4438 ab
742 4394 809 4438 una
830 4374 887 4437 illa
916 4380 949 4436 et
978 4382 1136 4456 perpetua
1156 4375 1299 4440 iustitiae
1321 4396 1373 4439 re-
1426 4397 1502 4441 eum
1531 4396 1568 4439 eo
1593 4384 1721 4460 pugnat
1746 4377 1885 4456 malum;
1919 4398 2015 4442 nemo
2051 4385 2101 4443 θεῖ
2128 4379 2217 4442 enim
2248 4378 2305 4460 qui
2333 4399 2411 4443 non

395 4462 472 4546 gula
502 4460 642 4527 deducit.
694 4458 867 4525 Facillime
894 4467 1005 4522 autem
1037 4467 1087 4524 est
1112 4460 1232 4525 erroris
1261 4461 1373 4525 confu-
1426 4459 1590 4527 concedat
1635 4463 1797 4545 Imperari
1824 4484 1951 4545 quoque
1981 4464 2144 4529 contraria
2170 4464 2287 4541 officia,
2322 4461 2411 4530 dum

396 4549 491 4613 tatio:
526 4547 613 4630 quod
640 4553 800 4631 putarunt
829 4543 1001 4610 Christum
1034 4545 1102 4629 legi
1129 4546 1282 4622 adiicere,
1316 4546 1373 4610 ubi
1426 4547 1514 4611 mala
1545 4555 1715 4627 rotantur,
1738 4570 1819 4613 -non
1852 4550 2033 4632 aegerrime
2065 4550 2199 4632 recipiet
2229 4569 2411 4617 commune

396 4654 474 4697 suae
501 4640 633 4705 tantum
668 4631 851 4715 integritati
883 4630 1042 4709 restituit,
1075 4630 1154 4695 dum
1178 4631 1373 4696 Pharisaeo-
1425 4633 1593 4698 iudicium
1638 4634 1789 4699 Virtutes
1817 4634 1949 4717 quidem
1979 4636 2214 4714 commendari,
2241 4634 2321 4702 dum
2343 4635 2411 4702 ad·

396 4739 473 4782 rum
492 4718 673 4785 mendaciis
695 4717 901 4783 obscuratam
924 4723 957 4780 et
979 4716 1138 4781 fermento
1167 4717 1374 4799 inquinatam
1426 4740 1523 4783 versa
1542 4719 1624 4784 vitia
1646 4719 1855 4799 damnantur,
1884 4720 2019 4803 vulgare
2042 4729 2100 4787 est
2147 4720 2215 4789 Sed
2240 4742 2301 4787 nos
2328 4722 2410 4805 plus

396 4805 514 4869 asserit
535 4811 568 4870 θῖ
589 4810 754 4887 repurgat.
1426 4804 1548 4887 aliquid
1585 4806 1789 4888 postulamus
1827 4826 1928 4888 quam
1960 4806 2062 4891 vulgo
2100 4808 2287 4893 significent
2320 4806 2410 4874 istae

483 4893 511 4953 8.
557 4889 650 4956 Haec
682 4888 776 4954 nobis
815 4886 959 4954 secunda
992 4886 1036 4950 sit
1067 4887 1264 4968 observatio,
1297 4889 1373 4972 plus
1426 4889 1595 4955 formulae.
1649 4890 1859 4965 Contrariam
1891 4892 1979 4956 enim
2012 4893 2092 4957 vitio
2129 4894 2302 4972 virmtem,
2337 4893 2412 4962 fere
2439 4941 2450 4955 ,

397 4975 503 5041 inesse
520 4994 650 5057 semper
666 4977 701 5038 in
719 4973 901 5058 praeceptis
919 4995 956 5039 ac
978 4972 1160 5039 interdictis
1183 4995 1282 5055 quam
1298 4997 1373 5040 ver·
1426 4977 1686 5058 interpretantur
1718 4977 1791 5041 vitii
1824 4978 1927 5061 ipsius
1955 4979 2203 5060 abstinentiam;
2236 5001 2297 5044 nos
2331 4999 2412 5046 eam

399 5060 449 5125 bis
472 5059 690 5143 exprimatur:
719 5060 806 5143 quod
832 5069 944 5125 tamen
973 5059 1019 5125 sic
1041 5058 1292 5142 temperandum
1313 5067 1372 5140 est,
1426 5061 1515 5125 ultra
1535 5060 1709 5143 procedere
1736 5061 1890 5143 dicimus,
1918 5063 1959 5129 ad
1977 5065 2084 5131 officia
2111 5065 2235 5131 scilicet
2255 5066 2411 5218 factaqp?

396 5169 439 5212 ne
460 5147 504 5212 sit
524 5145 618 5210 nobis
638 5146 744 5211 instar
765 5146 886 5212 lesbiae
906 5145 1052 5230 regulae,
1077 5167 1142 5229 qua
1163 5146 1248 5225 freti,
1272 5146 1374 5229 scrip·
1427 5148 1600 5212 contraria.
1651 5148 1767 5231 Itaque
1794 5150 1830 5213 in
1859 5150 1921 5216 hoc
1950 5159 2136 5235 praecepto:
2170 5173 2238 5216 non
2267 5152 2336 5217 occi
2400 5203 2410 5233 ,

396 5240 507 5298 turam
528 5232 697 5298 licentiose
718 5237 978 5314 contorquentes,
1001 5230 1170 5313 quodlibet
1191 5252 1209 5294 e
1231 5231 1375 5315 qholibot
1427 5254 1543 5299 sensus
1564 5233 1736 5298 hominum
1757 5237 1940 5302 communis
1962 5237 2047 5302 nihil
2069 5236 2158 5302 aliud
2174 5236 2411 5319 considerabit,

397 5318 564 5385 faciamus.
614 5315 757 5383 Facirint
789 5319 877 5382 enim
902 5317 1036 5400 quidam
1071 5317 1133 5384 hoc
1160 5317 1375 5383 immoderata
1427 5340 1526 5402 quam
1558 5318 1599 5384 ab
1632 5322 1720 5384 omni
1751 5322 1911 5388 maleficlo
1945 5343 1982 5387 ao
2015 5322 2241 5389 malefaciendi
2269 5322 2413 5392 libidine

397 5403 595 5470 excurrendi
625 5402 791 5482 libertate,
825 5410 863 5467 ut
892 5403 979 5486 apud
1010 5403 1091 5469 alios
1123 5404 1261 5470 vilescat
1292 5404 1375 5488 logis
1428 5404 1658 5470 abstinendum
1686 5427 1765 5473 esse.
1819 5409 1893 5492 Ego
1923 5415 2092 5491 praeterea
2121 5408 2281 5476 contineri
2323 5408 2413 5493 dioo,

398 5493 570 5570 autoritas,
599 5489 671 5556 aliis
700 5511 773 5572 spes
800 5488 1037 5572 intelligentiae
1064 5488 1221 5555 concidat.
1266 5490 1376 5573 Igitur
1427 5497 1466 5555 ut
1486 5490 1629 5575 proximi
1649 5493 1751 5558 ritem
1773 5495 1890 5577 quibus
1911 5496 2073 5578 possimus
2095 5495 2247 5561 subsidiis
2269 5494 2414 5564 adiure-

398 5575 428 5640 si
448 5576 521 5640 fieri
541 5583 660 5657 potest,
691 5572 837 5640 ineunda
858 5581 907 5638 est
935 5575 994 5639 via·
1017 5575 1127 5658 aliqua
1146 5597 1229 5659 quae
1252 5597 1311 5640 nos
1333 5573 1375 5638 ad
1427 5598 1509 5644 mus.
1564 5579 1614 5643 Ao
1646 5600 1688 5643 ne
1721 5580 1791 5645 sinc
1824 5580 1949 5645 ratione
1981 5581 2110 5664 loquar,
2150 5580 2198 5646 ita
2231 5583 2412 5650 confirmo:

397 5659 463 5724 Dei
500 5660 703 5726 voluntatem
741 5666 829 5725 recto
862 5679 900 5723 ac
938 5657 1040 5724 solido
1074 5672 1190 5746 gressu
1224 5660 1373 5729 deducat
1427 5663 1520 5730 Deus
1548 5671 1639 5730 vetat
1666 5665 1788 5731 iniuria
1815 5665 1951 5731 fratrem
1977 5665 2062 5732 laedi
2085 5674 2144 5732 aut
2165 5666 2297 5746 violari,
2328 5662 2426 5754 quia¹
