5600 6809
397 747 477 807 1115

394 952 478 1008 eum,
501 927 557 993 Ι611
578 928 647 994 dies
668 929 739 991 eius
760 929 889 994 venerit
906 933 944 991 ut
962 928 1128 1005 moriatur,
1148 934 1206 992 aut
1226 928 1263 990 in
1280 948 1373 1009 proe-

393 1017 475 1082 lium
508 1013 726 1079 descenderit:
762 1013 848 1079 absit
875 1034 894 1076 a
921 1035 974 1078 me
1007 1020 1046 1077 ut
1076 1013 1209 1076 mittam
1236 1035 1372 1077 manum

393 1121 501 1166 meam
521 1101 556 1164 in
578 1096 740 1165 christum
760 1098 906 1164 Domini.

479 1189 528 1250 29.
567 1186 669 1249 Hunc
686 1186 891 1251 reverentiae
908 1192 1006 1266 atque
1025 1183 1104 1247 adeo
1124 1185 1255 1266 pietatis
1273 1183 1371 1249 affec·

393 1280 466 1337 tum
488 1270 642 1337 debemus
661 1269 702 1334 ad
721 1279 905 1336 extremum
926 1271 1100 1352 praefectis
1123 1272 1244 1336 nostris
1266 1270 1372 1333 omni·

393 1358 463 1436 bus,
488 1357 599 1439 quales
617 1357 749 1421 tandem
772 1377 899 1438 cunque
921 1356 997 1420 sint.
1033 1353 1130 1435 Quod
1149 1357 1278 1438 saepius
1299 1355 1372 1419 ideo

393 1451 514 1526 repeto,
533 1451 572 1507 ut
589 1443 751 1507 discamus
770 1464 835 1506 non
853 1442 1004 1506 homines
1021 1442 1109 1522 ipsos
1132 1454 1294 1518 excutere,
1315 1441 1371 1505 sed

393 1530 475 1596 satis
496 1529 690 1605 habeamus,
713 1527 799 1610 quod
821 1549 909 1605 eam,
931 1527 1101 1592 voluntate
1123 1528 1274 1606 Domini,
1297 1549 1371 1608 per-

394 1637 510 1681 sonam
538 1615 720 1679 sustineant
747 1613 799 1677 cui
826 1612 1050 1677 inviolaln'lem
1081 1614 1287 1677 maiestatem
1310 1613 1371 1676 im-

393 1701 513 1785 pressit
533 1701 604 1783 ipse
626 1707 659 1763 et
680 1699 862 1781 insculpsit.
903 1700 950 1762 At
971 1706 1112 1777 mutuas,
1134 1699 1272 1781 inquies,
1295 1698 1372 1763 sub-

394 1787 472 1852 ditis
495 1786 562 1851 suis
584 1785 671 1850 vices
695 1785 814 1850 debent
842 1784 1006 1866 praefecti.
1052 1784 1092 1847 Id
1111 1785 1178 1848 iam
1206 1785 1371 1850 confessus

394 1895 477 1939 sum.
521 1872 649 1936 Verum
671 1871 699 1936 si
722 1893 763 1935 61
785 1892 823 1934 66
845 1870 976 1949 statuis,
1005 1891 1073 1933 161
1094 1871 1159 1934 1161
1186 1872 1282 1935 iustis
1309 1870 1371 1933 im·

393 1958 493 2042 periis
515 1954 723 2040 rependenda
745 1956 909 2038 obsequia,
933 1955 1129 2020 insulenses
1151 1957 1370 2020 ratiocinator.

393 2044 481 2109 Nam
503 2050 536 2108 61
554 2044 617 2108 viri
639 2041 805 2121 uxoribus,
825 2049 858 2106 et
874 2040 986 2106 liberis
1007 2050 1160 2123 parentes
1182 2043 1306 2106 mutuis
1325 2042 1372 2104 of-

1042 734 1309 806 INSTITUTIO
1330 738 1436 803 REIa
1459 735 1640 803 OHRIST.
1665 666 1757 802 1551.

2327 742 2415 805 1116

1428 928 1645 1010 cogitantium
1667 935 1701 992 et
1723 926 1813 990 aliud
1834 927 2038 991 molientium
2059 926 2231 991 hominum
2253 926 2413 993 6616611-

1427 1024 1492 1076 nat
1531 1011 1588 1078 Sic
1609 1012 1768 1095 populum
1791 1012 1895 1076 Israel
1913 1035 1931 1077 e
1950 1012 2125 1096 tyrannide
2146 1013 2332 1078 Pharaonis
2350 1035 2413 1096 per

1426 1098 1558 1177 Mosen;
1587 1120 1605 1162 e
1626 1098 1783 1163 violentia
1805 1097 1953 1162 Chusam
1972 1099 2060 1180 regis
2081 1097 2198 1183 Syriae
2220 1097 2413 1182 16101116-

1426 1185 1507 1262 niel;
1536 1207 1578 1248 61
1600 1184 1672 1249 aliis
1701 1184 1844 1248 servitiis
1872 1205 1929 1266 per
1952 1184 2106 1248 61166161
2130 1205 2224 1268 roges
2246 1185 2300 1249 161
2322 1185 2411 1250 1111-

1426 1291 1479 1334 ces
1500 1271 1535 1333 in
1556 1270 1743 1335 libertatem
1766 1271 1913 1335 assumit.
1959 1267 2015 1335 Sic
2038 1271 2117 1354 Tyri
2140 1269 2328 1353 superbiam
2348 1293 2412 1353 per

1426 1356 1624 1440 Aegyptios,
1659 1356 1705 1421 sic
1727 1356 1967 1439 Aegyptiorum
1989 1355 2199 1420 insolentiam
2221 1377 2281 1439 per
2301 1357 2410 1442 Assy-

1425 1442 1508 1520 rios,
1530 1443 1743 1524 Assyriorum
1762 1442 1917 1506 ferociam
1938 1462 1998 1522 per
2020 1440 2216 1520 Chaldaeos,
2241 1443 2411 1507 confiden-

1426 1527 1507 1591 tiam
1529 1525 1710 1611 Babylonis
1731 1548 1790 1611 per
1812 1527 1926 1591 Medos
1949 1534 1981 1590 61
2001 1527 2122 1592 Persas
2143 1527 2284 1605 domuit,
2309 1549 2411 1610 quum

1425 1614 1492 1677 iam
1524 1612 1636 1677 Medos
1670 1612 1771 1696 Cyrus
1800 1612 2002 1696 sabiupaeset.
2046 1614 2179 1696 Regum
2211 1635 2289 1679 1616
2322 1614 2411 1679 1116

1426 1706 1459 1763 61
1487 1698 1592 1763 161661
1618 1698 1889 1782 ingratitudinem
1915 1705 1949 1763 61
1975 1720 2054 1781 erga
2081 1706 2131 1779 tot
2159 1719 2219 1762 sua
2247 1700 2410 1766 beneficia

1426 1785 1561 1866 impiam
1589 1785 1826 1849 contumaciam
1853 1806 1941 1849 nunc
1963 1806 2023 1866 per
2041 1785 2213 1869 Assyrios,
2236 1807 2326 1850 nunc
2348 1807 2409 1868 per

1426 1869 1627 1954 Babylonios
1651 1870 1799 1935 contudit
1826 1870 2013 1949 6161111111,
2043 1891 2232 1953 quanquam
2255 1893 2323 1934 161
2351 1893 2408 1936 ea-

1426 1955 1501 2019 dem
1530 1956 1640 2020 omnia
1670 1957 1806 2020 ratione.
1850 1955 1983 2020 Priores
2014 1956 2103 2019 enim
2129 1956 2175 2020 illi
2204 1956 2334 2038 quando
2363 1957 2408 2021 ad

1426 2041 1552 2106 edenda
1574 2042 1651 2105 talia
1671 2043 1817 2106 facinora
1847 2041 1995 2125 legitima
2014 2039 2078 2105 Dei
2101 2042 2271 2106 vocatione
2293 2062 2404 2108 66661-

393 2131 476 2196 ficiis
498 2129 735 2213 astringuntur.
776 2125 957 2193 Discedunt
980 2126 1020 2191 ab
1042 2127 1147 2191 officio
1165 2134 1318 2210 parentes
1339 2135 1373 2190 et
1426 2129 1480 2191 siti
1503 2136 1606 2205 erant,
1629 2129 1665 2190 in
1686 2149 1781 2210 reges
1799 2147 1892 2190 arma
1908 2127 2058 2191 sapaudo
2079 2127 2215 2191 minime
2236 2127 2407 2194 violabant

394 2215 519 2294 mariti;
545 2215 594 2278 illi
612 2215 739 2294 liberis,
763 2235 846 2296 quos
867 2212 1083 2295 prohibentur
1105 2212 1147 2276 ad
1168 2211 1372 2277 iracundiam
1426 2235 1515 2291 eam,
1548 2235 1631 2295 quae
1664 2213 1776 2278 divina
1807 2211 2012 2276 ordinatione
2044 2213 2177 2295 regibus
2209 2211 2317 2277 indita
2343 2225 2405 2293 est,

394 2321 572 2384 provocare
595 2299 696 2384 (Eph.
719 2303 754 2378 6,
774 2299 826 2383 4),
850 2299 897 2363 616
919 2319 954 2362 66
977 2297 1075 2363 11166
1097 2307 1130 2362 61
1151 2297 1372 2364 intractabiles
1425 2301 1646 2377 maiestatem;
1669 2299 1727 2363 sed
1749 2320 1764 2362 6
1785 2298 1862 2362 coelo
1884 2298 2000 2361 armati
2021 2299 2184 2362 minorem
2209 2306 2406 2381 potestatam

394 2387 579 2469 praebeant,
602 2393 641 2450 ut
663 2407 722 2450 sua
744 2406 799 2449 eos
819 2384 1007 2448 morositate
1034 2384 1122 2447 ultra
1145 2384 1278 2448 modum
1299 2385 1372 2447 fati·
1426 2386 1548 2448 maiore
1574 2384 1782 2467 coercebant,
1810 2383 1945 2467 perinde
1966 2405 2004 2447 ac
2025 2384 2059 2448 in
2083 2406 2158 2449 suos
2181 2391 2330 2467 satrapas
2351 2405 2406 2449 re·

395 2479 486 2556 gent;
509 2472 546 2536 hi
565 2493 639 2537 suas
658 2491 786 2548 116166,
806 2490 888 2553 quas
899 2468 1046 2552 diligere,
1070 2481 1104 2533 et
1126 2468 1253 2552 quibus,
1277 2492 1335 2534 seu
1348 2469 1372 2554 ¹)
1427 2470 1522 2553 gibus
1544 2469 1804 2535 animadvertere
1828 2469 1913 2533 licet.
1970 2469 2018 2533 Hi
2045 2470 2178 2534 tametsi
2204 2469 2269 2534 Dei
2290 2492 2405 2549 manu,

393 2557 536 2624 vasculis
568 2554 747 2639 fragilibus,
775 2576 907 2637 parcere
940 2555 1094 2619 iubentur
1127 2556 1228 2640 (Eph.
1255 2561 1289 2632 5,
1316 2559 1371 2635 25;
1426 2578 1489 2638 quo
1518 2556 1567 2619 illi
1599 2557 1709 2621 visum
1737 2562 1822 2632 erat,
1857 2553 2120 2633 destinabantur,
2155 2576 2300 2638 opusque
2333 2558 2406 2622 eius

397 2648 412 2705 l
431 2643 522 2706 Petr.
544 2646 572 2717 3,
592 2640 636 2725 7),
660 2640 986 2706 contumeliosissime
1009 2642 1178 2722 accipiant,
1201 2661 1244 2706 an
1261 2642 1372 2705 minus
1426 2642 1600 2707 inscientes
1617 2639 1824 2724 peragebant,
1843 2641 1926 2704 nihil
1945 2648 2056 2705 tamen
2075 2641 2166 2705 aliud
2184 2642 2293 2707 animo
2305 2663 2406 2725 quam

393 2735 506 2792 tamen
533 2734 566 2792 et
594 2726 785 2809 parentibus
813 2724 906 2789 liberi
935 2733 969 2789 et
997 2726 1189 2810 coniugibus
1217 2727 1372 2792 mulieres
1427 2728 1532 2792 scelus
1554 2727 1755 2792 volutabant.

393 2814 610 2895 obsequentes
627 2811 744 2876 erunt?
775 2812 822 2874 At
843 2810 1000 2893 improbis
1020 2834 1146 2895 quoque
1164 2820 1197 2876 et
1214 2813 1372 2877 inofficio-
1512 2818 1561 2877 31.
1607 2814 1735 2877 Verum
1756 2821 1920 2894 utcunque
1941 2814 2012 2896 ipsa
2033 2811 2206 2876 hominum
2224 2813 2311 2878 facta
2328 2837 2403 2878 661-

393 2899 439 2964 sis
462 2897 686 2963 subiiciuntur.
732 2895 835 2977 Quin,
858 2918 960 2979 quum
986 2897 1137 2961 omnibus
1160 2897 1249 2962 istud
1271 2920 1372 2981 agen·
1426 2909 1574 2977 scantur,
1603 2899 1766 2963 Dominus
1793 2906 1904 2962 tamen
1926 2920 1985 2980 per
2007 2919 2047 2962 ea
2068 2920 2165 2963 suum
2191 2920 2292 2981 aeque
2320 2921 2401 2982 opus

393 2982 472 3048 dum
494 2983 538 3048 sit
557 2983 675 3066 potius,
697 3004 740 3046 ne
761 2983 797 3045 in
818 2984 996 3048 manticam
1018 3003 1037 3046 a
1058 2992 1151 3066 tergo
1173 2982 1372 3066 pendentem
1425 2985 1673 3068 exsequebatur,
1697 3006 1798 3067 quum
1819 2984 2168 3067 sanguinariaregum
2191 2984 2400 3049 insolentium

393 3075 587 3152 respectent,
610 3069 672 3134 hoo
693 3076 751 3144 est,
775 3090 818 3132 ne
840 3067 896 3131 alii
914 3068 949 3131 in
971 3068 1111 3132 aliorum
1132 3070 1303 3152 inquirant
1324 3071 1371 3135 of·
1425 3078 1553 3153 sceptra
1582 3071 1817 3154 confringeret,
1847 3091 1885 3135 ac
1911 3069 2134 3134 intolerandas
2164 3069 2401 3136 dominationes

393 3156 482 3235 ficia,
509 3155 566 3220 661
594 3154 679 3238 quod
701 3154 753 3218 611
775 3160 826 3218 661
847 3152 1007 3231 muneris',
1035 3155 1070 3218 id
1092 3155 1153 3220 sibi
1173 3177 1276 3219 unum
1303 3157 1371 3221 sin-
1424 3164 1593 3221 everteret.
1639 3155 1785 3220 Audiant
1805 3156 1979 3239 principes,
2002 3163 2035 3221 et
2058 3162 2253 3219 terreantur.
2298 3154 2402 3220 Nobis

394 3240 464 3390 guli
486 3240 673 3307 subiiciunt:
703 3239 736 3303 id
757 3261 834 3304 1616
855 3240 943 3304 inter
966 3260 1020 3304 666
1041 3242 1234 3322 praesertim
1261 3242 1371 3307 valere
1424 3250 1536 3307 autem
1557 3243 1693 3307 interim
1715 3263 1919 3324 summopere
1942 3241 2134 3319 cavendum,
2157 3263 2199 3305 ne
2220 3241 2312 3306 illam
2333 3242 2404 3325 ple·

417 3327 475 3391 ebe

476 3335 490 3389 t
511 3327 567 3409 qui
588 3325 650 3390 sub
671 3325 812 3390 aliorum
829 3333 907 3389 sunt
927 3332 1090 3409 potestate
1111 3327 1218 3408 positi
1260 3326 1371 3408 Quare
1425 3350 1505 3393 nam
1525 3327 1732 3393 venerandae
1758 3328 1939 3391 maiestatis
1961 3328 2215 3409 magistratuum
2243 3329 2405 3393 autorita-

395 3413 423 3478 si
456 3434 476 3477 a
508 3433 605 3478 saevo
636 3412 782 3494 principe
820 3411 996 3477 crudehter
1036 3419 1242 3495 torquemur,
1273 3415 1301 3478 si
1330 3414 1371 3478 ab
1425 3422 1502 3493 tem,
1525 3436 1624 3496 quam
1646 3416 1738 3478 Deus
1764 3413 1967 3496 gravissimis
1989 3412 2103 3478 edictis
2126 3413 2251 3492 sanxit,
2273 3414 2405 3479 etiamsi

394 3517 492 3563 avaro
522 3505 580 3562 611
604 3497 773 3562 luxurioso
801 3496 962 3580 rapaciter
989 3497 1186 3580 expilamur,
1209 3501 1237 3563 si
1259 3498 1299 3563 ab
1322 3501 1371 3583 ig·
1424 3500 1513 3583 apud
1529 3498 1772 3583 indignissimos
1789 3499 1938 3578 resideat,
1957 3505 1991 3564 61
2007 3499 2063 3581 qui
2081 3520 2154 3562 eam
2172 3520 2230 3563 sua
2247 3500 2403 3581 nequitia,

394 3604 480 3649 navo
508 3583 722 3667 negligimur,
751 3583 786 3648 si‘
801 3582 842 3647 ab
863 3583 964 3666 impio
993 3582 1131 3667 denique
1159 3594 1192 3650 et
1214 3585 1371 3668 sacrilego
1424 3594 1584 3668 quantum
1605 3587 1640 3649 in
1662 3608 1697 3650 se
1719 3594 1781 3664 est,
1809 3584 1974 3668 polluunt,
2003 3605 2195 3667 spernamus
2223 3593 2280 3649 aut
2299 3586 2404 3650 viole-

394 3689 554 3736 vexamur
586 3670 626 3734 ob
653 3670 822 3751 pietatem,
859 3669 973 3733 subeat
1005 3670 1148 3752 primum
1179 3671 1373 3735 delictorum
1426 3693 1510 3736 mus.
1554 3672 1668 3753 Neque
1696 3672 1797 3750 enim,
1821 3671 1849 3736 si
1871 3670 1951 3734 ultio
1975 3670 2109 3735 Domini
2130 3677 2181 3735 est
2204 3670 2405 3736 effraenatae

394 3762 581 3821 nostrorum
608 3755 802 3835 recordatio,
825 3776 908 3837 quae
930 3755 1049 3820 tahbus
1072 3756 1161 3820 haud
1183 3756 1281 3821 dubie
1303 3758 1372 3822 Do·
1428 3756 1658 3821 dominationis
1686 3757 1860 3835 correctio,
1890 3755 1963 3820 1166
1992 3757 2141 3838 protinus
2170 3756 2405 3823 demandatam

395 3841 478 3904 mini
498 3841 636 3924 flagellis
658 3843 870 3924 castigantur.
916 3841 996 3905 Iade
1018 3841 1183 3907 humilitus
1210 3845 1373 3923 impetien-
1425 3844 1517 3908 nobis
1545 3842 1755 3907 arbitremur:
1791 3841 1908 3926 quibus
1942 3842 2070 3906 nullum
2103 3841 2191 3905 aliud
2218 3862 2317 3923 quam
2344 3866 2404 3926 pa-

394 3927 639 3993 1666661161
669 3927 833 4008 fraeaebit.
879 3925 1057 3993 Succurrat
1092 3927 1209 3993 deinde
1236 3940 1270 3993 et
1291 3930 1372 3994 haec
1425 3928 1521 3992 rendi
1543 3936 1576 3992 et
1597 3926 1743 4011 patiendi
1772 3928 1885 3993 datum
1903 3936 1953 3992 est
1975 3927 2174 3992 mandatum.
2220 3927 2272 3992 De
2290 3929 2404 4012 priva-

395 4014 562 4095 eogitatio,
591 4033 656 4076 non
683 4020 834 4077 nostrum
856 4034 943 4091 esse,
971 4012 1159 4079 huiusmodi
1186 4014 1372 4079 116116116-
1425 4015 1468 4078 tis
1490 4014 1677 4079 hominibus
1699 4036 1827 4097 sempor
1843 4014 1964 4098 loquor.
1995 4014 2082 4078 Nam
2101 4010 2202 4096 siqui
2222 4035 2312 4078 nune
2335 4016 2405 4079 sint

396 4098 480 4177 deri;
508 4098 571 4163 hoc
593 4105 722 4162 tantum
749 4119 820 4163 6666
847 4099 1026 4180 reliquum,
1056 4108 1094 4163 ut
1115 4101 1250 4164 Domini
1277 4122 1373 4183 opem
1426 4101 1598 4183 populares
1625 4102 1839 4184 magistratus
1861 4100 1902 4164 ad
1924 4098 2160 4164 moderandam
2189 4121 2307 4184 regum
2329 4100 2403 4166 libi-

395 4185 617 4268 imploremus,
636 4185 729 4249 cuius
747 4185 782 4247 in
799 4206 899 4248 manu
917 4195 996 4249 sunt
1013 4206 1130 4268 regum
1146 4187 1245 4251 corda
1259 4188 1371 4271 (Prov.
1427 4186 1537 4251 dinem
1558 4187 1728 4251 constituti
1756 4187 1883 4269 (quales
1905 4187 1983 4250 olim
2005 4192 2100 4262 erant
2121 4186 2178 4268 qui
2201 4185 2401 4251 lacedaemo-

396 4273 448 4350 21,
471 4270 512 4352 l),
533 4279 565 4334 et
585 4291 762 4354 regnorum
784 4269 1021 4334 inclinationes.
1056 4271 1118 4335 Ille
1140 4273 1232 4337 Deus
1250 4281 1300 4337 est
1318 4273 1373 4355 qui
1426 4273 1489 4336 niis
1511 4273 1642 4356 regibus
1664 4273 1801 4355 oppositi
1823 4280 1917 4336 erant
1934 4272 2058 4354 ephori,
2082 4280 2139 4335 aut
2160 4273 2303 4335 romanis
2323 4293 2398 4336 con-

396 4356 497 4420 stabit
518 4355 553 4419 in
575 4376 744 4440 synagoga
775 4356 926 4434 deorum,
950 4362 983 4421 et
1003 4357 1039 4420 in
1061 4358 1168 4422 medio
1192 4358 1267 4423 1666
1290 4358 1373 4423 1111-
1426 4357 1551 4423 sulibos
1574 4359 1696 4424 tribuni
1713 4357 1825 4441 plebis,
1845 4365 1902 4422 aut
1924 4358 2180 4422 Atheniensium
2201 4356 2324 4422 senatui
2341 4355 2400 4420 de-

396 4439 516 4506 dicabit
536 4440 637 4525 (Psal.
657 4445 708 4519 82,
731 4443 778 4523 l);
802 4463 821 4505 a
839 4443 932 4506 cuius
954 4442 1036 4506 facie
1058 4442 1229 4508 concident
1246 4452 1279 4507 et
1296 4466 1373 4509 con·
1426 4445 1553 4509 marchi
1560 4469 1567 4522 ;
1595 4453 1715 4527 etqua
1742 4445 1843 4508 etiam
1871 4444 1953 4508 forte
1981 4450 2157 4525 potestate,
2180 4449 2217 4507 ut
2237 4461 2323 4505 nunc
2346 4463 2403 4507 res

395 4534 543 4592 16161111
569 4549 663 4610 reges
686 4547 814 4604 omnes,
845 4536 879 4591 et
899 4526 1021 4592 1111666
1050 4536 1155 4594 161166
1188 4531 1373 4612 quicunque
1427 4531 1563 4609 habent,
1590 4531 1773 4614 funguntur
1798 4531 1834 4593 in
1861 4529 1999 4612 singulis
2028 4529 2139 4611 regnis
2167 4536 2232 4592 tres
2259 4526 2403 4608 ordines,

395 4634 461 4677 non
480 4613 617 4678 osculati
635 4614 759 4677 fuerint
776 4612 947 4678 Christum
965 4614 1035 4678 eius
1053 4614 1155 4698 (Psal.
1178 4619 1206 4692 2,
1229 4617 1298 4697 12);
1317 4616 1373 4698 qui
1426 4638 1527 4699 quum
1548 4616 1722 4698 primarios
1746 4624 1924 4680 conventus
1945 4615 2139 4698 peragunt),
2163 4614 2242 4679 adeo
2257 4612 2332 4677 illos
2355 4614 2404 4678 16-

396 4699 586 4780 scripserint
614 4698 702 4782 leges
731 4699 875 4780 iniquas,
895 4708 934 4762 ut
955 4699 1177 4781 opprimerent
1197 4703 1233 4765 in
1254 4701 1373 4767 iudicio
1426 4703 1563 4767 rocienti
1588 4723 1704 4785 regum
1726 4702 1876 4766 licentiae
1898 4723 1956 4781 pro
1978 4701 2082 4764 officio
2110 4699 2312 4765 intercedere
2334 4722 2406 4764 non

395 4804 571 4867 pauperes,
595 4791 629 4847 61
650 4784 719 4849 vim
740 4786 885 4850 facerent
906 4805 1022 4850 causae
1046 4786 1235 4864 humilium;
1264 4796 1303 4850 ut
1324 4789 1373 4852 vi-
1426 4796 1514 4867 veto,
1537 4798 1575 4852 ut
1596 4788 1624 4851 si
1644 4786 1775 4871 regibus
1802 4787 1999 4869 impotenter
2027 4787 2251 4868 grassantibus
2279 4794 2312 4849 et
2339 4786 2406 4849 hu-

398 4869 478 4934 duas
511 4868 670 4933 haberent
701 4871 736 4934 in
769 4870 924 4953 praedam
958 4877 992 4934 et
1022 4872 1162 4955 pupillos
1195 4871 1372 4956 diriperent
1426 4874 1497 4937 mili
1512 4874 1699 4956 plebeculae
1718 4872 1952 4936 insultantibus
1974 4872 2180 4950 conniveant,
2203 4892 2318 4936 eorum
2336 4870 2407 4936 dis·

396 4953 473 5037 (Ies.
497 4960 545 5032 10,
572 4958 612 5038 1).
1426 4959 1672 5024 simulationem
1699 4957 1824 5022 nefaria
1844 4957 1982 5039 perfidia
2003 4978 2070 5020 non
2092 4978 2203 5021 carcre
2225 4957 2404 5022 affirmem:

483 5043 532 5104 30.
578 5042 687 5122 Atque
709 5041 763 5106 hic
781 5041 941 5106 mirabilis
964 5043 1033 5108 eius
1051 5051 1123 5107 tum
1145 5044 1283 5122 bonitas,
1303 5053 1373 5107 tum
1426 5045 1503 5128 quia
1534 5044 1648 5126 populi
1679 5045 1881 5124 hbertatem,
1915 5045 2008 5108 cuius
2036 5066 2070 5108 se
2097 5042 2162 5106 Dei
2195 5042 2408 5109 ordinatione

395 5127 555 5210 potentia,
580 5134 653 5190 tum
674 5126 878 5209 providentia
900 5149 970 5192 sese
992 5130 1124 5210 profert.
1169 5131 1256 5194 Nam
1277 5129 1373 5193 modo
1426 5139 1551 5194 tutores
1573 5130 1696 5212 positos
1717 5138 1848 5209 norunt,
1872 5130 2096 5194 fraudulenter
2117 5128 2269 5211 produnt

396 5233 437 5276 ex
461 5213 564 5277 servis
587 5215 654 5278 suis
676 5214 866 5276 manifestos
893 5214 1039 5279 vindices
1061 5218 1198 5293 excitat,
1220 5238 1257 5281 ao
1279 5237 1372 5279 man·
1513 5221 1562 5280 32.
1607 5218 1654 5280 At
1674 5239 1752 5282 vero
1772 5218 1808 5281 in
1830 5237 1881 5294 ea,
1905 5237 2003 5298 quam
2030 5216 2269 5297 praefectorum
2296 5215 2409 5297 impe-

397 5296 472 5361 dato
495 5319 553 5362 suo
576 5299 712 5362 instruit
733 5298 789 5380 qui
812 5297 852 5362 dc
874 5299 1031 5363 scelerata
1053 5301 1274 5366 dominatione
1296 5324 1372 5384 poe·
1426 5302 1484 5367 riis
1507 5301 1617 5367 deberi
1639 5303 1884 5381 constituimus,
1913 5299 2112 5380 obedientia,
2134 5299 2169 5363 id
2191 5321 2320 5385 sempor
2344 5321 2408 5365 ex-

396 5405 456 5447 nas
479 5393 623 5463 sumant,
648 5393 682 5447 et
704 5404 896 5465 oppressum
925 5385 1056 5450 iniustis
1083 5388 1188 5451 modis
1216 5389 1373 5471 populum
1427 5388 1613 5470 cipiendum
1641 5397 1705 5468 est,
1728 5390 1794 5453 imo
1811 5388 1848 5451 11
1869 5388 1984 5470 primis
2016 5386 2272 5464 observandum,
2295 5406 2338 5450 16
2360 5386 2409 5451 ab

397 5469 558 5533 emiscra
584 5469 768 5534 calamitate
795 5469 956 5548 eximant;
986 5471 1082 5535 modo
1109 5473 1255 5536 furorem
1280 5473 1373 5538 eliud
1427 5475 1496 5537 eius
1519 5474 1785 5539 obedientiarios
1808 5472 1960 5552 deducat,
1983 5473 2075 5539 cuius
2096 5471 2410 5622 wluntatiorgfm

399 5589 472 5597 —·--
528 5594 558 5597 --
1427 5561 1574 5624 omnium
1595 5570 1672 5625 1616
1694 5561 1839 5638 subesse,
1867 5560 1961 5626 cuius
1989 5558 2128 5625 decretis
2155 5560 2245 5624 iussa
2334 5577 2407 5637 ero,

467 5655 496 5720 1)
516 5656 674 5724 1696661.
1427 5646 1518 5710 cuius
1550 5647 1712 5710 maiestati
1740 5648 1843 5712 fasces
1871 5645 2020 5712 submitti
2047 5665 2107 5729 par
2134 5650 2192 5710 est
2236 5644 2283 5708 Et
2309 5665 2408 5729 vero,
