5600 6809
412 771 450 830 41
783 767 873 830 LIB.
896 767 922 832 Ι.
967 769 1030 833 DE
1053 767 1341 834 COGNI'I’IONE
1363 768 1447 833 DEI
1469 765 1742 833 caueamus.
1788 765 1886 855 ChP.
1909 767 1961 830 IV
1963 816 1969 829 .
1993 766 2035 830 V.
2374 771 2415 830 42

411 956 466 1036 qui
484 960 663 1036 appareant.
690 955 755 1020 Ubi
774 956 861 1018 enim
878 965 1055 1039 perpetuus
1073 954 1274 1019 obedientiae
1292 963 1386 1019 tenor
1438 954 1516 1018 dicit
1541 956 1732 1037 conlipncsse
1758 954 1793 1017 in
1821 954 1935 1034 aquis,
1961 954 2057 1016 nubes
2083 954 2152 1017 eius
2180 974 2246 1018 esse
2266 954 2416 1034 pellicula,

411 1042 445 1105 in
468 1042 626 1105 13133113
648 1062 718 1105 esse
740 1040 911 1117 debuerat,
939 1044 975 1106 in
998 1042 1124 1106 cunctis
1146 1041 1213 1104 lere
1235 1039 1385 1122 oporibus
1438 1041 1575 1120 equitare
1592 1060 1686 1121 super
1703 1040 1774 1104 olas
1790 1045 1956 1117 uentorum,
1977 1044 2080 1103 uentos
2101 1044 2128 1102 el
2148 1040 2286 1122 sulpura
2307 1040 2417 1106 3313333

411 1148 524 1192 secure
555 1126 603 1190 illi
636 1126 844 1204 rebellantes,
874 1127 1022 1209 pauculis
1056 1134 1185 1190 tantum
1219 1127 1385 1191 sacrifieiis
1438 1145 1502 1188 esse
1535 1126 1603 1189 eius
1634 1127 1769 1189 nuntios.
1817 1125 1861 1188 Et
1887 1126 2034 1204 quostiam
2060 1125 2190 1204 plenius
2216 1147 2343 1189 sursum
2370 1149 2417 1192 re·

410 1213 539 1295 placare
562 1234 637 1276 eum
659 1211 806 1289 student;
835 1212 890 1276 ubi
918 1213 1132 1277 sanctimonia
1153 1213 1240 1276 ritae
1260 1223 1294 1276 et
1314 1233 1385 1276 eor·
1436 1210 1535 1292 fulpet
1554 1213 1708 1291 potentiue
1736 1213 1804 1275 eius
1833 1216 1861 1273 et
1882 1212 2055 1290 sapientiae
2073 1210 2192 1292 pluria,
2215 1213 2341 1292 passim
2367 1234 2417 1278 eo

411 1298 461 1362 dis
488 1298 676 1381 integritate
703 1298 753 1362 illi
780 1297 987 1362 serviendum
1011 1306 1094 1375 erat,
1123 1298 1257 1361 frivolas
1278 1319 1385 1380 nugas
1437 1301 1526 1360 catur
1552 1297 1667 1361 eoelmn
1694 1298 1762 1360 eiras
1784 1297 1952 1377 palatium.
2002 1297 2052 1359 Ac
2080 1297 2238 1379 primum,
2271 1320 2415 1380 quaqua-

409 1384 714 1460 oomminiscuntur‚
751 1392 785 1448 et
811 1383 908 1447 nihili
939 1383 1239 1448 observatiunoulaa
1269 1383 1386 1465 quibus
1439 1403 1571 1445 versum
1599 1384 1707 1446 oculos
1734 1383 1899 1459 coniicias,
1928 1381 2021 1445 nulla
2048 1391 2098 1446 cst
2118 1382 2233 1445 mundi
2255 1385 2416 1464 particula

389 1492 483 1534 <oum
507 1469 568 1534 sibi
591 1469 773 1534 concilient.
818 1470 889 1533 Ima
909 1472 1026 1534 maiore
1049 1470 1173 1534 lieentia
1193 1469 1387 1550 infamibus
1437 1468 1473 1530 in
1500 1489 1566 1548 qua
1591 1489 1656 1530 non
1684 1468 1846 1532 scintillae
1874 1468 1991 1531 saltem
2018 1467 2144 1549 aliquae
2173 1468 2295 1551 gloriae
2313 1471 2415 1552 ipsius

407 1557 477 1620 suis
503 1560 634 1636 torpent,
667 1557 744 1636 quia
771 1557 925 1636 confidunt
954 1556 1166 1637 expiationum
1195 1556 1326 1619 ludicris
1353 1575 1385 1617 33
1438 1554 1577 1617 emicare
1615 1564 1800 1617 cernantur.
1857 1553 2105 1636 Amplissimam
2141 1575 2220 1616 vero
2259 1554 2343 1620 hanc
2382 1565 2416 1620 et

402 1661 591 1724 posseerpa
611 1641 704 1706 illurn
726 1641 871 1723 defunpi;
893 1641 1009 1705 deinde
1031 1641 1087 1705 ubi
1109 1642 1144 1703 in
1166 1640 1259 1703 illum
1278 1639 1385 1705 defixa
1437 1638 1692 1720 pulcherrimam
1714 1640 1917 1716 machinam,
1941 1660 2039 1720 quam
2060 1639 2127 1703 late
2149 1648 2254 1721 patet,
2278 1662 2342 1704 uno
2365 1642 2415 1704 in·

408 1749 478 1792 3333
500 1725 620 1791 fiducia
642 1726 811 1803 debuerat,
834 1728 871 1789 in
892 1749 926 1791 se
947 1727 1001 1791 vel
1023 1727 1180 1792 creaturis
1202 1725 1382 1804 subsidunt,
1436 1725 1522 1787 tuitu
1545 1724 1686 1788 lustrare
1708 1747 1850 1807 nequeas
1872 1725 1950 1807 quin
1971 1727 2005 1788 31
2024 1727 2185 1789 immensa
2207 1726 2344 1809 fulgoris
2366 1737 2415 1790 to·

409 1833 442 1877 eo
462 1812 643 1892 posthabito.
694 1812 842 1876 'landem
875 1833 909 1876 33
944 1820 1036 1877 tanta
1064 1831 1213 1875 errorum
1234 1812 1385 1893 congerie
1437 1815 1489 1874 tus
1517 1809 1661 1891 undique
1687 1811 1842 1875 obruaris.
1896 1809 2008 1891 Quare
2035 1811 2202 1894 eleganter
2230 1819 2326 1876 autor
2347 1814 2415 1895 epi-

409 1898 591 1981 implioant,
613 1906 650 1962 ut
671 1898 831 1962 scintillas
853 1897 934 1976 illas,
959 1919 1041 1980 quae
1063 1897 1229 1962 micabant
1250 1896 1292 1961 ad
1314 1918 1384 1962 cer·
1438 1896 1539 1959 stolae
1573 1895 1613 1959 ad
1641 1896 1810 1961 Hebraeos
1840 1896 1967 1978 (11,3)
2001 1897 2132 1962 saecula
2159 1907 2327 1980 nuncupat
2361 1900 2414 1962 in-

407 1984 549 2048 nendam
560 1984 624 2047 Dei
647 1983 792 2066 gloriam,
816 1984 959 2061 suffocet,
983 2006 1021 2049 33
1043 1983 1174 2047 (13333
1195 1985 1386 2066 exstinguat
1436 1981 1613 2055 visibilium
1636 2004 1745 2046 rerum
1764 1984 1962 2064 3333133313,
1984 1983 2071 2065 quod
2093 1984 2185 2047 nobis
2203 1985 2273 2048 3133
2291 1986 2414 2066 speculi

406 2069 549 2133 malitiae
583 2069 698 2152 caligo.
752 2069 868 2134 Manet
900 2079 1011 2151 tamen
1044 2091 1155 2134 semen
1185 2068 1266 2133 illud
1298 2068 1384 2150 quod
1437 2066 1480 2129 sit
1503 2077 1570 2131 tam
1593 2070 1752 2132 concinna
1773 2069 1889 2132 mundi
1912 2069 2045 2150 positio,
2074 2070 2108 2132 in
2130 2091 2192 2150 quo
2215 2071 2414 2135 invisibilem

406 2155 562 2219 33331113
583 2155 691 2220 radice
713 2155 804 2219 nullo
825 2155 921 2218 modo
938 2163 1053 2239 potest,
1076 2155 1218 2237 aliquam
1240 2176 1311 2218 3333
1334 2153 1383 2216 di·
1436 2152 1556 2234 alioqui
1577 2154 1687 2218 Deum
1715 2155 1930 2237 contemplari
1957 2156 2053 2220 liceat.
2097 2153 2172 2234 Qua
2192 2156 2317 2219 ratione
2339 2178 2414 2238 pro·

405 2240 592 2320 vinitatem;
620 2241 677 2305 sed
704 2242 812 2322 ipsum
835 2240 915 2305 adeo
936 2249 1140 2323 corruptum,
1169 2249 1206 2305 ut
1230 2262 1298 2304 non
1320 2240 1383 2303 nisi
1436 2239 1537 2319 pheta
1559 2240 1660 2322 (Psal.
1685 2246 1738 2317 la,
1762 2242 1794 2325 l)
1823 2241 2015 2306 coelestibus
2042 2242 2200 2305 creaturis
2221 2241 2342 2306 idioma
2364 2252 2413 2306 at·

403 2327 561 2408 'pessimos
591 2348 633 2390 ex
661 2348 695 2390 se
724 2327 849 2390 tructus
876 2326 1042 2409 producat.
1089 2327 1158 2390 Imo
1178 2327 1250 2390 inde
1271 2327 1384 2390 certius
1437 2324 1566 2401 tribuit,
1596 2326 1695 2390 nullis
1717 2324 1902 2391 nationibus
1923 2327 2142 2409 incogniturn3
2171 2326 2256 2409 quod
2280 2328 2413 2392 eviden-

405 2412 527 2476 elicitur
552 2413 635 2492 quod
665 2432 748 2476 num
780 2413 941 2490 enitendo,
975 2413 1165 2497 naturaliter
1196 2413 1383 2492 insculptum
1435 2411 1499 2473 tior
1521 2411 1588 2474 illic
1610 2422 1717 2476 exstat
1737 2411 1920 2476 divinitatis
1941 2412 2124 2476 testificatio
2142 2433 2240 2493 quam
2260 2421 2298 2476 ut
2319 2436 2413 2496 prae-

404 2518 469 2562 esse
496 2499 622 2562 deitatis
648 2518 772 2561 sersmn
792 2498 941 2562 humanis
962 2499 1120 2575 33311133,
1148 2499 1225 2578 quia
1245 2497 1383 2579 reprobis
1436 2498 1535 2560 teriro
1561 2499 1669 2579 gentis
1687 2498 1786 2562 ullius
1803 2498 1856 2562 vel
1875 2498 2101 2561 obtusissimus
2120 2497 2412 2563 considerationem

404 2604 524 2664 quoque
555 2584 636 2664 ipsis
667 2585 736 2647 eius
767 2585 983 2664 emfessionern
1022 2589 1178 2664 3313333331
1208 2584 1382 2647 necessitas.
1436 2580 1559 2647 debeat.
1616 2581 1713 2662 Quod
1741 2583 1860 2648 clarius
1882 2605 2040 2647 enarrans
2063 2584 2228 2664 apostolus
2251 2585 2361 2666 (Rom.
2385 2591 2410 2662 1,

406 2668 514 2733 Rebus
540 2669 722 2749 tranquillis
752 2668 847 2750 facete
876 2670 1015 2735 illudunt
1035 2669 1117 2746 Deo,
1145 2671 1207 2732 irno
1234 2670 1278 2732 art
1303 2675 1383 2732 3313-
1438 2669 1509 2751 la),
1537 2670 1735 2751 patefactum
1764 2691 1835 2733 3333
1857 2669 2042 2733 hominibus
2071 2668 2257 2751 dicitquod
2280 2669 2412 2735 deDeo

403 2755 842 2835 uuandameiuspolentiam
862 2755 1072 2820 lauressam
1094 2776 1130 2819 oo
1149 2755 1284 2838 pomuli.
1319 2753 1382 2817 De
1435 2756 1587 2837 cognosci
1609 2775 1726 2836 operae
1748 2755 1890 2837 pretium
1912 2763 1997 2833 orat;
2026 2755 2102 2837 quia-
2129 2755 2306 2819 invisibilia
2332 2756 2410 2834 eius,

403 2842 539 2919 sporatio
560 2841 590 2904 31
609 2859 672 2920 quo
694 2859 745 2904 eos
765 2847 865 2921 urpet,
889 2842 931 2905 ud
952 2843 1080 2905 33331333
1101 2842 1311 2920 quaerundum
1331 2860 1383 2902 er·
1435 2840 1476 2904 ad
1500 2849 1669 2904 aeternam
1691 2862 1794 2922 usque
1816 2842 1886 2904 eius
1908 2841 2065 2905 virtutem
2088 2850 2122 2905 et
2143 2839 2363 2919 divinitatem,
2393 2863 2413 2906 a

403 2925 559 3003 stimulat,
591 2926 745 3004 dictatque
765 2927 903 2990 eorreisos
918 2947 1042 3007 preces,
1076 2948 1113 2990 eu
1140 2927 1252 3007 quibas
1273 2930 1383 3006 puteat
1434 2926 1600 2990 creatione
1632 2926 1744 2990 mundi
1772 2926 1946 3004 intellecta,
1981 2947 2093 2990 omnes
2126 2926 2168 2990 ad
2200 2949 2304 2990 unum
2336 2949 2411 2993 eon-

404 3031 461 3074 non
480 3030 614 3092 proruis
634 3011 762 3093 imarum
782 3011 882 3091 luisse
902 3011 980 3089 Dei,
1004 3013 1057 3076 sed
1078 3013 1157 3092 quod
1178 3013 1271 3076 odius
1290 3032 1382 3075 curer·
1434 3012 1585 3093 spiciunt.

401 3117 471 3180 pere
493 3097 646 3174 delineret,
666 3097 769 3177 fuisse
783 3098 964 3177 paciencia
986 3117 1195 3179 suppressum.
1521 3106 1549 3160 2.
1594 3097 1770 3162 Mirifioam
1805 3098 1874 3161 eius
1907 3098 2100 3179 sapientiam
2127 3118 2210 3178 quae
2239 3106 2409 3176 testentur,

1434 3182 1610 3247 innumera
1635 3192 1716 3248 sunt
1743 3190 1815 3246 tum
1844 3183 1878 3245 in
1901 3183 2004 3260 coelo,
2032 3191 2104 3246 tum
2131 3183 2166 3245 in
2193 3184 2290 3248 terris
2314 3184 2411 3248 docu-

1081 3271 1084 3278 ’
1433 3276 1559 3332 menta:
1587 3289 1653 3333 nou
1680 3268 1737 3331 illa
1763 3267 1859 3333 modo
1882 3267 2110 3346 reconditiora,
2139 3269 2256 3350 quibus
2278 3272 2414 3351 propius

760 3351 912 3420 O'APU'P
933 3354 975 3418 V.
995 3352 1019 3438 ¹)
1433 3353 1644 3453 obseruandis
1665 3355 1868 3453 astrologia,
1901 3354 2077 3429 medicina,
2112 3361 2144 3452 31
2170 3361 2241 3452 tota
2273 3354 2410 3452 physica

404 3494 487 3576 Dei
516 3495 713 3578 notitiam
750 3495 977 3578 inmundi
1014 3496 1174 3610 fabrica
1205 3507 1250 3577 et
1280 3527 1379 3579 con·
1432 3448 1569 3590 1831ἓῖ3ξὸ
1578 3439 1792 3609 aqqffltasg
1793 3438 2227 3609 sifiglerlmllaltnldsslliffl
2237 3460 2409 3591 loliis&

500 3615 621 3698 11333
652 3617 742 3698 3133
772 3617 1080 3728 gubernatione
1112 3616 1266 3699 lucere.
1432 3620 1554 3710 queant
1581 3613 1659 3694 quin
1682 3633 1796 3711 eorum
1818 3621 1976 3696 saganam
1989 3633 2068 3711 ‚0⁸⁸9
2090 3619 2199 3676 usas.
2245 3611 2408 3711 Equidem

1432 3720 1487 3780 qur
1514 3696 1665 3763 hberales
1690 3699 1765 3763 rllas
1794 3708 1880 3762 artes
1906 3698 1960 3763 331
1986 3695 2201 3776 rmbrberunt,
2228 3698 2281 3763 vel
2308 3706 2408 3762 otram

491 3788 516 3847 1.
561 3782 616 3847 Ad
639 3783 736 3860 haec,
750 3781 779 3867 ²)
803 3782 879 3866 quia
901 3782 1037 3847 ultimus
1058 3782 1172 3847 beatae
1194 3783 1282 3847 31133
1303 3783 1379 3847 finis
1432 3783 1656 3867 degustarunt,
1680 3805 1793 3848 earum
1813 3782 1957 3848 subsidio
1976 3783 2079 3847 adiuti
2099 3783 2197 3867 longe
2216 3783 2313 3849 altius
2330 3805 2407 3866 pro·

400 3869 437 3932 in
466 3869 528 3933 Dei
562 3869 746 3952 cognitione
778 3869 904 3951 positus
933 3878 997 3946 est,
1031 3891 1073 3932 ne
1105 3869 1157 3933 cui
1189 3868 1379 3950 praeclusus
1430 3869 1597 3933 vehuntur
1629 3870 1671 3935 ad
1702 3869 1958 3951 introspicienda
1986 3869 2116 3934 divinae
2145 3869 2322 3951 sapientiae
2354 3891 2407 3934 ar·

400 3962 487 4019 esset
518 3953 559 4019 ad
591 3955 780 4020 felicitatem
814 3954 938 4032 aditus,
971 3976 1037 4019 non
1070 3954 1176 4018 solum
1206 3954 1377 4019 hominum
1430 3976 1527 4033 cana;
1559 3966 1656 4020 n'emo
1683 3963 1793 4019 tamen
1822 3976 1935 4018 earum
1962 3955 2092 4020 inscitia
2118 3955 2296 4038 impeditur
2327 3978 2407 4038 quo·

399 4040 564 4105 mentibus
594 4040 713 4105 indidit
738 4039 820 4104 illud
847 4039 933 4122 quod
961 4039 1103 4104 diximus
1131 4040 1297 4122 religionis
1326 4062 1377 4105 se-
1429 4042 1539 4104 minus
1561 4042 1691 4106 artificii
1712 4042 1791 4105 satis
1813 4062 1976 4123 superque
1996 4041 2167 4123 pervideat
2186 4041 2221 4105 in
2243 4042 2307 4106 Dei
2330 4063 2406 4126 ope-

398 4148 491 4203 men,
515 4126 571 4190 sed
593 4127 640 4190 ita
660 4148 695 4191 se
717 4126 869 4208 patefecit
890 4127 926 4189 13
948 4133 1015 4189 1313
1037 4125 1151 4189 mundi
1173 4127 1315 4206 opificio,
1340 4148 1378 4192 ac
1431 4126 1534 4205 ribus,
1574 4127 1661 4190 unde
1694 4128 1729 4190 in
1762 4128 1887 4208 opificis
1920 4126 2171 4191 admirationem
2204 4136 2405 4210 prorumpat

399 4234 433 4277 33
456 4212 598 4295 quotidie
620 4212 731 4294 palam
753 4212 856 4288 offert,
880 4219 917 4274 ut
938 4213 1063 4294 aperire
1086 4211 1194 4275 oculos
1212 4220 1377 4293 nequeant
1429 4213 1556 4293 Nempe
1577 4211 1619 4276 ad
1641 4211 1867 4295 disquirendos
1885 4222 2048 4277 astrorum
2069 4220 2186 4290 motus,
2211 4213 2407 4277 distribuen-

398 4298 478 4381 quin
500 4299 644 4380 aspicere
668 4318 744 4362 eum
764 4305 933 4380 cogantur.
978 4297 1131 4360 Essentia
1152 4296 1284 4378 quidem
1306 4299 1376 4363 eius
1430 4298 1489 4362 das
1512 4297 1619 4377 sedes,
1648 4298 1815 4363 metienda
1835 4299 2024 4377 intervalla,
2052 4299 2268 4382 proprietates
2289 4307 2407 4362 notan-

397 4383 739 4467 incomprehensibilis
771 4391 834 4461 331,
870 4390 908 4447 31
932 4403 1046 4446 333333
1073 4401 1187 4445 33333
1216 4381 1376 4449 humanos
1430 4384 1504 4463 das,
1538 4393 1609 4448 arte
1637 4406 1675 4450 33
1703 4387 1865 4450 exactiore
1892 4384 2053 4449 industria
2079 4406 2161 4465 opus
2189 4393 2257 4462 est;
2290 4383 2407 4464 quibus

397 4470 510 4552 procul
533 4470 670 4553 effugiat
687 4471 757 4534 eius
775 4490 899 4532 numen
906 4491 913 4546 ;
936 4488 1052 4532 verum
1070 4467 1207 4549 singulis
1225 4468 1376 4549 operibus
1428 4470 1621 4553 perspectis,
1655 4478 1694 4534 ut
1721 4471 1785 4535 Dei
1814 4470 2020 4552 providentia
2047 4469 2239 4552 explicatius
2272 4489 2306 4531 se
2332 4488 2406 4548 pro-

398 4557 467 4620 3313
488 4564 594 4620 certas
616 4556 738 4639 gloriae
761 4576 838 4620 suae
859 4562 953 4618 notas
974 4553 1161 4635 insculpsit,
1191 4553 1376 4634 etquidem
1428 4558 1505 4634 lert,
1538 4557 1586 4619 ita
1614 4557 1649 4619 in
1678 4556 1750 4620 eius
1783 4556 1922 4639 gloriam
1951 4551 2224 4637 conspiciendam,
2258 4553 2406 4619 animum

399 4640 479 4706 adeo
502 4641 607 4706 claras
629 4649 662 4705 et
682 4642 829 4724 insignes
850 4648 888 4704 ut
907 4640 1035 4704 sublata
1057 4640 1099 4704 sit
1120 4638 1298 4721 quamlibet
1321 4663 1375 4703 ru·
1428 4650 1565 4724 pareat
1594 4641 1760 4724 aliquanto
1789 4642 1961 4707 sublimius
1988 4660 2166 4722 assurgere.
2213 4636 2281 4703 Sed
2303 4661 2405 4722 quum

399 4725 493 4791 dibus
516 4735 550 4791 et
571 4727 710 4810 stupidis
732 4727 935 4810 ignorantiae
958 4725 1133 4791 excusatio.
1167 4724 1242 4789 Ideo
1263 4726 1376 4807 optimo
1427 4748 1470 4790 ne
1494 4726 1611 4810 plebeii
1644 4726 1776 4808 quidem
1808 4736 1842 4792 et
1869 4725 2043 4802 rudissimi,
2067 4725 2122 4806 qui
2142 4723 2210 4787 solo
2237 4726 2406 4790 oculorum

399 4813 469 4877 iure
485 4812 637 4894 propbeta
659 4812 761 4897 (Psal.
788 4816 855 4889 104,
876 4812 910 4894 2)
932 4812 1097 4888 33313331,
1128 4811 1192 4874 luce
1214 4813 1307 4891 quusi
1328 4834 1376 4877 ue·
1428 4813 1625 4877 adminiculo
1653 4813 1806 4877 instructi
1833 4820 1920 4891 sunt,
1950 4814 2103 4894 ignorare
2125 4820 2246 4892 queant
2275 4812 2405 4876 divinae

396 4900 539 4963 stinunto
565 4900 672 4981 ipsum
699 4919 764 4963 esse
784 4899 949 4976 amictum;
975 4918 1012 4961 ac
1034 4897 1064 4960 si
1086 4897 1211 4975 diceret,
1243 4899 1376 4979 coepisse
1428 4900 1509 4963 artis
1531 4897 1774 4976 excellentiam,
1798 4899 1884 4962 ultro
1907 4919 1941 4962 33
1962 4897 1997 4959 13
2019 4895 2083 4957 1313
2104 4896 2347 4975 innumerabili,
2372 4907 2405 4961 et

396 4991 470 5049 tunc
497 4984 619 5050 demum
644 4984 762 5049 visibili
791 4989 902 5048 ornatu
931 4984 1084 5066 irasipnern
1100 4983 1230 5063 prodire
1257 5004 1294 5047 eu
1315 5005 1375 5065 quo
1429 4990 1539 5049 tamen
1572 4983 1651 5048 adeo
1681 4984 1835 5049 3113113313
1864 4992 1897 5047 31
1918 4981 2074 5062 disposita
2096 4982 2243 5047 coelestis
2266 4983 2404 5048 militiae

396 5071 433 5134 in
454 5071 566 5136 mundi
587 5072 737 5136 creatione
759 5090 819 5135 suu
839 5071 981 5153 insipnia
994 5067 1136 5150 protulit,
1159 5067 1274 5150 quibus
1294 5090 1375 5143 nune
1427 5072 1586 5134 varietate
1607 5079 1821 5146 exserentem,
1843 5074 1971 5131 constat
1991 5068 2157 5131 neminem
2174 5090 2244 5133 esse
2266 5069 2317 5133 cui
2336 5089 2404 5132 non

395 5158 516 5238 quoties
551 5157 652 5223 oculos
682 5156 742 5220 huc
770 5156 819 5219 uel
850 5156 924 5220 illuc
951 5155 1214 5235 circumferimus,
1248 5156 1376 5220 decorus
1428 5155 1556 5220 abunde
1574 5157 1768 5238 sapientiam
1785 5174 1880 5218 suam
1897 5152 2063 5218 Dominus
2080 5155 2262 5235 patefaciat.
2305 5152 2404 5218 Simi-

394 5249 535 5323 apparet.
581 5243 606 5307 I
608 5243 708 5307 113133
730 5242 825 5305 etiam
851 5242 923 5305 scite
945 5243 1027 5306 idern
1047 5240 1199 5323 propbeta
1226 5242 1320 5306 coelos
1341 5246 1376 5304 ut
1426 5242 1501 5305 liter
1514 5243 1549 5305 in
1562 5239 1854 5321 humanioorporis
1871 5246 2037 5303 structura
2047 5240 2292 5316 connexionem,
2312 5260 2402 5320 sym-

293 5386 296 5391 .
395 5331 529 5410 eaponsi
549 5335 623 5393 aaut
643 5328 727 5411 rapio
747 5325 837 5389 illius
860 5328 988 5390 tentorio
1009 5334 1185 5408 comparat,
1212 5328 1374 5392 coenacula
1426 5329 1585 5402 33131333,
1609 5322 1895 5408 pulchritudinem,
1914 5346 2019 5401 usum,
2042 5347 2081 5389 ea
2098 5346 2197 5407 quam
2215 5323 2363 5387 Galenus
2376 5321 2401 5406 ¹)

1426 5412 1560 5476 adhibet
1592 5411 1724 5474 solertia
1756 5410 1974 5491 pensiculare,
2005 5410 2117 5475 eximii
2149 5417 2199 5473 est
2231 5407 2399 5489 33331313.

1474 5584 1628 5591 --.-—--—.

467 5620 496 5686 1)
517 5619 764 5685 caraecarae
777 5587 967 5684 pulsuum
986 5613 1051 5683 cap.
1071 5615 1097 5670 1.
1115 5617 1137 5681 §-
1156 5614 1267 5667 11-1s.
1343 5614 1373 5682 a)
1426 5586 1462 5592 “

392 5687 514 5742 Initium
527 5689 614 5756 poulo
631 5694 771 5742 muwtum.
1494 5681 1526 5746 l)
1543 5680 1634 5733 Libris
1652 5681 1687 5734 de
1704 5700 1754 5736 usn
1771 5685 1897 5754 partium
