5600 6809
587 741 655 805 247
1240 734 1506 805 mammio
1528 735 1633 800 REI..
1656 732 1837 801 CHRIST.
1862 738 1955 802 1559.
2405 730 2408 738 '
2535 737 2598 800 248

594 938 633 991 ut
654 929 747 994 nobis
769 928 851 993 illud
875 930 1067 1013 Augustini,
1096 927 1323 994 communibus
1354 925 1455 990 etiam
1478 925 1572 990 eoho-
1624 929 1728 988 tanen
1748 943 1818 989 earn
1840 924 1980 1004 amplecti
2001 929 2123 1005 oportet,
2150 925 2181 988 si
2200 924 2243 989 ad
2263 924 2367 990 Deum
2387 923 2526 1004 opificem
2547 944 2598 990 no

513 1015 514 1018 ’
595 1011 703 1077 laram
735 1015 902 1098 suffragiis
941 1017 1174 1099 approbatum,
1208 1013 1383 1077 adimatur:
1419 1010 1573 1094 adempta
1623 1013 1724 1074 strum
1744 1008 1939 1089 ethelmero,
1967 1030 2069 1090 apua
2088 1031 2199 1074 sumus
2220 1010 2362 1089 climati,
2389 1010 2598 1094 redirecupi·

501 1096 513 1110 “
595 1119 666 1163 esse
688 1100 814 1165 homini
835 1111 909 1184 poet
935 1102 1065 1186 lapsum
1091 1100 1235 1185 gratuita
1261 1099 1349 1163 bona
1370 1097 1459 1161 unde
1481 1097 1571 1162 salus
1622 1114 1707 1174 mus,
1735 1100 1770 1161 nt
1797 1095 1885 1161 nohis
1913 1097 2025 1161 iterum
2042 1101 2137 1178 pater
2158 1117 2222 1161 esse
2244 1097 2381 1177 incipiat.
2427 1093 2514 1160 Certe
2526 1099 2598 1177 poet

594 1183 770 1267 dependet:
800 1187 966 1252 naturalia
992 1208 1070 1253 vera
1097 1192 1251 1267 oon'upta
1277 1184 1468 1268 pollutaque
1490 1203 1569 1247 esse.
1623 1181 1750 1263 lapsum
1771 1181 1874 1264 primi
1900 1181 2036 1246 hominis
2062 1181 2151 1247 nulla
2179 1182 2221 1246 ad
2247 1182 2380 1246 saluum
2406 1182 2508 1246 uoluit
2534 1180 2598 1246 De·

594 1266 671 1334 Stet
697 1293 776 1356 ergo
804 1273 899 1338 nobis
930 1272 1065 1338 indubia
1091 1272 1155 1336 iata
1186 1270 1324 1348 veritas,
1358 1290 1441 1351 qnae
1469 1268 1570 1332 nullis
1622 1268 1754 1351 capuitie
1781 1266 1896 1348 absque
1922 1268 2106 1332 mediatore:
2137 1269 2214 1349 quia
2240 1288 2302 1331 uon
2328 1268 2450 1332 desua
2478 1271 2598 1332 tantum

590 1356 866 1424 machinamentis
893 1359 1063 1441 quatefieri
1089 1363 1209 1439 potest:
1248 1362 1393 1420 mentem
1428 1353 1571 1418 hominis
1623 1358 1721 1419 naute
1747 1352 1885 1433 loquitur
1912 1351 2070 1432 Christus,
2102 1355 2157 1418 sed
2183 1355 2288 1417 annia
2314 1355 2439 1419 saeacla
2463 1372 2598 1434 compre

595 1440 641 1504 sio
669 1443 843 1508 alienatam
870 1465 1004 1526 prorsus
1033 1465 1053 1508 a
1074 1443 1138 1507 Dei
1167 1441 1307 1519 iustitia,
1339 1448 1377 1506 ut
1397 1440 1482 1505 nihil
1504 1461 1571 1504 non
1622 1439 1734 1518 leodii,
1756 1459 1852 1518 quum
1872 1439 1956 1517 dicit,
1977 1438 2057 1502 hanc
2072 1458 2138 1504 esse
2158 1440 2256 1503 eitam
2278 1445 2447 1518 adernam
2477 1457 2598 1522 capreos·

592 1525 746 1608 impium,
775 1537 972 1607 contortum,
994 1528 1141 1606 foedum,
1164 1528 1346 1609 impurum,
1370 1527 1570 1610 flagitiosum
1622 1546 1688 1590 cere
1710 1529 1837 1607 patrem
1862 1545 1969 1589 aerum
1996 1544 2095 1588 uuum
2120 1523 2240 1604 Deum,
2274 1531 2302 1590 et
2328 1545 2416 1606 quern
2435 1523 2598 1590 ille-misit

592 1614 763 1697 concipiat,
786 1617 1001 1697 concupiscat,
1024 1614 1195 1692 moliatur;
1219 1634 1274 1678 eor
1295 1613 1421 1695 peccati
1442 1632 1570 1676 veneno
1623 1610 1731 1675 Iesum
1759 1608 1919 1675 Christum
1948 1610 2076 1695 (Ioann.
2100 1614 2147 1688 17,
2168 1609 2212 1695 3).
2260 1613 2327 1692 Quo
2345 1611 2466 1692 foedior
2486 1616 2532 1674 est
2551 1628 2598 1674 eo

591 1696 639 1762 ita
667 1700 799 1782 penitus
826 1699 1021 1779 delibem,
1055 1707 1094 1765 nt
1125 1699 1208 1763 nihil
1244 1720 1341 1781 quam
1378 1704 1570 1779 corruptum
1621 1717 1695 1760 rum
1714 1696 1870 1774 socordia,
1898 1697 1955 1777 qui
1985 1697 2101 1761 coelum
2115 1697 2266 1778 profams
2291 1697 2509 1761 etincredulis
2529 1695 2598 1777 pui-

593 1783 751 1849 foetorem
784 1786 894 1850 efflare
928 1794 1035 1868 queat.
1081 1783 1177 1866 Quod
1211 1784 1239 1848 si
1266 1784 1434 1867 quidpiam
1468 1784 1570 1847 inter·
1623 1781 1749 1847 hrcslrhet
1763 1782 1966 1864 patefaciunt,
1988 1783 2102 1863 absque
2123 1783 2193 1846 eius
2208 1783 2314 1865 pratia
2332 1803 2422 1865 quem
2438 1783 2598 1863 scriptura

594 1867 672 1932 dnm
704 1870 782 1935 honi
812 1871 848 1934 in
881 1873 1022 1954 speeiem
1057 1877 1239 1948 ostentant,
1279 1877 1426 1935 mentem
1459 1877 1570 1933 tamen
1617 1869 1743 1950 passim
1763 1869 1846 1933 docet
1865 1869 1991 1932 animm
2018 1887 2085 1933 esse
2105 1869 2236 1932 ianuam
2257 1889 2320 1950 qua
2341 1869 2376 1932 iu
2397 1869 2531 1932 salutem
2550 1867 2598 1932 in·

593 1975 722 2037 semper
751 1956 917 2039 hypocrisi
950 1968 984 2020 et
1016 1957 1124 2021 fallaci
1154 1956 1345 2038 obliquitate
1378 1955 1569 2033 involutam,
1620 1955 1790 2037 prodimur.
1839 1953 1926 2034 Quod
1946 1955 1976 2018 si
1998 1954 2070 2036 puis
2091 1955 2134 2019 ad
2155 1955 2307 2036 eaaupelii
2317 1953 2598 2036 prmulpotionem

592 2042 738 2105 animum
760 2042 909 2107 interiori
929 2043 1144 2125 perversitate
1166 2042 1329 2125 illigatum
1350 2062 1494 2105 manere.
1623 2040 1703 2104 illud
1726 2038 1845 2104 Christi
1864 2039 1982 2103 dictum
2012 2040 2197 2123 restriupere
2217 2040 2301 2119 velit,
2329 2041 2365 2103 iu
2379 2044 2533 2120 promptu
2552 2059 2598 2104 re·

1622 2125 1735 2207 solatio
1757 2130 1816 2204 est,
1844 2127 1921 2205 puio
1942 2125 2085 2190 machia
2107 2131 2135 2189 et
2155 2125 2289 2190 saeculis
2312 2130 2340 2190 et
2358 2124 2499 2208 pedihus
2520 2143 2598 2190 com

1009 2244 1012 2249 ·
1623 2212 1730 2277 munis
1750 2211 1814 2293 fuit
1834 2213 1917 2274 ratio
1934 2211 2001 2288 illa,
2024 2232 2086 2275 uon
2100 2231 2195 2293 posse
2212 2212 2326 2293 absque
2351 2210 2598 2276 reconciliatione

961 2296 1113 2364 CAPUT
1135 2298 1195 2362 VI.
1617 2297 1744 2378 placere
1769 2296 1853 2375 Deo,
1886 2297 1943 2377 qui
1970 2297 2101 2395 alieneti
2128 2302 2201 2362 suut
2236 2297 2276 2362 ah
2304 2304 2354 2375 eo,
2387 2302 2415 2361 et
2441 2296 2598 2362 maledidi

590 2437 767 2521 Homini
797 2440 965 2550 perae
997 2440 1282 2549 quaerendem
1323 2440 1366 2520 in
1399 2438 1570 2523 anese
1617 2382 2598 2552 altthdhtal‘tllt..ltilhttltflte

847 2560 1182 2671 redemptionem
1213 2588 1317 2642 esse.
1623 2555 1764 2705 ms
1795 2554 1880 2720 {3531
1905 2553 2066 2704 iiim
2082 2555 2499 2721 ”imilimeewpiile
2517 2553 2598 2705 lt?

680 2729 707 2789 l.
758 2723 861 2804 Quum
883 2727 917 2788 in
937 2723 1031 2790 Adae
1046 2745 1185 2806 persona
1202 2726 1335 2806 perierit
1351 2729 1446 2789 iatum
1462 2724 1572 2789 huma-
1623 2725 1671 2790 his
1709 2730 1737 2789 et
1772 2724 1924 2806 quaslibet
1958 2727 2098 2807 pontium
2132 2726 2299 2808 relipiones
2327 2725 2480 2807 falsitatis
2510 2726 2598 2791 darre

591 2831 670 2874 num
689 2830 795 2893 penus,
817 2809 905 2875 nohis
927 2811 1003 2876 adeo
1025 2810 1107 2874 nihil
1126 2811 1288 2891 prodesset
1309 2811 1367 2875 illa
1389 2831 1495 2892 quam
1511 2830 1572 2874 me-
1623 2816 1692 2889 nat,
1725 2816 1752 2875 et
1780 2812 1934 2874 rationem
1965 2812 2123 2893 assiprrat,
2163 2813 2241 2892 quia
2278 2812 2337 2876 soli
2367 2811 2456 2876 eleeto
2482 2811 2598 2894 popul<

591 2897 784 2960 moraaimus
805 2897 938 2978 oripims
952 2897 1153 2977 praestantia
1174 2902 1202 2961 et
1224 2897 1383 2975 nohilr'tm,
1412 2901 1448 2960 ut
1468 2897 1571 2979 mapis
1621 2894 1721 2977 suerit
1736 2897 1917 2977 promissus
1944 2897 2117 2978 redemptor
2138 2897 2195 2963 ee
2218 2898 2288 2980 lepe.
2340 2897 2428 2964 Unde
2448 2899 2598 2978 sequitur,

591 2983 680 3047 cedat
701 2983 737 3045 ia
757 2983 907 3046 maiorem
928 2982 1571 3065 ipnomiuiam,doueciu1tliisuiuni·
1622 2982 1747 3047 nullum
1778 3001 1919 3063 unquam
1946 2981 2016 3047 Deo
2048 2983 2165 3047 mltum
2185 2983 2349 3064 placuisse
2381 2984 2448 3048 nisi
2481 2983 2598 3064 quiin

588 3068 687 3151 peniti
702 3087 840 3148 persona
861 3067 1032 3150 redemptor
1053 3073 1208 3150 appareat
1228 3067 1326 3147 Deus,
1356 3067 1413 3149 pui
1431 3066 1571 3132 homines
1625 3066 1785 3132 Christum
1816 3069 1989 3149 respiceret.
2018 3060 2132 3133 'Unde
2169 3070 2264 3133 etiam
2302 3068 2442 3150 affirmat
2474 3067 2598 3133 Paulus

583 3157 707 3235 peccato
725 3152 864 3234 foedatos
885 3158 913 3217 et
934 3157 1092 3234 corruptos
1108 3174 1172 3235 pro
1192 3174 1251 3217 suo
1273 3174 1362 3234 opere
1383 3174 1444 3218 non
1461 3173 1571 3237 apros·
1623 3153 1723 3238 (Eph.
1744 3157 1772 3232 2,
1795 3157 1859 3238 12),
1879 3159 1985 3237 pentes
2005 3173 2109 3219 omnes
2130 3154 2246 3236 absque
2266 3153 2335 3219 Deo
2355 3156 2468 3237 fuisse,
2495 3158 2525 3218 et
2544 3173 2598 3237 spe

588 3239 637 3305 cit.
696 3235 783 3320 Erpa
810 3243 978 3320 postquam
1012 3238 1185 3304 excidimus
1214 3259 1236 3302 a
1269 3241 1335 3304 aito
1366 3240 1403 3303 in
1434 3244 1569 3317 mmmm,
1622 3240 1706 3304 uitae
1728 3238 1861 3304 orbatas.
1906 3238 1981 3303 Iam
2008 3260 2105 3321 quum
2132 3241 2236 3305 doceat
2257 3239 2395 3305 Ioannes
2416 3239 2460 3324 (l,
2479 3238 2526 3324 4),
2553 3239 2598 3305 ai

587 3323 712 3389 inutilis
733 3329 810 3388 esset
827 3329 888 3388 tota
918 3323 975 3388 illa
996 3323 1060 3389 Dei
1081 3326 1243 3403 creatoris,
1271 3325 1309 3390 de
1336 3345 1399 3406 qua
1420 3325 1572 3390 disserui·
1623 3331 1688 3390 tam
1709 3326 1748 3390 ah
1769 3327 1862 3390 initio
1881 3326 1982 3407 fuisse
2003 3327 2038 3389 in
2062 3324 2195 3405 Christo,
2216 3331 2243 3390 et
2265 3324 2303 3391 ab
2330 3347 2368 3390 ca
2388 3325 2539 3391 accidiae
2559 3329 2598 3392 ta

587 3430 674 3489 mus,
704 3411 849 3494 capuitio,
883 3409 949 3473 nisi
976 3409 1149 3476 succederet
1174 3411 1267 3474 etiam
1282 3411 1376 3491 fides,
1410 3411 1515 3476 Deum
1536 3412 1571 3475 in
1622 3417 1690 3474 tum
1717 3411 1886 3490 mundum,
1919 3412 1962 3475 ad
1993 3411 2108 3492 fontem
2140 3412 2231 3476 illum
2261 3412 2365 3476 redire
2396 3431 2516 3477 necesse
2548 3416 2598 3477 eet

590 3494 716 3562 Christo
743 3501 867 3577 patrem
908 3495 996 3560 nolis
1022 3515 1208 3577 proponens.
1258 3495 1342 3562 Erat
1367 3496 1493 3579 quidem
1521 3495 1572 3560 hic
1623 3494 1727 3578 Atque
1747 3498 1817 3562 ideo
1840 3495 1999 3574 Cluistm,
2031 3503 2184 3579 quatenus
2209 3503 2254 3563 est
2268 3499 2475 3580 propitiator,
2501 3517 2536 3562 se
2556 3498 2598 3562 oi

585 3582 744 3666 penninas
761 3581 844 3661 ordo,
867 3585 904 3645 ut
924 3581 1035 3646 mundi
1053 3581 1180 3662 fabrico
1200 3582 1293 3647 uobis
1309 3582 1413 3647 schola
1430 3587 1508 3647 esset
1528 3581 1572 3647 ad
1622 3588 1688 3646 tam
1716 3603 1781 3649 esse
1808 3583 1930 3647 assent.
1974 3581 2019 3646 Et
2046 3605 2123 3648 sane
2149 3603 2211 3648 uon
2239 3584 2282 3649 ad
2309 3584 2391 3648 alios
2418 3602 2514 3663 piram
2535 3581 2598 3648 Der

582 3668 732 3750 mantem
752 3667 946 3745 discordem,
975 3665 1059 3733 uude
1084 3669 1128 3733 ad
1155 3671 1312 3734 adanam
1333 3669 1430 3733 vitam
1452 3673 1570 3750 ciper-
1620 3667 1706 3750 filios
1732 3670 1869 3750 pertinet
1900 3667 2053 3733 coelorum
2074 3669 2257 3734 haereditas.
2302 3668 2463 3734 Filiorum
2495 3673 2598 3734 artem

588 3752 701 3834 seeum
722 3751 899 3833 felicitatem
924 3752 1011 3833 fieret
1037 3755 1199 3819 transitus.
1247 3752 1309 3820 Sed
1330 3759 1404 3836 post
1431 3754 1571 3836 defeaio
1622 3755 1685 3819 loco
1711 3760 1740 3819 et
1767 3753 1877 3819 ordine
1903 3756 2020 3819 censeri
2048 3756 2177 3819 minime
2198 3760 2433 3820 consentaneum
2459 3759 2513 3833 est,
2541 3758 2598 3836 qui

592 3857 670 3914 uem,
694 3856 872 3917 quocunque
898 3843 1055 3903 natamus
1075 3841 1192 3919 oculos,
1214 3861 1344 3905 sursum
1370 3845 1397 3904 et
1425 3842 1571 3906 deorsum
1621 3859 1684 3903 nou
1710 3840 1802 3904 insiti
1832 3845 1907 3905 arrd
1933 3841 1969 3903 iu
2000 3861 2114 3921 corpus
2146 3841 2301 3924 unipeniti
2324 3840 2398 3921 filii.
2447 3840 2493 3905 Et
2516 3839 2598 3906 olere

591 3922 725 3986 occurrit
745 3921 810 3986 Dei
831 3923 1016 4003 maledictio,
1039 3945 1119 4006 quae
1140 3926 1216 3991 dum
1237 3926 1386 3991 innoxias
1408 3930 1571 3992 creaturas
1622 3930 1753 3990 testatur
1776 3925 1910 3991 Ioannes
1932 3925 1977 4011 (1,
1999 3927 2069 4011 12),
2098 3927 2154 4007 qui
2181 3927 2307 3991 credunt
2335 3928 2371 3991 iu
2391 3927 2461 3991 eius
2479 3946 2598 4008 aorrren¹

592 4007 687 4087 culpa
708 4012 816 4072 uestra
843 4014 968 4091 occupat
994 4011 1184 4090 elinooloit,
1211 4013 1424 4094 desperatione
1445 4012 1571 4076 animas
1620 4011 1706 4092 filios
1732 4010 1797 4076 Dei
1821 4013 1902 4093 heri.
1949 4011 2011 4076 Sed
2042 4014 2120 4093 puio
2151 4012 2188 4077 de
2213 4011 2276 4092 fide
2302 4013 2338 4076 in
2372 4011 2534 4077 Christum
2561 4033 2598 4078 ea

591 4097 715 4158 nostros
737 4093 847 4157 obruat
873 4114 992 4159 nmesse
1025 4100 1076 4160 est.
1120 4096 1196 4161 Etsi
1222 4100 1304 4162 enim
1332 4098 1441 4162 multis
1470 4097 1572 4164 adhuc
1617 4098 1759 4180 professo
1786 4098 1939 4163 disserere
1971 4097 2051 4161 mihi
2081 4098 2220 4163 nondum
2239 4099 2440 4180 propositum
2471 4103 2533 4179 est,
2565 4099 2598 4163 in

591 4178 693 4244 modis
708 4182 879 4261 marnam
899 4199 973 4262 erpa
994 4201 1050 4245 nos
1075 4181 1214 4262 favorem
1240 4188 1363 4248 castam
1384 4183 1449 4248 uult
1471 4183 1569 4262 Deus,
1623 4191 1809 4250 transcursu
1830 4185 1973 4266 attipisse
1993 4184 2073 4248 satis
2092 4184 2198 4266 fuerit.
2266 4222 2269 4235 =

590 4285 630 4330 ec
652 4265 763 4330 muudi
790 4269 891 4329 tamea
914 4270 1071 4346 conspectu
1093 4273 1220 4347 patrem
1247 4269 1386 4352 collipere
1411 4270 1570 4347 nonlicet,
1710 4275 1752 4333 2.-
1782 4269 1832 4334 Ac
1847 4270 1983 4350 pande
2003 4269 2097 4334 aeteri
2117 4270 2234 4351 populo
2260 4277 2425 4349 nunquam
2448 4289 2481 4334 se
2507 4269 2598 4337 Deru

592 4351 645 4415 uhi
667 4371 723 4416 uos
744 4351 832 4415 intus
853 4355 940 4434 urpet
961 4351 1153 4431 candentia,
1185 4352 1375 4436 ostenditque
1398 4355 1516 4420 iustam
1536 4356 1571 4418 in
1622 4357 1754 4422 odaidit
1775 4356 1966 4437 propitium,
1999 4375 2053 4420 nec
2085 4375 2171 4436 spem
2198 4357 2323 4438 prateae
2354 4374 2493 4436 unquam
2523 4355 2598 4436 fecit

585 4442 710 4518 peccato
728 4437 933 4502 abdicationis
950 4456 1078 4501 causam
1096 4459 1168 4517 esse,
1191 4459 1229 4504 ne
1246 4459 1308 4520 pro
1327 4440 1409 4521 tiliis
1429 4460 1485 4505 nos
1506 4460 1571 4505 ceu-
1623 4444 1736 4523 ahspue
1757 4442 1932 4506 mediatore.
1981 4440 2094 4506 Omitto
2114 4441 2274 4522 sacrificia
2295 4441 2380 4524 lepis,
2424 4440 2519 4504 urhus
2533 4461 2598 4520 pa-

591 4527 655 4588 seat
677 4522 769 4588 Deus
788 4523 835 4587 cel
855 4527 979 4605 reputet.
1023 4521 1151 4588 Accedit
1171 4529 1198 4589 ct
1226 4527 1366 4591 socordia
1389 4530 1417 4589 et
1438 4527 1571 4608 inprati·
1622 4528 1687 4592 lam
1714 4533 1741 4592 et
1768 4533 1874 4609 aperte
1894 4527 1996 4604 ,edeam
2018 4528 2149 4609 suerum
2166 4527 2287 4609 fideles:
2318 4547 2381 4590 non
2400 4461 2477 4589 ellici
2497 4546 2598 4606 paam

588 4608 678 4671 tudo:
698 4609 776 4689 quia
796 4630 850 4676 nec
871 4613 1126 4688 mentesnoshae,
1148 4616 1184 4674 ut
1198 4615 1272 4674 sunt
1288 4618 1472 4689 excaecatae,
1494 4611 1571 4692 quid
1622 4615 1657 4677 iu
1678 4614 1862 4695 capriatimie,
1886 4632 1966 4693 puae
1994 4634 2015 4676 a
2037 4613 2101 4677 solo
2125 4611 2247 4677 Christo
2270 4617 2399 4694 peracta
2419 4614 2476 4690 est,
2502 4632 2598 4693 puae·

588 4713 696 4756 omum
716 4695 759 4758 sit
780 4701 921 4776 manunt·
943 4700 979 4775 et,
1001 4699 1036 4758 ut
1050 4695 1149 4777 praui
1168 4702 1240 4760 sunt
1261 4718 1364 4762 omnes
1385 4717 1496 4763 seusus
1518 4717 1570 4761 no-
1622 4700 1753 4763 reudam
1785 4698 1917 4763 salutem
1943 4718 2016 4762 esse.
2067 4698 2135 4762 Hoc
2161 4704 2282 4763 tautum
2305 4698 2387 4776 duo,
2420 4696 2543 4762 mum
2570 4704 2598 4764 et

589 4778 661 4855 stri,
694 4778 799 4843 Deum
831 4782 966 4866 malipne
988 4801 1049 4846 sua
1079 4781 1182 4863 ploria
1213 4783 1411 4859 fraudamus.
1457 4782 1570 4863 Itaque
1619 4784 1739 4867 felicem
1770 4783 1914 4848 ecclesiae
1946 4790 2063 4848 statum
2095 4790 2215 4865 semper
2247 4785 2283 4847 iu
2313 4781 2432 4848 Christi
2457 4803 2598 4864 persona

588 4863 771 4928 veniendum
803 4869 846 4932 ad
875 4867 955 4933 illud
987 4866 1086 4933 Pauli
1114 4866 1146 4951 (1
1168 4866 1242 4933 Cor.
1266 4874 1292 4948 1,
1318 4873 1391 4951 21).·
1422 4870 1570 4950 quoniam
1619 4870 1721 4952 fuisse
1750 4870 1929 4952 fundatum.
1987 4870 2073 4934 Nam
2111 4871 2168 4935 etsi
2199 4868 2290 4934 Deus
2321 4874 2417 4933 totam
2446 4869 2598 4936 Abrahae

588 4949 624 5013 in
646 4949 803 5028 sapienia
823 4951 888 5017 Dei
908 4975 968 5017 uon
990 4954 1124 5037 copnooil
1145 4955 1283 5021 muudus
1298 4976 1359 5036 per
1380 4956 1569 5037 sapientiam
1621 4955 1751 5020 sobolem
1771 4956 1806 5019 in
1825 4955 1947 5037 foedere
1968 4976 2024 5020 suo
2041 4954 2219 5035 complexus
2235 4960 2288 5034 est,
2305 4955 2477 5037 prudenter
2492 4960 2598 5021 tamen

589 5034 709 5112 Deum,
731 5034 854 5116 placuit
879 5038 947 5104 Deo
967 5060 1028 5121 per
1052 5040 1219 5105 stultitmm
1237 5042 1487 5123 praedicationis
1507 5039 1569 5104 sal-
1620 5042 1827 5106 ratiocimtur
1852 5040 1976 5107 Paulus
2009 5041 2099 5127 (Gal.
2121 5045 2149 5119 3,
2178 5041 2247 5126 16),
2283 5039 2443 5105 Christum
2463 5041 2598 5122 proprie

589 5142 643 5186 uos
660 5120 764 5199 facere
786 5123 944 5190 credentes.
990 5125 1187 5206 Sapientiam
1205 5125 1269 5191 Dei
1290 5127 1428 5208 appellat
1448 5127 1570 5209 mapni-
1620 5148 1685 5193 esse
1713 5148 1815 5192 seruere
1848 5127 1928 5193 illud
1963 5130 1998 5192 ia
2028 5148 2088 5208 pua
2119 5127 2339 5192 benediemdae
2370 5130 2459 5191 eram
2491 5146 2598 5194 monce

589 5206 682 5277 hana
703 5207 758 5272 hoc
781 5207 933 5273 theatrum
955 5212 1027 5275 coeli
1049 5217 1077 5276 et
1097 5217 1205 5290 terrae,
1236 5214 1412 5278 innumeris
1433 5213 1569 5276 miracu·
1617 5219 1738 5297 pentes·
1763 5214 1886 5294 quaudo
1907 5216 2025 5279 scimus
2045 5235 2108 5278 non
2130 5233 2242 5292 manes,
2261 5214 2317 5294 pul
2338 5213 2507 5276 seeundum
2527 5231 2598 5276 aar·

590 5293 631 5357 lis
648 5293 806 5374 refertum,
829 5315 867 5359 ca
888 5296 979 5360 cuius
1007 5297 1122 5362 irituitu
1142 5299 1300 5378 sapienter
1320 5297 1426 5364 Deum
1448 5318 1568 5381 capnos·
1618 5319 1687 5363 nem
1719 5321 1757 5364 ee
1784 5320 1817 5364 co
1846 5302 1945 5382 pendi
1975 5306 2057 5380 mut,
2091 5304 2250 5382 reputatos
2280 5298 2383 5380 fuisse
2414 5299 2450 5362 in
2470 5297 2597 5362 semine

588 5397 654 5442 cere
690 5380 827 5460 decebam
861 5381 916 5447 sed
948 5383 1023 5462 quia
1058 5388 1122 5447 tom
1152 5385 1234 5449 male
1271 5385 1337 5450 illic
1362 5384 1565 5466 profectums,
1620 5385 1708 5448 Nam
1736 5391 1772 5450 ut
1797 5386 1836 5450 de
1864 5386 2000 5451 Ianaele
2022 5391 2049 5450 et
2070 5386 2147 5451 aliis
2168 5391 2301 5463 taceam,
2329 5385 2386 5465 pui
2411 5383 2530 5465 sactum
2551 5387 2598 5449 est

588 5470 707 5527 revocat
727 5487 784 5530 nos
810 5467 854 5531 ad
872 5467 967 5548 [idem
994 5465 1126 5547 Christi,
1155 5489 1235 5549 puae
1256 5470 1296 5535 ah
1323 5470 1475 5535 stultitiae
1500 5491 1566 5552 spe-
1617 5476 1653 5534 ut
1673 5491 1712 5535 ec
1733 5472 1852 5536 duobus
1871 5471 1953 5552 filiis
1975 5472 2085 5550 Isaac,
2114 5491 2221 5554 nempe
2242 5470 2334 5535 Esau
2362 5468 2505 5533 etlacoh
2525 5468 2598 5550 fra-

590 5548 668 5611 ciem
693 5551 863 5616 incredulis
882 5553 1013 5635 fastidio
1034 5558 1086 5617 est.
1133 5554 1324 5636 Quanquam
1343 5576 1413 5638 erpo
1430 5554 1565 5620 humano
1617 5556 1719 5621 trihus
1732 5558 1878 5640 porcinis,
1901 5579 1999 5640 quum
2020 5557 2122 5623 adhuc
2142 5559 2179 5621 in
2199 5560 2286 5622 utero
2304 5556 2419 5620 matris
2438 5555 2596 5620 coniuncti

588 5634 711 5716 inpenio
743 5657 805 5702 non
841 5639 1001 5720 respondet
1025 5638 1221 5719 praedicatio
1252 5644 1368 5722 crucis,
1407 5641 1566 5708 humiliter
1616 5649 1723 5724 essent,
1745 5665 1808 5709 uuo
1826 5643 1915 5708 eluto
1937 5643 2016 5708 alter
2037 5642 2283 5724 repudiaretur?
2307 5641 2378 5706 Ima
2399 5643 2456 5722 pui
2473 5641 2598 5722 fadum
