5600 6809
428 774 492 837 116
1077 760 1344 831 msrrrurro
1365 761 1787 829 snccessurae.
2054 774 2061 791 =
2196 716 2203 729 ’
2373 767 2436 827 sao
2521 726 2526 735 ‘

428 957 570 1059 11666111
597 957 639 1021 ad
664 956 892 1037 lompldaadea
919 973 1021 1052 sarcos
1048 975 1121 1018 suos
1148 955 1282 1033 omittat5
1315 957 1407 1050 atque
1457 958 1555 1034 patet
1611 950 1714 1050 Certe·
1743 957 1782 1015 ut
1814 959 1864 1050 661
1895 951 2182 1051 116116616611111111,
2223 951 2308 1014 nihil
2338 972 2436 1051 quam

428 1049 475 1110 rto
494 1043 707 1141 liberalitatem
724 1063 817 1107 scam
832 1045 1042 1140 pqoecqactur,
1061 1043 1097 1102 ut
1113 1044 1213 1136 tornea
1233 1044 1406 1122 proruam
1458 1036 1631 1137 obscurare
1652 1037 1717 1101 Der
1745 1043 1901 1136 grabam,
1933 1046 1966 1100 et
1989 1037 2136 1101 hommes
2158 1057 2262 1136 prava
2283 1039 2437 1138 superbra

429 1130 607 1208 6166111666,
630 1149 711 1210 quae
729 1129 989 1210 fossatariam
1008 1131 1060 1203 est,
1081 1145 1232 1206 respicere
1253 1145 1310 1188 666
1329 1145 1406 1188 sem-
1457 1123 1605 1187 rmbuere
1630 1131 1746 1204 potest.
1791 1122 1851 1188 Usr
1885 1131 1975 1199 sunt,
2005 1124 2124 1220 fateor,
2157 1143 2281 1205 passim
2313 1130 2438 1188 vetustr

427 1235 484 1298 per
504 1215 584 1278 66111.
632 1216 819 1295 Quanquam
846 1214 928 1276 euim
955 1232 1035 1292 qaae
1061 1210 1149 1274 eoba
1175 1210 1311 1290 quetidie
1338 1230 1406 1274 coa·
1459 1208 1614 1273 ecclesiae
1647 1209 1852 1307 scriptores,
1880 1215 1976 1290 atque
2011 1216 2138 1307 utinam
2171 1209 2305 1273 voculae
2338 1210 2438 1274 unius

427 1301 490 1383 fert
511 1301 607 1379 dona,
635 1307 785 1380 qautenus
806 1296 1020 1396 6111116ζ6116
1035 1297 1204 1394 prodeant,
1228 1301 1326 1374 amat,
1355 1315 1407 1359 66
1459 1294 1564 1358 abusu
1591 1314 1710 1358 erroris
1737 1301 1911 1392 matemam
1942 1302 2079 1392 posterrs
2107 1315 2173 1358 rrorr
2201 1295 2436 1391 praebuissent.

430 1391 531 1450 stram
552 1383 1030 1485 mercedemmercederm
1047 1386 1280 1462 acceptatorem
1297 1387 1404 1458 1611616,
1460 1378 1660 1460 Quanquam
1695 1379 1863 1479 nonnullis
1897 1400 1972 1477 rpsr·
1996 1399 2122 1479 quoquc
2153 1380 2232 1479 locrs
2263 1387 2436 1479 1661111111,

430 1491 510 1555 qaae
538 1473 605 1537 sola
634 1472 748 1552 saletre
776 1488 901 1534 asemas
928 1472 1052 1567 nostros
1076 1472 1193 1567 'potest3
1225 1486 1304 1548 quae
1336 1486 1407 1564 vero
1459 1456 2437 1593 6161116611616611116116γ61111111611161111118166111111

1144 1553 1315 1637 om
1337 1573 1409 1634 r
2025 1550 2438 1633 >

779 1739 792 1755 “
1459 1718 1525 1822 Dei
1546 1721 1666 1820 gratia,
1690 1742 1759 1821 'per
1779 1722 1890 1787 Iasum
1912 1722 2091 1822 Qhristum.
2136 1722 2239 1823 Item:
2254 1722 2300 1821 ²).
2315 1723 2440 1824 meritis

773 1929 924 1996 m„
947 1929 1016 1994 X,
1044 1930 1070 2013 „
1460 1807 2440 1979 11111111111116111111111

1018 1980 1024 1992 “
1462 1977 1547 2043 (16111
1567 1979 1665 2044 bomo
1687 1979 1843 2063 quidquid
1865 1979 1942 2044 boni
1969 1979 2082 2058 habet,
2111 2001 2178 2044 non
2206 2001 2241 2045 se
2270 1980 2392 2044 habere
2421 2002 2441 2044 a

433 2072 554 2178 Quae
580 2073 633 2154 de
665 2101 840 2183 operum
872 2070 1033 2153 meritis
1064 2070 1288 2178 motantur,
1319 2082 1410 2152 tam·
1461 2087 1512 2139 sc,
1536 2065 1593 2130 sed
1616 2086 1635 2129 a
1656 2065 1728 2130 Deo
1750 2086 1823 2144 suc,
1846 2062 1937 2131 videt
1958 2064 1993 2129 id
2015 2074 2120 2129 totum
2142 2064 2228 2147 quod
2249 2067 2285 2129 in
2307 2086 2345 2129 66
2368 2065 2439 2130 lau·

504 2195 512 2209 ·
734 2192 742 2207 ·
1077 2190 1085 2207 ·
1165 2191 1207 2207 ··
1485 2158 1569 2228 atur,
1591 2172 1658 2215 non
1681 2149 1720 2214 de
1744 2150 1811 2215 suis
1833 2151 1970 2230 meritis,
1993 2150 2051 2216 sed
2073 2151 2114 2216 de
2132 2149 2357 2216 misericordia
2373 2149 2439 2214 Dei

431 2193 515 2276 Der
537 2192 709 2275 laudern
731 2223 775 2272 111
798 2191 1049 2273 conferenda
1073 2202 1255 2296 rustrtra,
1281 2220 1410 2300 quam
1462 2257 1541 2300 esse.
1592 2235 1695 2301 Vides
1723 2242 1760 2301 ut
1787 2235 1940 2319 adempta
1965 2237 2092 2302 homini
2116 2238 2200 2302 bone
2227 2235 2346 2320 agendi
2371 2237 2439 2301 vir-

564 2312 714 2394 salutis
747 2311 1045 2393 certitudinem
1076 2321 1277 2394 evertere.
1362 2330 1370 2347 ⁸
1462 2328 1545 2399 tute,
1577 2321 1685 2386 meriti
1712 2343 1840 2405 quoque
1866 2321 2061 2406 dignitatem
2090 2328 2283 2405 prosternat
2329 2322 2440 2405 Chry·

449 2461 451 2466 ,
1039 2424 1046 2430 ·
1462 2408 1667 2489 6661611164)
1701 2415 1826 2472 autem:
1860 2415 1974 2473 nostra
2005 2409 2033 2473 si
2066 2429 2132 2492 qua
2165 2414 2346 2492 sequuntur
2376 2408 2440 2472 Dei

522 2501 547 2560 l.
576 2496 648 2560 Iam
666 2494 753 2579 quod
769 2495 978 2577 praecipuum
998 2502 1048 2559 est
1064 2495 1098 2557 in
1117 2495 1179 2558 baa
1195 2513 1293 2558 causa
1309 2513 1410 2577 expe·
1462 2493 1640 2577 gratuitam
1661 2493 1865 2558 vocationem
1892 2515 2006 2577 opera,
2035 2494 2205 2559 retributio
2227 2500 2307 2558 sunt
2329 2500 2363 2558 et
2385 2493 2440 2557 de-

432 2582 586 2647 divimus:
609 2583 693 2665 quia,
717 2582 744 2646 si
766 2581 917 2663 operibus
934 2580 1086 2645 fulciatur
1103 2579 1235 2658 iustitia,
1258 2599 1410 2644 corruere
1461 2579 1584 2657 bitum;
1607 2583 1641 2642 at
1658 2578 1722 2643 Dei
1743 2599 1889 2659 munera,
1913 2581 2020 2663 gratia
2037 2586 2071 2645 et
2087 2579 2303 2645 beneficentia
2324 2586 2357 2644 et
2376 2580 2441 2643 lar·

431 2669 581 2750 protinus
613 2688 633 2730 a
667 2675 842 2749 conspectu
873 2667 940 2730 Dei
977 2686 1108 2730 necesse
1143 2666 1202 2745 sit,
1243 2665 1313 2729 sola
1345 2664 1410 2729 Dei
1462 2664 1594 2748 gitiorris
1626 2664 1827 2748 magnitudo.
1883 2662 2014 2730 Omisso
2045 2671 2158 2731 tamen
2188 2666 2334 2740 1161111116,
2371 2686 2441 2729 rem

363 2771 373 2788 ⁸
431 2752 669 2830 misericordia,
698 2751 766 2816 sola
788 2751 913 2817 Christi
935 2752 1245 2828 communicatione,
1273 2750 1411 2832 ideoque
1461 2749 1570 2833 potius
1588 2771 1770 2815 cernamus.
1813 2748 2057 2832 coaequarem
2075 2756 2167 2816 antea
2184 2749 2440 2833 exsacerdos»)

433 2839 503 2903 sola
532 2838 596 2903 fide
626 2838 794 2903 contineri.
838 2838 1058 2919 Praecipuum
1084 2844 1194 2901 autem
1223 2837 1312 2902 hunc
1338 2857 1410 2901 csse
1462 2836 1659 2900 ambatiam:
1691 2842 1729 2899 ut
1751 2835 1793 2901 ad
1814 2837 1970 2901 meritum
1992 2838 2071 2901 satis
2093 2844 2143 2901 est
2165 2836 2205 2901 de
2226 2836 2353 2901 meritis
2374 2856 2440 2900 non

432 2943 549 2991 causae
572 2924 737 2989 cardinem
760 2923 934 3006 diligenter
956 2920 1262 2999 animadvertamus,
1288 2922 1409 2986 ncilla
1484 2942 1680 3000 raesumere,
1704 2922 1750 2987 sic
1767 2943 1879 2988 carere
1896 2922 2031 3003 meritis,
2053 2920 2132 2988 satis
2149 2932 2199 2987 est
2216 2921 2257 2986 ad
2274 2920 2438 2986 iudicium.

432 3010 640 3093 implicemur
656 3009 831 3086 communi,
850 3030 917 3073 non
933 3009 1026 3092 vulgi
1043 3008 1148 3086 modo,
1172 3007 1411 3073 seddoctorum
1461 2942 1531 3072 bed
1553 3007 1708 3073 continuo
1730 3007 1842 3073 addita
1864 3009 2150 3092 interpretatione,
2174 3006 2328 3072 duritiem
2350 3007 2439 3072 vocis

432 3096 533 3160 etism
560 3094 820 3159 hallucinatione.
866 3092 974 3159 Simul
1002 3094 1091 3158 enim
1120 3101 1217 3176 atque
1241 3094 1410 3175 quaeritur
1463 3093 1543 3157 satis
1571 3093 1710 3173 emollit,
1743 3115 1844 3176 quum
1872 3093 1965 3159 dicit:
1999 3093 2137 3177 proinde
2168 3095 2286 3157 merita
2318 3092 2440 3157 babere

433 3179 473 3245 dc
494 3180 570 3245 fidei
593 3202 790 3263 operumque
811 3179 1058 3258 iustificatione,
1090 3178 1268 3243 decurrunt
1291 3178 1332 3242 ad
1355 3199 1410 3243 eos
1462 3199 1571 3257 cures;
1605 3177 1733 3260 habita,
1768 3179 1844 3243 data
1875 3179 2019 3258 noveris3
2060 3181 2203 3246 fructum
2234 3198 2346 3262 speres
2375 3179 2442 3242 Dei

431 3267 518 3332 locos
557 3268 613 3350 qui
651 3265 783 3349 aliquod
817 3266 971 3349 operibus
1007 3265 1162 3330 meritum
1197 3285 1306 3330 coram
1336 3265 1409 3329 Deo
1462 3263 1727 3344 misericordiam,
1753 3271 1787 3329 61
1807 3286 1903 3330 omne
1924 3266 2106 3348 periculum
2128 3265 2275 3342 evasisti,
2298 3284 2440 3349 pauper·

431 3353 576 3418 tribuere
603 3351 770 3417 videntur:
804 3351 939 3435 perinde
971 3371 1049 3415 vero
1075 3372 1113 3415 ac
1140 3351 1168 3415 si
1195 3351 1301 3415 evicta
1325 3351 1410 3414 for'et
1461 3350 1553 3428 tatis,
1582 3350 1844 3434 ingratitudinis,
1859 3407 1864 3414 .
1876 3351 2164 3434 praesumptionis:
2198 3350 2278 3415 felix
2306 3350 2442 3415 ecclesia
2525 3422 2527 3426 ,

432 3459 567 3521 operum
588 3439 789 3515 iustificatio,
815 3439 843 3502 si
864 3437 1037 3519 probatum
1057 3436 1158 3500 fuerit
1179 3436 1316 3501 aliamue
1339 3456 1410 3501 6666
1461 3435 1514 3500 cui
1533 3456 1594 3500 nec
1610 3435 1729 3501 merita
1747 3438 1817 3502 sine
1837 3438 2112 3520 praesumptione,
2135 3458 2195 3502 nec
2217 3437 2441 3520 praesumptio

433 3524 519 3606 apud
551 3525 662 3589 Deum
693 3524 799 3607 pretii.
844 3524 1026 3587 Enimvero
1058 3540 1097 3586 su
1120 3542 1159 3586 ra
1187 3522 1273 3587 clare
1300 3527 1409 3586 osten·
1461 3521 1532 3585 sine
1559 3522 1684 3587 meritis
1712 3521 1811 3588 deest.
1856 3523 1902 3587 Et
1933 3522 2030 3605 paulo
2065 3530 2140 3587 ante
2173 3519 2301 3586 abunde
2333 3528 2441 3586 osteu-

429 3609 555 3688 dimus,
587 3610 621 3674 in
654 3610 798 3693 perfecta
831 3607 1056 3673 tantummodo
1083 3541 1293 3689 absolutaque
1326 3607 1409 3691 legis
1462 3602 1556 3671 derat
1586 3627 1684 3689 quam
1715 3609 1769 3691 pio
1797 3630 1896 3673 sensu
1922 3615 2078 3672 uteretur.
2122 3607 2209 3671 Nam
2239 3606 2440 3685 demeritis,

433 3696 657 3760 observatione
696 3696 873 3761 consistere
912 3714 1048 3776 operum
1088 3694 1256 3758 iustitiam.
1310 3693 1409 3758 Unde
1461 3692 1582 3775 inquit,
1610 3692 1687 3775 quid
1715 3692 1854 3759 sollicita
1881 3695 1925 3759 sit
1946 3693 2096 3773 ecclesia,
2126 3694 2179 3758 cui
2208 3693 2249 3757 de
2276 3693 2441 3777 proposito

434 3781 592 3861 sequitur,
613 3802 680 3844 norr
702 3781 871 3846 iustificari
893 3779 1046 3862 operibus
1068 3778 1243 3857 bominem,
1266 3778 1331 3844 nisi
1353 3780 1410 3861 qui
1461 3777 1527 3843 Dei
1547 3779 1673 3843 firmior
1690 3780 1898 3864 securiorque
1916 3780 2044 3845 exsistit
2065 3779 2226 3862 gloriandi
2247 3779 2352 3843 ratio?
2376 3801 2441 3843 non

434 3864 476 3928 sd
498 3884 663 3929 summum
683 3867 889 3948 perfectionis
910 3873 1057 3944 evectus,
1080 3865 1212 3941 nullius,
1236 3864 1290 3929 vel
1311 3865 1409 3928 mini-
1461 3871 1567 3947 potest
1589 3885 1624 3929 se
1645 3864 1753 3946 ipsum
1776 3887 1897 3949 negare
1918 3864 2026 3931 Deus:
2050 3866 2148 3931 faciet
2168 3864 2255 3948 quod
2277 3866 2440 3948 promisit;

432 3970 507 4014 mae
535 3952 803 4034 transgressionis
832 3952 925 4034 argui
954 3960 1061 4033 queat.
1105 3950 1222 4015 Altera
1248 3951 1350 4034 igitur
1376 3956 1411 4014 61
1462 3949 1490 4014 61
1512 3955 1651 4016 nonest
1679 3948 1766 4034 quod
1791 3972 1943 4034 quaeras,
1973 3951 2091 4035 quibus
2117 3953 2244 4017 meritis
2272 3972 2441 4034 speremus

433 4042 585 4117 separata
616 4042 666 4100 est
697 4038 856 4117 quaestio,
891 4044 1057 4119 uteunque
1090 4034 1132 4101 ad
1163 4033 1410 4101 iustificandum
1461 4034 1567 4101 bona?
1600 4037 1795 4118 praesertim
1844 4060 1924 4102 uum
1954 4037 2083 4102 audias:
2118 4060 2184 4102 non
2213 4045 2346 4120 propter
2370 4057 2439 4113 ros,

415 4120 602 4204 ‚bominem
632 4121 767 4185 minime
800 4122 965 4187 sufficiant
996 4143 1110 4206 opera,
1149 4142 1261 4186 annon
1297 4128 1409 4186 tamen
1463 4118 1520 4186 sed
1547 4128 1681 4205 propter
1712 4143 1774 4187 me.
1819 4059 1949 4190 defficit
1978 4122 2020 4188 ad
2046 4125 2210 4202 meritum,
2240 4123 2323 4188 scire
2355 4120 2439 4204 quod

433 4206 491 4271 illa
512 4205 599 4288 apud
621 4207 732 4270 Deum
754 4207 895 4290 gratiam
916 4206 1185 4289 promereantur?
1462 4227 1529 4272 non
1550 4208 1715 4274 sufficiant
1736 4209 1861 4273 merita

521 4295 550 4356 2.
594 4292 754 4369 Primum,
785 4292 956 4357 demeriti
982 4293 1115 4358 nomine
1142 4290 1179 4356 id
1206 4293 1289 4357 mibi
1315 4313 1410 4377 prae-
1550 4296 1579 4358 3.
1625 4292 1715 4374 Quid
1750 4298 2000 4377 promereantur
2039 4295 2150 4358 omnia
2184 4313 2282 4375 opera
2316 4298 2436 4366 nostra,

433 4379 496 4443 fari
520 4394 655 4443 necesse
683 4385 748 4443 est:
781 4379 967 4461 quicunque
993 4378 1120 4460 primus
1147 4377 1229 4442 illud
1258 4378 1411 4462 operibus
1463 4379 1625 4462 scriptura
1644 4380 1786 4446 ostendit
1807 4402 1907 4464 quum
1924 4380 1989 4446 Dei
2008 4401 2086 4446 cons
2108 4386 2216 4444 ectum
2237 4377 2324 4441 ferre
2343 4395 2438 4457 posse

432 4464 586 4529 humanis
608 4463 650 4530 ad
671 4460 737 4529 Dei
757 4464 916 4530 iudicium
941 4464 1137 4546 comparatis
1162 4465 1304 4547 aptarit,
1332 4484 1410 4530 eum
1463 4472 1573 4548 negat,
1606 4466 1683 4549 quia
1713 4459 1942 4533 immunditiae
1972 4465 2038 4530 sint
2065 4400 2176 4547 piena
2215 4460 2294 4544 quid
2321 4458 2438 4525 deinde

373 4577 377 4588 ⁴*
432 4548 510 4615 fidei
541 4550 722 4616 sinceritati
755 4551 896 4633 pessime
930 4549 1140 4615 consuluisse.
1193 4550 1357 4634 Equidem
1390 4570 1411 4614 a
1462 4551 1680 4634 promeriture
1700 4553 1743 4617 sit
1763 4553 1906 4635 perfecta
1925 4550 2009 4633 legis
2031 4548 2213 4614 observatio
2236 4548 2279 4632 (si
2300 4567 2365 4629 qua
2386 4568 2437 4610 re·

432 4635 645 4720 legomacbiis
664 4635 770 4701 libens
792 4636 954 4712 abstineo,
982 4633 1040 4700 sed
1069 4655 1221 4718 cuperem
1244 4655 1320 4700 eam
1342 4656 1410 4700 ser-
1462 4637 1563 4720 periri
1583 4637 1717 4723 posset),
1740 4658 1841 4719 quum
1862 4635 2020 4719 praecipit
2040 4640 2078 4699 ut
2094 4652 2154 4698 nos
2171 4633 2305 4698 inutiles
2327 4654 2438 4698 servos

432 4728 545 4788 vatam
583 4722 684 4787 fuisse
717 4743 846 4806 semper
877 4722 963 4786 inter
1002 4720 1198 4786 christianos
1236 4723 1411 4803 scriptores
1462 4729 1652 4805 reputemus
1678 4743 1780 4805 quum
1800 4721 1972 4786 fecerimus
1994 4720 2103 4784 omnia
2123 4740 2207 4802 quae
2232 4719 2438 4802 praecipiun-

433 4807 656 4885 sobrietatem,
690 4828 731 4872 ne
758 4827 933 4890 usurpare,
966 4827 1071 4889 quum
1097 4807 1182 4871 nibil
1208 4827 1290 4890 opus
1315 4807 1409 4886 foret,
1463 4814 1518 4872 tur
1545 4807 1638 4872 nobis
1665 4807 1760 4891 (Luc.
1783 4810 1831 4885 17,
1854 4804 1923 4890 10);
1952 4806 2029 4887 quia
2055 4803 2139 4870 nibil
2167 4807 2349 4888 gratuitum
2376 4804 2438 4868 im-

434 4895 592 4956 extransa
613 4912 632 4955 a
653 4893 823 4975 scripturis
850 4893 1008 4958 voeabula
1035 4893 1072 4957 111
1093 4894 1241 4957 animum
1259 4891 1411 4957 induxis·
1462 4890 1670 4975 penderimus
1697 4889 1855 4970 Domino,
1889 4890 1948 4955 sed
1974 4889 2092 4957 debitis
2119 4888 2282 4974 obsequiis
2309 4898 2438 4955 tantum
2477 4885 2482 4900 ‘

435 4983 524 5053 sent,
563 4995 645 5057 quae
676 4979 819 5044 multum
854 4985 1009 5062 parerent
1040 4978 1242 5056 offendiculi,
1284 4979 1411 5044 frustm
1463 4977 1608 5042 (1611111611
1642 4978 1759 5055 simus,
1800 4975 1919 5059 quibus
1951 4998 2019 5041 nou
2052 4985 2102 5043 est
2134 4976 2287 5042 habenda
2324 4978 2438 5061 gratia.

434 5061 617 5126 minimum.
661 5060 827 5143 Quorsum
850 5065 953 5143 enirn,
986 5064 1135 5144 obsecro,
1164 5084 1246 5147 opus
1267 5063 1331 5127 brit
1357 5065 1410 5127 in·
1462 5062 1625 5129 Dominus
1650 5069 1775 5142 tamen,
1806 5083 1889 5145 quae
1916 5063 1953 5127 in
1980 5085 2040 5129 nos
2062 5062 2203 5129 eontulit
2224 5063 2310 5128 bona
2331 5084 2437 5145 opera,

434 5146 512 5213 vehi
539 5163 659 5210 nomen
685 5150 809 5229 meriti,
842 5171 943 5232 quum
975 5151 1118 5232 pretium
1145 5150 1305 5233 bonorum
1333 5167 1411 5231 ope-
1463 5155 1497 5213 et
1517 5153 1630 5212 nostra
1651 5147 1807 5231 appellat,
1837 5156 1872 5213 et
1890 5169 1960 5212 non
1980 5156 2110 5215 rantum
2131 5157 2263 5232 accepta
2285 5147 2345 5213 sibi
2367 5167 2438 5210 6666

434 5250 509 5298 rum
540 5232 763 5315 significanter
794 5235 857 5299 alio
893 5236 1025 5300 1161111116
1060 5237 1142 5301 citra
1172 5233 1410 5299 offendiculum
1462 5240 1616 5313 testatur,
1644 5232 1702 5298 sed
1728 5234 2022 5300 remunerationem
2044 5237 2145 5300 etiam
2166 5235 2325 5300 habitura
2370 5231 2437 5295 No-

435 5317 592 5401 errplicari
630 5317 760 5400 posset?
804 5318 976 5400 Quantum
1010 5327 1120 5386 autem
1157 5321 1268 5402 ipsum
1306 5319 1410 5383 offen·
1463 5326 1569 5385 strorn
1590 5327 1641 5384 est
1661 5320 1804 5386 vicissim
1826 5327 1922 5386 tanta
1941 5323 2156 5404 promissione
2183 5319 2336 5395 animari,
2366 5317 2437 5379 ani-

435 5405 535 5470 sionis
556 5405 592 5468 in
614 5423 650 5468 se
671 5403 843 5485 contineat,
866 5425 986 5490 magno
1007 5425 1083 5473 cum
1104 5406 1192 5471 orbis
1214 5403 1411 5470 detrimento

1533 5609 1777 5671 1116166161.
1797 5612 1886 5663 Sonat.
1905 5627 1926 5664 a
1945 5608 1986 5662 15.
2050 5607 2220 5677 2)1n1²sal.
2239 5605 2296 5659 139.
2358 5605 2436 5674 3111

505 5674 534 5743 1)
555 5675 625 5730 Olim
645 5678 710 5744 Cap.
731 5676 765 5729 X.
784 5678 806 5743 §.
825 5676 945 5731 49-56.
1465 5679 1536 5732 Paul.
1554 5677 1596 5732 &a
1659 5678 1691 5746 4)
1708 5679 1808 5732 Hamil
1826 5676 1869 5732 Β.
1887 5679 1915 5730 iu
1931 5677 2030 5731 Genea
2094 5675 2174 5743 5116
2192 5673 2435 5729 (11118611168.
