5600 6809
412 774 478 837 aas
1058 761 1326 830 99999999
1346 763 1452 829 auu.
1475 728 1656 830 999199.
1684 766 1774 826 9959.
2365 765 2435 827 999

419 958 527 1026 subita
542 964 648 1020 morte
666 961 797 1037 praeter
817 974 910 1035 spem
928 952 1076 1019 omnium
1094 954 1198 1035 abripi
1215 952 1396 1036 9991199911
1449 952 1628 1035 baptizate,
1644 950 1798 1015 docentes
1816 969 1948 1014 servare
1969 970 2181 1033 quaecunque
2198 952 2351 1033 praecepi
2371 973 2435 1016 99-

417 1044 518 1115 01999
545 1048 595 1106 991
622 1040 759 1104 Domini
788 1039 978 1121 promissio,
1012 1039 1198 1121 quicunque
1226 1041 1261 1103 in
1290 1037 1397 1102 filium
1444 1039 1508 1104 bis.
1558 1037 1645 1117 Quod
1666 1037 1748 1100 aaa
1770 1038 1989 1101 onrwtuvimus
2020 1037 2057 1100 ia
2082 1037 2141 1101 1119
2170 1035 2436 1101 0191999999-

419 1126 567 1205 credidit,
589 1147 657 1190 non
675 1127 824 1192 visurum
841 1133 992 1202 mortem,
1012 1144 1071 1188 nec
1089 1125 1124 1189 in
1142 1123 1299 1190 iudicium
1316 1145 1397 1188 ven·
1449 1125 1495 1188 tic
1516 1122 1653 1205 999919
1675 1143 1774 1203 99999
1800 1127 1828 1185 et
1856 1123 1989 1203 99199199
2015 1125 2243 1205 regeneratione
2264 1144 2368 1203 99999
2389 1124 2437 1187 ci»

419 1221 548 1289 turum,
579 1212 635 1276 sed
663 1212 833 1275 transiisse
860 1232 881 1275 9
905 1217 1010 1274 99919
1038 1212 1074 1273 19
1104 1211 1220 1290 vitam;
1250 1209 1397 1275 nondum
1451 1209 1607 1291 19191911.
1654 1208 1742 1272 Nam
1769 1208 1864 1272 91119
1885 1208 2082 1291 intelligitur
2103 1208 2437 1291 91999191991,11119

420 1299 621 1382 baptizatum
648 1297 767 1362 nullibi
789 1295 962 1361 damnasse
991 1297 1197 1377 comperitur.
1242 1295 1340 1376 Quod
1362 1296 1398 1359 in
1451 1295 1678 1377 cetepriorem
1696 1294 1859 1376 spirituali
1877 1295 2123 1376 regeneratione
2143 1296 2339 1376 baptismum
2357 1315 2437 1359 esse

420 1407 494 1452 eam
515 1404 535 1447 9
556 1405 609 1448 me
631 1391 759 1465 partem
782 1384 883 1464 accipi
906 1382 990 1460 nelo,
1013 1381 1148 1463 perinde
1166 1404 1203 1447 99
1225 1383 1253 1446 91
1274 1381 1398 1463 baptis·
1452 1380 1633 1459 conveniet,
1656 1379 1786 1462 quando
1805 1380 1914 1462 priore
1931 1379 2001 1443 loco
2018 1380 2216 1445 nominatur.
2248 1380 2323 1444 Non
2341 1382 2437 1444 enim

420 1492 514 1536 mum
541 1470 707 1535 contemni
732 1470 867 1550 impune
894 1488 988 1549 posse
1014 1469 1188 1532 innuerem
1217 1468 1297 1552 (quc
1321 1488 1398 1532 con·
1452 1488 1513 1532 nos
1535 1487 1577 1529 99
1599 1467 1719 1549 spiritu
1737 1474 1771 1529 et
1794 1486 1887 1546 aqua,
1910 1465 2027 1530 sodex
2045 1486 2130 1547 aqua
2147 1475 2180 1530 91
2201 1467 2319 1549 9919119
2335 1486 2437 1548 rege·

421 1563 550 1640 199919
572 1556 731 1620 violatum
752 1555 793 1617 iri
815 1554 952 1616 Domini
970 1553 1083 1618 foedus
1101 1554 1243 1618 affirmo:
1268 1561 1399 1618 tantum
1452 1552 1614 1617 nerandos
1635 1552 1730 1615 dccet
1751 1551 1914 1616 Christus.

421 1644 514 1709 abest
536 1649 574 1706 ut
595 1661 751 1706 excusare
770 1638 982 1723 sustineam);
1005 1646 1138 1704 tantum
1160 1641 1309 1705 evincere
1332 1639 1399 1703 suf·
1540 1643 1591 1703 28.
1636 1637 1927 1719 Iamahquantum
1945 1656 2103 1704 concussa
2120 1638 2252 1702 videtur
2269 1640 2436 1721 inexpug-

420 1730 497 1806 ficit,
520 1749 587 1791 non
610 1748 680 1791 esse
709 1725 789 1788 adeo
817 1727 1054 1803 necessarium,
1084 1733 1122 1789 ut
1142 1726 1278 1808 periisse
1299 1726 1400 1807 proti·
1453 1724 1573 1788 nabilis
1595 1724 1675 1786 haec
1697 1724 1795 1802 ratio,
1825 1745 1889 1805 qua
1910 1730 2081 1804 tantopere
2102 1722 2286 1802 confidunt3
2313 1744 2436 1789 999999

420 1836 484 1879 999
513 1812 718 1877 existimetur
745 1812 797 1874 cui
826 1812 896 1874 cius
926 1810 1094 1875 obtinendi
1121 1811 1274 1893 adempta
1301 1811 1401 1875 199911
1452 1812 1529 1893 9919
1550 1811 1631 1875 eatis
1651 1809 1751 1875 habet
1771 1810 1807 1872 19
1826 1809 2034 1890 simplicitate
2054 1809 2207 1891 praesidii
2230 1810 2362 1888 veritas,
2384 1809 2437 1873 le·

420 1899 569 1965 19991199.
620 1896 726 1979 Atqui
761 1898 788 1960 si
824 1917 938 1960 eorum
973 1894 1163 1962 commento
1192 1898 1399 1975 assentimur,
1451 1896 1548 1962 91199
1575 1894 1735 1961 eiusmodi
1763 1894 1902 1977 argutiis
1930 1894 2014 1959 elabi
2044 1896 2128 1959 nolo.
2181 1894 2329 1960 Solidam
2353 1915 2436 1978 ergo

420 2005 476 2050 eos
510 2004 623 2047 omnes
652 1982 736 2047 citra
764 1983 990 2065 exceptionem
1016 1982 1243 2047 damnabimus
1273 2004 1352 2065 quos
1381 2004 1400 2046 9
1442 1983 1699 2064 'responsionem
1717 1980 1778 2046 sihi
1798 1980 1948 2045 habeant.
1985 1980 2201 2045 Potissimum
2219 1981 2273 2045 hic
2290 2001 2311 2044 9
2332 1979 2436 2046 Chri-

418 2069 581 2150 19911999
617 2089 713 2133 99999
754 2067 872 2150 9119919
900 2068 1117 2149 prohibuerit,
1151 2079 1400 2150 quantacunque
1453 2077 1504 2133 sto
1530 2068 1570 2132 de
1597 2065 1815 2150 praedicando
1843 2066 2015 2150 evangelio
2028 2066 2141 2131 datur
2161 2066 2357 2131 mandatnm
2379 2067 2435 2132 cui

420 2155 546 2237 alioqui
567 2153 632 2218 fide
652 2153 833 2236 praeditos,
861 2173 1041 2236 perquam
1063 2154 1215 2219 Christus
1236 2155 1306 2236 ipse
1325 2175 1400 2236 999-
1454 2154 1639 2236 baptizandi
1655 2152 1886 2230 ministerium,
1909 2152 2016 2217 instar
2033 2152 2233 2240 appendicis,
2257 2153 2434 2218 subnectit.

422 2241 556 2306 sidetur.
610 2239 749 2323 Insuper
780 2240 923 2304 infantes
958 2260 1072 2307 omnes
1100 2249 1254 2304 aeternae
1285 2242 1401 2304 mortis
1453 2239 1584 2304 Deinde
1611 2261 1677 2303 non
1700 2240 1794 2302 aliter
1816 2238 1856 2303 ds
1878 2238 2039 2320 baptismo
2061 2260 2168 2303 sermo
2190 2238 2345 2317 habetur,
2368 2238 2436 2302 nisi

420 2348 494 2392 reos
517 2336 689 2409 peragrmt,
714 2327 831 2406 quibus
855 2326 1056 2406 baptismum
1078 2332 1208 2408 negant,
1233 2347 1293 2390 sua
1314 2326 1401 2409 ipso·
1454 2334 1616 2410 quatenus
1628 2324 1764 2389 docendi
1782 2325 1941 2388 functioni
1962 2324 2032 2388 eins
2050 2323 2290 2389 administratio
2309 2323 2432 2389 subest.

420 2434 498 2477 rum
520 2412 722 2476 confessione
744 2411 786 2474 ad
808 2410 945 2475 salutem
973 2414 1204 2476 necessarium.
1248 2411 1403 2476 Viderint
1454 2412 1630 2494 Apostolos
1653 2412 1740 2474 enim
1763 2410 1866 2473 mittit
1888 2408 2042 2475 Christus
2064 2410 2104 2474 ad
2127 2410 2335 2492 evangelium
2358 2411 2434 2474 uni-

420 2519 511 2562 nunc
534 2517 633 2579 quam
655 2496 738 2559 belle
762 2496 823 2561 sibi
845 2518 919 2561 cum
943 2495 1077 2562 Christi
1090 2498 1199 2563 verbis
1217 2499 1400 2575 conveniat,
1454 2500 1559 2563 versis
1586 2497 1672 2562 orbis
1702 2496 1889 2561 nationibus
1910 2496 2204 2580 promulgandum,
2228 2504 2267 2559 91
2289 2495 2436 2577 undique

421 2583 540 2667 quibus
562 2602 703 2664 regnum
725 2580 886 2645 coelorum
904 2582 954 2645 illi
972 2584 1071 2646 aetati
1090 2583 1303 2648 adiudicatur.
1339 2585 1401 2648 At·
1454 2586 1488 2648 in
1523 2604 1663 2667 regnum
1695 2604 1792 2647 suum
1825 2581 1970 2664 perditos
2004 2590 2081 2646 ante
2108 2582 2258 2646 homines
2285 2582 2437 2646 doctrina

422 2675 541 2751 99991
562 2666 727 2730 nihilillis
746 2666 1231 2752 nonconcedamus„quantum
1248 2669 1400 2734 adhuius
1455 2670 1569 2734 salutis
1601 2668 1765 2750 colligant.
1822 2666 1915 2748 Quos
1945 2677 2057 2734 autem
2088 2668 2176 2744 illos,
2207 2674 2267 2732 aut
2297 2667 2434 2750 quales?

422 2754 487 2817 loci
509 2752 761 2835 intelligentiam
783 2754 908 2830 attinet,
930 2753 1014 2817 nihil
1032 2760 1142 2818 tamen
1159 2753 1237 2819 inde
1260 2754 1400 2835 elicient,
1455 2755 1605 2834 Certum,
1634 2755 1760 2819 nullam
1787 2754 1851 2819 nisi
1879 2754 1919 2818 de
1941 2755 1982 2818 iis
2004 2755 2060 2836 qui
2081 2752 2250 2817 doctrinae
2271 2754 2435 2835 recipien-

424 2839 489 2903 nisi
511 2840 602 2921 prius
624 2837 710 2920 quod
732 2839 799 2901 iam
821 2839 1034 2903 constitutum
1062 2846 1112 2905 est
1131 2863 1151 2905 a
1170 2841 1263 2905 nobis
1282 2841 1401 2924 dogma
1455 2840 1515 2906 dae
1536 2862 1632 2923 pares
1653 2841 1730 2919 sint,
1754 2860 1825 2905 csse
1846 2841 2056 2905 mentionem.
2101 2840 2183 2904 Post
2204 2839 2362 2921 adiungit,
2382 2846 2434 2901 ta

424 2923 465 2989 de
486 2924 662 2988 infantium
683 2926 930 3007 regeneratione
952 2927 1140 2991 everterint.
1453 2928 1515 3005 les,
1538 2927 1595 2990 ubi
1624 2927 1769 2992 instituti
1796 2926 1934 3003 fuerint,
1964 2946 2035 2991 esse
2061 2924 2288 3007 baptizandos,
2318 2924 2434 2989 addita

510 3013 559 3072 27.
596 3006 664 3074 Sed
681 3010 960 3094 propugnaculum
979 3013 1127 3075 emnium
1144 3013 1402 3079 munitissimum
1454 3010 2433 3097 99991991999,9919991119991911991199111999191991-

422 3096 557 3178 191999
586 3095 736 3177 baptismi
766 3097 971 3160 institutione
1000 3119 1035 3161 se
1063 3097 1185 3163 habere
1207 3099 1400 3181 gloriantur,
1454 3099 1619 3165 9991999.
1664 3100 1721 3163 An
1749 3097 1789 3162 de
1816 3097 1998 3162 infantibus
2025 3105 2095 3161 tote
2122 3097 2179 3160 illo
2207 3095 2433 3162 9999999991

422 3201 522 3264 quam
555 3201 596 3244 ex
629 3184 734 3264 capite
769 3182 932 3247 Matthaei
963 3182 1079 3264 ultimq
1108 3183 1153 3268 (9.
1190 3187 1243 3269 19)
1274 3192 1399 3267 petunt.
1454 3207 1523 3250 una
1545 3192 1596 3250 991
1618 3183 1766 3270 syllaba?
1798 3183 1892 3264 Quae
1918 3185 2022 3266 igitur
2045 3183 2134 3263 haec,
2158 3181 2434 3265 9999991999-

421 3267 487 3334 Ubi
506 3266 668 3346 Christus,
687 3269 850 3350 apostolos
868 3267 1003 3333 mittens
1024 3268 1065 3333 ad
1087 3278 1202 3353 gentes
1220 3271 1400 3349 universas,
1455 3279 1541 3359 tunt,
1560 3270 1853 3354 argumentationis
1875 3269 1938 3333 erit
1955 3269 2115 3334 formula?
2145 3268 2213 3349 Qui
2231 3268 2343 3333 adulta
2353 3274 2435 3332 sunt

422 3353 462 3418 de
491 3353 557 3417 illis
585 3352 738 3418 docendis
766 3356 924 3436 primum,
954 3354 1096 3419 alterum
1125 3356 1165 3420 de
1195 3357 1401 3439 baptizandis
1455 3365 1570 3434 aetate,
1595 3364 1671 3421 9919
1693 3355 1888 3420 instituendi
1906 3361 1992 3433 sunt,
2015 3362 2055 3418 91
2072 3355 2217 3433 9991991,
2235 3376 2335 3436 quam
2353 3353 2435 3435 bap-

421 3439 613 3503 mandatum
643 3439 706 3503 dat.
758 3441 843 3504 Tum
873 3448 975 3504 etex
1001 3441 1107 3506 Marci
1135 3442 1251 3506 ultimo
1275 3442 1321 3526 (v.
1347 3443 1401 3527 16)
1454 3442 1585 3507 1199911.
1630 3443 1840 3524 Β99119999
1861 3462 1939 3524 ergo
1966 3441 2148 3505 infantibus
2174 3460 2364 3505 9919919999
2383 3441 2436 3522 fo-

421 3525 511 3590 istud
533 3533 727 3590 annectunt:
758 3528 814 3608 qui
837 3524 1012 3591 crediderit
1032 3534 1066 3591 et
1087 3529 1270 3610 1991199199
1292 3528 1400 3606 fuerit,
1455 3548 1520 3594 cere
1540 3529 1633 3592 nefas
1656 3534 1713 3592 991.
1759 3527 1850 3606 Ν99,
1872 3528 1900 3590 91
1927 3546 1963 3592 99
1984 3535 2157 3609 rumpant,
2187 3526 2278 3589 91191
2305 3547 2347 3590 99
2370 3526 2435 3591 hoc

421 3611 534 3677 salvus
557 3612 628 3674 erit.
665 3610 755 3691 Quid
777 3612 872 3691 ultra,
895 3612 1057 3694 inquiunt,
1080 3616 1277 3696 quaerimus,
1299 3634 1401 3698 quum
1453 3615 1524 3679 loco
1553 3613 1741 3691 ostendent,
1769 3613 1834 3677 nisi
1861 3620 1938 3680 ante
1959 3611 2215 3695 praedicandum
2237 3631 2307 3676 esse
2330 3631 2434 3677 9999·

412 3696 525 3763 ’99919
545 3697 682 3760 Domini
705 3706 816 3779 aperte
838 3708 963 3775 sonent,
987 3699 1078 3779 prius
1096 3699 1279 3765 docendum
1302 3721 1401 3783 quam
1454 3700 1578 3784 galium
1604 3699 1645 3764 iis
1671 3699 1728 3781 qui
1753 3705 1831 3763 sunt
1852 3697 2007 3763 audiendi
2030 3718 2173 3781 capaces,
2204 3718 2303 3779 quam
2324 3696 2433 3779 bapti-

422 3781 668 3863 baptizandum,
700 3792 733 3847 et
761 3785 923 3865 baptismo
950 3784 1131 3849 secundum
1159 3808 1179 3851 a
1205 3785 1270 3850 fide
1292 3786 1401 3851 locum
1454 3795 1585 3865 uentum
1608 3784 1738 3866 quando
1761 3784 1801 3848 de
1823 3785 1889 3848 illis
1909 3784 2005 3848 modo
2028 3786 2145 3866 agitur.
2190 3781 2433 3864 191991999-

423 3867 614 3950 assignent?
652 3868 753 3933 Cuius
775 3868 899 3934 ordinis
923 3871 1088 3954 specimen
1115 3872 1279 3936 Dominus
1301 3872 1401 3936 etiam
1454 3880 1545 3950 sunt,
1580 3871 1707 3936 obicem
1744 3878 1874 3935 struant
1898 3869 2114 3953 impediendis
2142 3891 2162 3933 9
2188 3869 2352 3950 baptismo
2379 3868 2441 3931 in·'

421 3954 517 4018 Iesus
544 3954 579 4015 in
607 3974 642 4018 se
669 3955 839 4035 praebuit,
876 3955 933 4037 qui
961 3976 1047 4021 anno
1076 3957 1207 4021 demum
1235 3959 1399 4023 tricesimo
1452 3958 1606 4022 19911199.
2181 3979 2183 3982 ’

422 4039 583 4121 baptizari
606 4039 718 4105 veluit.
763 4040 927 4107 Η199999
950 4050 1030 4123 9991
1052 4042 1168 4122 modis,
1191 4043 1274 4108 bone
1297 4044 1399 4123 Deus,
1540 4048 1590 4107 29.
1635 4044 1683 4108 At
1720 4062 1819 4122 9999,
1855 4062 1919 4123 999
1956 4041 2059 4106 caecis
2092 4059 2218 4122 quoque
2251 4038 2433 4122 palpabiles

414 4132 457 4190 'et
484 4147 519 4189 se
546 4125 731 4207 implicant,
759 4134 793 4191 et
816 4128 979 4192 inscitiam
1001 4150 1095 4192 suam
1116 4130 1269 4211 produnt.
1313 4130 1400 4194 Nam
1453 4129 1521 4195 sint
1543 4151 1656 4193 eorum
1682 4128 1844 4206 fallaciae,
1874 4147 1928 4192 eas
1950 4126 2127 4191 admodum
2148 4126 2320 4207 perspicua
2340 4127 2432 4189 simi-

422 4210 457 4276 in
479 4232 517 4276 eo
538 4211 605 4275 ianr
626 4212 702 4293 plus
720 4233 818 4294 quam
840 4213 1011 4295 pueriliter
1033 4214 1202 4294 labuntur,
1226 4215 1311 4297 quod
1333 4217 1400 4299 pri·
1452 4216 1592 4280 litudine
1613 4214 1773 4280 indicabo.
1820 4213 1859 4278 si
1885 4212 1958 4296 quis
1985 4212 2151 4276 alimentis
2177 4211 2365 4293 privandos
2377 4213 2430 4273 in-

422 4318 512 4362 mam
545 4295 702 4378 baptismi
731 4299 969 4364 institutionem
997 4300 1073 4364 inde
1101 4301 1267 4377 derivant,
1303 4322 1400 4382 quem
1452 4303 1559 4367 fantes
1580 4301 1776 4378 cavilletur,
1805 4300 1866 4364 hoc
1893 4307 2070 4382 praetextu
2098 4295 2427 4380 9991999919199(2

423 4383 463 4448 ab
497 4383 630 4448 exordio
663 4384 914 4466 praedicationis
947 4405 1025 4449 suae
1058 4388 1212 4468 apostolis
1246 4387 1400 4452 Christus
1453 4388 1567 4452 Thess.
1583 4391 1610 4465 3,
1628 4388 1680 4470 10)
1694 4408 1762 4451 non
1777 4386 1949 4468 permittit,
1966 4391 2005 4448 91
2016 4383 2115 4447 91991
2125 4385 2189 4447 9191
2200 4385 2256 4465 991
2267 4381 2428 4458 laborant,

423 4468 721 4534 administrandum
753 4469 976 4535 mandaverat.
1022 4472 1099 4535 Non
1132 4480 1182 4537 est
1209 4473 1313 4556 igitur
1340 4495 1400 4538 our
1451 4470 1564 4538 nonne
1582 4473 1701 4556 dignus
1719 4472 1784 4536 erit
1800 4472 1854 4553 qui
1874 4470 1914 4534 ab
1933 4470 2083 4534 omnibus
2101 4467 2322 4551 conspuatur?
2357 4466 2431 4532 Cur

422 4554 530 4638 legem
565 4576 602 4620 99
636 4555 784 4638 regulam
816 4556 971 4638 baptismi
999 4576 1040 4620 ex
1068 4558 1142 4621 istis
1169 4558 1294 4623 duobus
1320 4558 1400 4624 locis
1451 4559 1521 4624 ita?
1559 4556 1655 4639 Quia,
1678 4557 1764 4640 quod
1781 4556 1821 4622 de
1839 4563 1929 4622 certo
1951 4575 2072 4637 genere
2088 4554 2260 4618 hominum
2279 4575 2318 4619 ac
2339 4562 2431 4618 certa

423 4640 597 4725 petendam
625 4641 839 4721 contendant,
869 4662 907 4707 ac
934 4643 963 4707 si
989 4642 1130 4724 primam
1159 4644 1400 4709 institutionem
1453 4652 1560 4710 aetate
1581 4644 1707 4710 dictum
1729 4644 1850 4719 fuerat,
1879 4640 1921 4706 ad
1949 4661 2062 4704 omnes
2083 4639 2310 4704 indifferenter
2331 4641 2428 4722 rapit.

424 4727 638 4792 continerent.
694 4727 768 4792 Hoc
807 4737 843 4791 ut
880 4728 945 4794 illis
982 4728 1212 4812 indulgeamus
1245 4738 1399 4808 erratum,
1452 4730 1566 4796 Nihilo
1585 4731 1725 4794 istorum
1745 4728 1780 4791 in
1809 4728 1975 4811 praesenti
1998 4747 2097 4790 causa
2118 4727 2222 4789 maior
2244 4734 2294 4791 est
2316 4725 2430 4789 dexte-

422 4830 521 4893 quam
559 4832 699 4877 nervosa
735 4823 844 4878 tamen
882 4821 933 4879 est
973 4815 1098 4879 isthaec
1131 4816 1398 4899 argumentatio?
1452 4818 1542 4881 ritas.
1594 4814 1693 4897 Quod
1726 4813 1814 4877 enim
1850 4813 1893 4878 ad
1926 4811 2071 4875 adultam
2095 4811 2258 4876 duntaxat
2285 4818 2429 4875 aetatem

423 4895 587 4977 Equidem
608 4898 636 4959 si
658 4899 869 4980 tergiversari
888 4899 1002 4977 libeat,
1024 4922 1092 4964 non
1114 4901 1248 4982 latebra,
1273 4902 1330 4967 sed
1351 4902 1400 4967 la·
1453 4903 1618 4985 pertinere
1644 4919 1740 4964 nemo
1762 4918 1829 4962 non
1851 4898 1957 4975 videt,
1987 4896 2030 4960 ad
2050 4898 2194 4962 infantes
2216 4897 2368 4974 trahunt3
2393 4904 2431 4960 91

423 4981 568 5046 tissimus
604 5002 739 5064 campus
767 4985 809 5048 ad
837 4985 1059 5069 effugiendum
1086 5009 1121 5051 99
1149 4990 1261 5070 aperit.
1313 4989 1401 5053 Nam
1453 4989 1534 5052 haec
1560 5006 1686 5068 quoqne
1715 4992 1805 5049 aetas
1832 4983 1999 5049 subiaceat
2024 4984 2159 5068 regulae
2186 5005 2270 5065 quae
2296 4983 2429 5047 nonnisi

422 5066 553 5150 quando
579 5068 626 5131 119
652 5069 816 5135 99911999
837 5071 1014 5137 verborum
1036 5072 1142 5136 ordini
1163 5074 1333 5150 insistunt,
1362 5080 1400 5137 ut
1453 5071 1682 5158 grandioribus
1713 5070 1820 5153 posita
1851 5071 1966 5135 199991.
2024 5068 2209 5150 Quantum·
2228 5069 2269 5133 ad
2303 5067 2429 5133 Christi

384 5236 387 5241 Ι
422 5153 575 5235 quoniam
598 5153 720 5218 dictum
743 5164 793 5220 est
815 5157 933 5240 (Marc.
960 5161 1009 5232 16,
1036 5157 1103 5242 15);
1132 5160 1186 5237 119,
1214 5158 1400 5242 praedicate
1452 5158 1639 5240 exemplum
1661 5158 1787 5236 attinet,
1810 5177 1924 5222 eorum
1945 5176 2078 5221 causam
2100 5176 2307 5238 nequaquam
2326 5153 2429 5219 fulcit.

407 5243 458 5314 ,91
485 5237 660 5320 1199119919
682 5241 776 5304 item:
799 5242 857 5323 qui
885 5240 1060 5307 crediderit
1087 5251 1120 5307 et
1142 5243 1324 5328 1991199199
1347 5245 1399 5308 fu-
1451 5245 1528 5310 Non
1546 5250 1623 5308 ante
1640 5243 1842 5308 tricesimum
1859 5262 1985 5307 annum
2003 5250 2053 5308 est
2074 5242 2265 5324 1991199199.
2300 5240 2429 5304 Verum

423 5324 501 5388 erit:
540 5321 805 5406 praedicandum,
828 5329 921 5409 prius
952 5350 1051 5410 quam
1083 5329 1331 5413 baptizandum,
1367 5337 1401 5394 et
1452 5330 1487 5395 id
1508 5329 1649 5413 quidem,
1672 5328 1730 5395 sed
1750 5330 1785 5393 in
1805 5337 1961 5413 promptu
1983 5329 2068 5393 ratio
2096 5335 2155 5406 est,
2183 5327 2262 5408 quia
2281 5335 2353 5390 tum
2373 5345 2429 5389 so·

423 5408 624 5474 credendum
651 5411 863 5494 priusquam
888 5411 1086 5495 baptismum
1109 5416 1330 5498 appetendum
1346 5435 1400 5480 ra·
1451 5416 1556 5481 lidum
1576 5415 1733 5500 baptismi
1758 5413 2010 5479 fundamentum
2036 5434 2098 5480 sua
2118 5411 2360 5496 praedicatione
2380 5411 2430 5474 ia-

422 5493 638 5574 tiocinentur,
674 5517 733 5560 cur
760 5518 828 5560 non
857 5506 891 5561 et
922 5500 982 5564 nos
1012 5500 1158 5565 91919919
1190 5502 1400 5585 9991919999,
1453 5522 1526 5568 cere
1552 5500 1745 5567 instituebat
1773 5501 1870 5586 (an.
1895 5504 1929 5578 3,
1953 5499 2027 5583 23),
2054 5499 2108 5565 991
2135 5498 2243 5582 potius
2272 5496 2429 5575 stabilire,

423 5577 656 5660 baptizandum
678 5589 854 5663 antequam
877 5582 1056 5650 docendam
1073 5607 1185 5650 eorum
1202 5607 1285 5670 quae
1302 5587 1401 5654 chri·
1453 5588 1539 5671 quod
1559 5588 1658 5672 paulo
1679 5594 1757 5651 ante
1778 5587 1819 5652 ab
1841 5587 1967 5652 Ioanne
1989 5586 2112 5650 iactum
2133 5586 2250 5649 199991.
2295 5583 2430 5666 Baptis-

423 5668 495 5728 stus
513 5666 684 5731 mandarit
700 5667 984 5734 observationem?
1007 5690 1125 5754 nempe
1141 5693 1245 5755 quum
1263 5673 1401 5754 dicatur,
1452 5694 1547 5740 mum
1567 5693 1646 5757 ergo
1668 5683 1769 5755 quum
1791 5693 1851 5737 sua
1872 5672 2021 5739 19919199
2038 5671 2210 5736 instituere
2231 5669 2341 5748 vellet,
2362 5688 2430 5751 quo
