5600 6809
396 748 477 808 1007

392 931 504 995 ferunt
520 929 546 992 si
565 927 654 992 nullo
676 926 769 991 modo
787 925 961 992 concedere
979 930 1114 1006 oportet,
1136 922 1259 1004 inipso
1277 930 1365 987 certe

392 1014 523 1079 nomine
545 1020 595 1076 est
614 1012 861 1089 occurrendum,
883 1033 926 1075 ne
947 1031 986 1075 ea
1003 1008 1151 1073 mercede
1170 1008 1364 1088 recipiamus

392 1107 430 1163 ut
463 1096 620 1162 eiusmodi
656 1098 759 1161 errori
790 1098 989 1162 occasionem
1022 1095 1183 1176 praebeat.
1234 1093 1364 1156 Rursus

392 1204 493 1267 quum
506 1184 646 1265 probant
657 1191 897 1248 sacramentum
916 1202 994 1259 esse,
1013 1199 1144 1243 oausam
1162 1178 1363 1260 adiungunt:

392 1269 468 1353 0010
489 1276 624 1332 externo
647 1269 740 1352 signo
761 1276 887 1334 constet
908 1288 945 1331 ac
967 1264 1074 1331 verbe.
1120 1262 1157 1329 si
1186 1285 1246 1329 nee
1271 1285 1365 1327 man·

394 1353 516 1434 datum,
536 1375 596 1418 nec
614 1354 863 1435 promissionem
879 1352 1075 1428 invenimus,
1094 1349 1171 1433 quid
1189 1349 1279 1413 aliud
1291 1370 1365 1432 pos·

394 1461 508 1506 sumus
525 1461 623 1521 quam
644 1439 842 1504 reclamare?

480 1528 508 1588 2.
552 1525 624 1589 Iam
654 1533 789 1608 apparet
816 1546 881 1588 non
909 1522 949 1587 de
978 1521 1135 1587 vocabulo
1165 1542 1224 1584 nos
1253 1519 1364 1597 rixari,

394 1608 452 1676 sed
473 1609 513 1674 de
535 1631 572 1674 re
592 1611 664 1692 ipsa
685 1631 751 1673 non
770 1629 1005 1692 supervacuam
1022 1606 1277 1672 controversiam
1295 1624 1365 1667 mo·

394 1717 480 1763 vere.
529 1695 672 1760 Proinde
708 1695 769 1760 hoc
795 1695 923 1759 fortiter
950 1691 1158 1758 retinendum
1187 1698 1251 1769 est,
1280 1689 1366 1772 quod

395 1782 517 1847 invicta
539 1782 663 1844 ratione
685 1781 777 1863 prius
795 1779 1074 1845 confirmavimus:
1098 1777 1293 1841 sacramenti
1315 1777 1366 1838 in·

395 1864 551 1931 stituendi
587 1866 760 1930 arbitrium
793 1887 859 1930 non
892 1865 956 1929 nisi
988 1885 1088 1946 penes
1122 1864 1230 1926 Deum
1263 1882 1366 1924 unum

395 1973 473 2017 esse.
508 1948 677 2034 Siquidem
697 1958 940 2016 sacramentum
961 1956 1050 2016 certa
1071 1948 1135 2012 Dei
1153 1948 1366 2030 promissione

395 2038 519 2119 erigere
536 2036 681 2101 fidelium
699 2037 913 2102 conscientias
932 2057 969 2100 ac
981 2034 1143 2100 consolari
1159 2032 1263 2110 debet,
1284 2051 1367 2113 quae

394 2143 467 2187 eam
499 2121 727 2186 certitudinem
754 2143 923 2204 nunquam
951 2121 991 2185 ab
1014 2120 1145 2184 homine
1173 2118 1365 2199 acciperent

269 2261 278 2282 .
395 2206 646 2273 Sacramentum
674 2207 768 2272 nobis
795 2207 1018 2272 testimonium
1040 2227 1110 2269 esse
1139 2204 1235 2268 debet
1263 2202 1367 2266 bonae

394 2314 472 2376 erga
493 2313 554 2357 nos
575 2294 640 2357 Dei
661 2293 847 2369 voluntatis,
872 2293 964 2357 cuius
986 2290 1097 2354 nullus
1119 2289 1287 2353 hominum
1310 2295 1368 2350 aut

395 2378 587 2461 angelorum
609 2378 702 2442 testis
724 2398 794 2443 esse
810 2386 925 2460 potest,
948 2374 1077 2459 quando
1095 2396 1190 2439 nemo
1208 2373 1272 2438 Dei
1291 2393 1367 2438 eon-

394 2464 535 2528 siliarius
557 2464 620 2527 fuit
641 2463 718 2548 (Ies.
738 2468 789 2540 40,
811 2467 864 2542 13,;
886 2463 990 2558 110ιοΙ
1005 2466 1052 2539 11,
1073 2461 1138 2544 34).
1177 2458 1278 2525 Solus
1299 2478 1368 2540 erpo

395 2550 461 2630 ipse
481 2556 532 2613 est
553 2550 610 2630 qui
630 2548 670 2613 de
691 2570 726 2613 se
748 2547 841 2612 nobis
886 2569 922 2613 er
943 2548 1078 2612 verbum
1097 2567 1192 2610 suum
1213 2545 1368 2609 testifica-

395 2643 451 2698 tur
477 2635 616 2715 lepita'mo
638 2636 810 2698 0010111010.
854 2570 1120 2710 decrementum,
1142 2630 1287 2714 sigillum
1309 2638 1367 2705 est,

413 2723 461 2782 ’00
494 2719 559 2782 Ι)01
596 2726 830 2783 testamentum
869 2740 927 2783 seu
963 2718 1134 2801 promissio
1166 2716 1366 2798 obsignatur.

396 2741 576 2887 &bsignari
602 2825 679 2868 vero
707 2825 774 2868 non
801 2810 910 2886 posset
937 2802 1035 2868 rebus
1056 2803 1219 2886 corporeis
1248 2809 1281 2864 et
1302 2800 1367 2865 ele-

395 2889 517 2954 mentis
538 2888 637 2953 huius
668 2889 798 2968 mundi,
830 2890 895 2954 nisi
922 2889 1044 2954 virtute
1064 2889 1129 2954 Dei
1156 2888 1197 2952 ad
1218 2886 1281 2952 hoe
1302 2887 1367 2949 ior-

395 2980 529 3039 mentur
550 2968 583 3037 et
608 2974 829 3058 designentur.
873 2975 1051 3041 instituere
1078 2994 1156 3056 ergo
1183 2993 1367 3038 sacramen·

397 3068 468 3124 tum
494 3058 592 3124 homo
619 3081 686 3124 non
707 3067 828 3143 potest:
860 3062 936 3142 quia
967 3062 1082 3138 facere,
1121 3067 1160 3122 ut
1182 3057 1244 3124 sub
1269 3058 1367 3122 rebus

395 3151 464 3210 tum
485 3145 620 3211 abiectis
653 3152 745 3210 tanta
770 3146 837 3210 Dei
868 3146 1026 3230 mysteria
1054 3145 1193 3224 lateant,
1226 3143 1259 3207 id
1289 3163 1367 3207 vero

396 3231 559 3295 humanae
592 3231 724 3297 virtutis
755 3253 820 3297 non
851 3238 909 3295 est
959 3231 1108 3296 Verbum
1140 3231 1204 3294 Dei
1235 3235 1369 3311 praeeat

396 3323 526 3401 oportet
554 3315 642 3399 quod
675 3325 917 3382 sacramentum
949 3337 1020 3381 esse
1053 3322 1293 3381 sacramentum
1320 3315 1369 3378 ia·

397 3403 475 3480 ciat,
499 3408 537 3466 ut
557 3403 765 3485 Augustinus
777 3403 802 3485 ¹)
830 3403 952 3484 optime
974 3401 1074 3467 docet
1119 3403 1295 3466 Praeterea
1317 3421 1384 3471 re·,

396 3487 502 3552 tineri
522 3487 652 3571 aliquod
675 3486 850 3552 discrimen
879 3488 960 3552 utile
982 3495 1033 3552 est
1058 3488 1145 3551 inter
1167 3492 1370 3550 sacramenta

396 3580 431 3639 et
462 3573 542 3638 alias
573 3575 809 3652 caeremonias,
842 3573 908 3639 nisi
934 3573 1086 3639 volumus
1113 3573 1149 3636 in
1180 3571 1285 3635 multa
1313 3569 1369 3635 ab·

396 3656 496 3725 surda
529 3658 681 3746 incidere.
737 3659 888 3742 Apostoli
920 3664 1057 3723 orarunt
1088 3658 1227 3742 genibus
1260 3657 1367 3721 flexis:

397 3765 506 3827 genua
527 3744 630 3828 igitur
651 3765 720 3808 non
741 3746 915 3810 flectentur
942 3745 1013 3809 sine
1035 3750 1245 3808 sacramento.
1290 3742 1369 3807 Dis-

397 3829 498 3911 cipuli
528 3831 679 3894 feruntur
710 3851 819 3895 orasse
851 3851 966 3895 versus
998 3830 1169 3894 orientem:
1203 3828 1246 3893 sit
1277 3827 1369 3891 nobis

398 3921 641 3980 sacramentum
667 3916 801 3981 orientis
829 3923 986 3999 aspectus.
1031 3915 1155 3980 Paulus
1183 3912 1255 3978 vult
1280 3912 1369 3976 omni

397 3999 468 4064 loco
500 4000 587 4065 viros
619 4000 733 4065 tollere
766 4022 864 4084 puras
896 4022 1015 4066 manus
1044 4000 1077 4085 (l
1099 4001 1181 4064 Tim.
1203 4001 1233 4077 2,
1251 3998 1304 4082 8),
1338 4004 1371 4062 01

398 4085 533 4151 elevatis
554 4086 706 4151 manibus
728 4088 830 4151 oratio
858 4088 988 4171 saepius
1011 4109 1031 4152 a
1055 4087 1176 4152 sanctis
1196 4085 1282 4149 facta
1300 4105 1370 4147 me-

397 4178 552 4236 moratur.
602 4171 649 4236 Et
672 4193 830 4236 manuum
857 4193 984 4255 000000
1012 4173 1158 4237 extensio
1186 4189 1371 4236 sacramen-

1029 732 1293 800 rusmrumo
1317 732 1626 799 1000000100.
1652 691 1759 797 isaa'
1818 745 1822 754 ⁴

2306 736 2393 798 1068

1416 924 1559 988 contenti
1582 930 1669 987 sunt.
1712 921 1764 986 Ne
1785 921 1859 1003 quis
1885 921 1967 986 falso
1993 921 2106 986 iactari
2127 921 2189 986 hoc
2212 943 2392 1005 010000-

1416 1015 1479 1083 tet,
1507 1029 1611 1090 pauca
1638 1006 1820 1090 Augustini
1847 1007 2037 1072 testimonia
2062 1007 2116 1072 hic
2141 1008 2289 1073 referam
2336 1008 2392 1072 Ad

1417 1093 1624 1157 Ianuarium:
1644 1093 1669 1175 ¹)
1702 1092 1823 1175 primo,
1855 1093 1975 1174 inquit,
2003 1102 2114 1158 tenere
2138 1101 2169 1157 te
2191 1093 2280 1172 volo,
2303 1093 2394 1175 quod

1418 1187 1468 1243 est
1498 1179 1595 1242 huius
1626 1178 1854 1260 disputationis
1886 1186 1996 1260 eaput,
2029 1179 2210 1242 Dominum
2238 1186 2392 1243 nostrum

1418 1264 1597 1341 Christum,
1620 1264 1704 1328 siout
1725 1264 1795 1345 ipse
1816 1264 1851 1326 in
1869 1264 2038 1347 evangelio
2054 1264 2207 1346 loquitur,
2230 1265 2294 1328 leni
2310 1266 2392 1348 iugo

1418 1372 1478 1414 nos
1505 1348 1686 1414 subdidisse
1708 1357 1741 1413 et
1768 1349 1915 1414 sarcinae
1940 1349 2014 1415 levi.
2058 1349 2155 1415 Unde
2178 1351 2393 1414 sacramentis

1418 1456 1556 1499 numero
1583 1435 1801 1516 paucissimis,
1832 1436 2056 1499 observatione
2082 1435 2259 1512 facillimis,
2287 1435 2393 1519 signi·

1419 1521 1568 1586 ficatione
1601 1521 1904 1602 praestantissimis,
1945 1522 2132 1586 societatem
2165 1521 2242 1584 novi
2277 1521 2393 1603 populi

1419 1606 1592 1688 colligavit
1644 1605 1751 1671 Sicuti
1777 1616 1827 1672 est
1859 1607 2037 1687 baptismus
2070 1607 2225 1671 trinitatis
2256 1607 2393 1670 nomine

1419 1700 1640 1769 consecratus,
1670 1699 1703 1755 et
1724 1693 1972 1756 communicatio
1996 1693 2138 1775 corporis
2160 1700 2193 1756 et
2219 1693 2394 1774 sanguinis

1418 1777 1561 1855 Domini,
1585 1785 1618 1840 et
1639 1777 1761 1859 siquid
1779 1776 1866 1842 aliud
1888 1777 1924 1841 in
1940 1778 2109 1860 scripturis
2122 1778 2284 1843 canonicis
2302 1797 2393 1841 com·

1418 1861 1600 1926 mendatur.
1633 1862 1727 1940 Item,
1752 1863 1791 1927 de
1813 1862 1960 1928 doctrina
1981 1863 2215 1946 christiana12)
2237 1884 2257 1926 a
2279 1885 2394 1928 resur-

1418 1948 1560 2012 rectione
1582 1947 1727 2012 Domini.
1743 1949 1901 2029 quaedam
1928 1970 2032 2032 pauca
2054 1949 2149 2032 signa
2177 1969 2237 2031 pro
2264 1949 2392 2028 multis,

1418 2032 1595 2115 eademque
1622 2034 1711 2098 10010
1739 2034 1909 2112 facillima,
1946 2034 2115 2099 intellectu
2145 2035 2390 2118 augustissima,

1419 2118 1645 2183 observatione
1672 2120 1853 2184 castissima
1880 2121 1950 2202 1000
1972 2118 2134 2184 Dominus
2155 2127 2188 2184 et
2214 2121 2393 2202 apostoliea

1420 2203 1554 2268 tradidit
1576 2203 1760 2286 disciplina3
1793 2205 1890 2270 sicuti
1912 2213 1963 2270 est
1984 2206 2165 2287 baptismus
2186 2212 2219 2270 et
2245 2206 2392 2270 celebra-

1419 2289 1465 2353 tio
1487 2290 1628 2371 corporis
1650 2298 1684 2354 et
1712 2292 1880 2373 sanguinis
1906 2290 2049 2355 Domini
2093 2289 2164 2354 (1οτ
2188 2291 2314 2355 nullam
2336 2292 2392 2356 hic

1420 2375 1504 2440 sacri
1528 2376 1672 2453 numeri,
1695 2375 1757 2441 hoc
1779 2384 1829 2440 001
1848 2377 2039 2458 septenarii,
2066 2377 2268 2441 mentionem
2289 2377 2390 2443 facit?

1420 2461 1477 2524 An
1503 2461 1678 2526 verisimile
1700 2469 1750 2525 est
1781 2462 2091 2545 praetermissurum
2118 2462 2217 2527 101000
2250 2463 2278 2526 01
2311 2470 2393 2527 1000

1420 2546 1534 2611 1010001
1560 2547 1596 2610 10
1625 2546 1759 2611 ecclesia
1785 2547 1977 2612 institutus?
2005 2548 2197 2630 praesertim
2219 2570 2320 2631 quum
2348 2549 2395 2614 sit

1421 2631 1502 2695 alias
1533 2633 1569 2695 in
1601 2631 1812 2697 observandis
1838 2633 1984 2698 numeris
2017 2633 2172 2697 curiosior
2205 2655 2303 2715 quam
2331 2657 2393 2699 ne·

1420 2737 1509 2806 cesse
1530 2717 1634 2782 foret?
1678 2718 1750 2782 Irno
1772 2739 1871 2800 quum
1900 2719 2099 2801 baptismum
2120 2726 2154 2783 01
2175 2739 2309 2784 coenam
2329 2741 2393 2783 no-

1420 2803 1538 2880 minat,
1568 2802 1633 2867 0110
1660 2804 1812 2881 subticet,
1837 2825 1947 2869 annon
1969 2805 2049 2869 satis
2069 2805 2193 2882 innuit,
2222 2805 2302 2870 haec
2324 2804 2393 2870 duo

1419 2889 1578 2971 mysteria
1605 2889 1763 2972 singulari
1792 2890 1952 2974 dignitate
1973 2896 2153 2971 praestare,
2181 2890 2259 2954 alias
2279 2912 2393 2954 caere-

1419 2974 1548 3037 monias
1569 2974 1720 3039 inferiore
1741 2975 1812 3041 loco
1838 2975 2027 3040 subsidere?
2073 2973 2184 3055 Quare
2205 2995 2392 3040 sacramen-

1419 3060 1520 3124 tarios
1541 3060 1620 3124 istos
1643 3060 1788 3126 doctores
1809 3083 1877 3125 non
1898 3069 2026 3125 tantum
2047 3061 2147 3127 verbo
2167 3060 2308 3139 Domini,
2331 3061 2395 3126 sed

1421 3145 1540 3211 veteris
1552 3147 1661 3210 ‘etiam
1681 3147 1835 3212 ecolesma
1857 3147 2067 3213 consensione
2085 3146 2219 3211 destitui
2236 3146 2316 3226 dico,
2337 3153 2395 3210 ut-

1420 3252 1546 3313 cunque
1569 3231 1630 3296 hoc
1651 3240 1823 3314 praetextu
1841 3234 1984 3297 maxime
2004 3231 2202 3314 superbiant
2238 3230 2307 3297 Sed
2326 3234 2397 3296 iam

1421 3316 1463 3380 ad
1484 3316 1573 3399 ipsas
1596 3319 1718 3399 speeies
1742 3316 1985 3383 descendamus.

1663 3522 1727 3587 DE
1748 3521 2144 3589 CONFIRMA'PIONE.

1507 3661 1537 3720 4.
1581 3657 1647 3721 Η10
1667 3679 1738 3723 mos
1760 3659 1838 3722 olim
1859 3660 1924 3725 fuit
1943 3668 1981 3723 ut
2003 3659 2267 3725 Christianorum
2287 3660 2396 3741 liberi,

1421 3750 1593 3825 postquam
1619 3743 1844 3822 adoleverant,
1872 3766 1982 3812 coram
2011 3747 2161 3830 episcopo
2188 3747 2396 3827 sisterentur,

1422 3834 1461 3891 ut
1484 3828 1627 3893 officium
1654 3827 1733 3893 illud
1760 3830 1935 3913 implerent
1954 3832 2040 3914 quod
2069 3833 2109 3897 ab
2133 3832 2175 3895 iis
2201 3832 2399 3916 exigebatur

1422 3913 1479 3996 qui
1506 3935 1540 3978 se
1568 3912 1611 3978 ad
1637 3914 1836 3997 baptismum
1865 3917 1968 3981 adulti
1996 3917 2181 3983 offerebant
2231 3917 2280 3982 Hi
2308 3921 2399 3984 enim
2425 3976 2429 3983 .

1422 3999 1510 4063 inter
1535 3999 1786 4067 catechumenos
1813 4002 1984 4081 sedebant,
2012 4001 2114 4068 donec
2140 4004 2202 4067 rite
2224 4003 2302 4069 fidei
2322 4026 2398 4089 my-

1423 4085 1531 4149 steriis
1562 4086 1705 4151 instituti
1736 4095 1890 4171 poterant
1920 4087 1997 4153 fidei
2025 4090 2260 4154 confessionem
2285 4111 2397 4155 coram

1424 4171 1573 4253 episcopo
1596 4193 1633 4237 ac
1660 4173 1780 4255 populo
1806 4173 1910 4239 edere.
1956 4172 2022 4254 Qui
2044 4195 2121 4257 ergo
2149 4175 2308 4256 baptismo
2329 4175 2393 4238 ini-

397 4262 468 4322 tum
488 4259 557 4321 fiat.
601 4255 726 4323 Omnes
747 4257 888 4340 denique
914 4264 1101 4322 sanctorum
1129 4265 1241 4340 gestus
1262 4257 1298 4320 in
1320 4275 1372 4319 sa-
1424 4257 1497 4319 tiati
1518 4265 1613 4321 erant
1634 4258 1790 4338 infantes,
1818 4260 1895 4342 quia
1915 4259 1992 4324 fidei
2014 4261 2215 4325 confessione
2234 4259 2320 4343 apud
2338 4279 2393 4324 00-

398 4349 566 4408 eramenta
592 4349 770 4408 transeant.
820 4344 895 4408 Etsi
920 4364 962 4408 ne
989 4344 1071 4409 haee
1099 4343 1233 4426 quidem
1260 4341 1371 4405 admo·
1424 4341 1557 4407 alesiam
1584 4349 1664 4410 tunc
1686 4344 1830 4411 defuncti
1856 4354 2055 4425 nouerant,
2083 4347 2143 4411 sub
2165 4347 2262 4410 finem
2282 4344 2394 4426 pueri-

398 4427 478 4492 dum
497 4448 660 4506 morarer,
682 4426 777 4493 modo
798 4449 866 4493 non
888 4437 997 4493 essent
1014 4449 1089 4494 cum
1107 4427 1284 4494 maioribus
1306 4425 1372 4490 11110
1411 4429 1503 4507 tiae,
1538 4435 1596 4493 aut
1627 4431 1762 4495 ineunte
1800 4431 2030 4510 adolescentia,
2068 4430 2397 4513 repraesentabantur

398 4513 612 4578 incommodis
634 4515 815 4579 coniuncta.
1424 4514 1544 4578 iterum
1566 4535 1586 4578 a
1607 4517 1804 4597 parentibus,
1828 4519 1869 4583 ab
1891 4518 2039 4600 episcopo
2056 4517 2329 4581 examinabantur
2345 4538 2399 4581 se-

485 4603 513 4662 3.
559 4599 598 4664 si
620 4600 741 4665 veteris
763 4600 917 4666 ecclesiae
940 4601 1113 4665 autoritate
1141 4620 1289 4682 premere
1312 4618 1372 4662 nos
1425 4599 1568 4663 eundum
1588 4601 1762 4666 formidem
1783 4603 1982 4685 catechismi,
2011 4622 2109 4685 quam
2135 4611 2214 4668 tuno
2234 4602 2400 4667 habebant

399 4683 511 4763 velint,
535 4683 605 4750 dico
628 4705 682 4750 eos
703 4685 814 4751 fucum
835 4687 949 4751 facere.
983 4687 1156 4769 Nusquam
1177 4686 1265 4749 enim
1286 4681 1373 4765 apud
1424 4693 1549 4749 certam
1570 4706 1607 4750 ac
1629 4708 1844 4753 communem.
1879 4687 1953 4769 Quo
1975 4695 2084 4753 autem
2099 4687 2183 4765 ¹haee
2200 4689 2293 4767 actio,
2315 4707 2400 4770 quae

400 4769 633 4835 ecclesiasticos
655 4772 828 4853 scriptores
849 4793 1006 4837 numerus
1024 4772 1078 4837 hic
1100 4770 1304 4853 septenarius
1321 4769 1372 4832 in·
1426 4770 1545 4853 alioqui
1572 4773 1683 4854 gravis
1711 4782 1887 4856 sanctaque
1915 4774 2032 4839 merito
2055 4794 2124 4838 esse
2147 4772 2300 4852 debebat,
2323 4772 2400 4857 plus

399 4856 540 4920 venitur.
591 4855 660 4921 Nec
693 4857 771 4921 satis
804 4864 932 4922 constat
963 4879 1026 4940 quo
1052 4856 1196 4940 primum
1228 4863 1374 4938 tempore
1426 4855 1629 4921 reverentiae
1656 4856 1793 4922 haberet
1821 4881 1859 4924 ao
1881 4858 2067 4942 dignitatis,
2095 4860 2297 4925 caeremonia
2317 4878 2400 4941 quo-

399 4939 587 5021 cbrepserit.
630 4940 752 5006 Fateor
773 4942 918 5024 quidem,
942 4944 977 5006 in
999 4941 1156 5010 vocabulo
1177 4940 1375 5006 sacramenti
1428 4961 1491 5024 que
1523 4940 1740 5007 adhibebatur
1771 4965 1930 5009 manuum
1961 4945 2187 5028 impositionis.
2231 4945 2285 5009 Ita
2316 4964 2400 5027 puer

401 5044 471 5089 esse
494 5023 659 5089 interdum
685 5026 862 5092 liberiores.
911 5026 978 5093 Sed
1001 5027 1079 5112 quid
1101 5048 1138 5093 00
1166 5025 1372 5110 significant?
1426 5025 1496 5104 ille,
1529 5026 1593 5091 fide
1615 5047 1674 5091 sua
1702 5030 1892 5111 approbata,
1926 5053 2001 5096 cum
2022 5030 2149 5099 solenni
2175 5029 2401 5096 benedictione

400 5129 518 5192 nempe
540 5113 759 5177 caeremonias
781 5134 893 5178 omnes
916 5120 948 5178 et
969 5122 1123 5179 externos
1143 5113 1226 5178 ritus
1248 5111 1375 5176 omnia·
1427 5110 1660 5177 dimittebatur.
1711 5115 1822 5182 Huius
1855 5117 1956 5183 moris
1990 5138 2085 5198 saepe
2119 5116 2318 5180 mentionem
2350 5117 2401 5180 fa-

401 5216 464 5277 que
490 5194 621 5279 pietatis
649 5199 812 5263 exercitia
865 5197 978 5279 Quum
1004 5207 1112 5264 autem
1136 5199 1175 5263 de
1202 5199 1243 5263 iis
1272 5197 1374 5280 signis
1428 5197 1520 5262 ciunt
1545 5204 1681 5265 veteres.
1731 5201 1802 5266 Leo
1829 5224 1927 5286 papa:
1943 5204 1972 5287 ³)
2001 5204 2029 5267 si
2056 5202 2128 5285 quis
2155 5201 2197 5266 ab
2226 5200 2400 5266 haereticis

402 5279 582 5363 loquuntur
608 5304 691 5366 quae
719 5282 849 5349 divinae
875 5285 911 5349 in
938 5305 999 5351 nos
1030 5284 1155 5370 gratiae
1187 5282 1375 5349 testimonia
1427 5281 1526 5364 redit,
1555 5306 1596 5349 ne
1622 5286 1743 5351 iterum
1769 5288 1966 5371 baptizetur3
1993 5287 2050 5353 sed
2079 5287 2165 5371 quod
2193 5287 2258 5352 illio
2285 5288 2316 5352 ei
2342 5286 2400 5351 de-

402 5386 472 5432 esse
501 5368 635 5447 debent,
669 5367 793 5433 duobus
820 5371 907 5448 10110,
933 5371 1095 5454 10011000
1122 5377 1155 5435 01
1181 5368 1376 5435 eucharistia
1425 5369 1503 5448 fuit,
1532 5391 1591 5452 per
1611 5373 1826 5457 episcopalem
1846 5395 2007 5439 manuum
2033 5375 2272 5456 impositionem
2293 5373 2400 5439 virtus

473 5637 501 5703 l)
520 5640 621 5692 Hamil.
640 5640 668 5692 in
686 5597 779 5693 loann.
798 5640 839 5706 80,
859 5640 883 5695 3.

1497 5643 1526 5710 1)
1544 5644 1631 5712 apia.
1651 5643 1702 5697 118
1720 5642 1786 5712 (aa).
1856 5646 1886 5714 a)
1904 5649 1978 5700 ntur.
1997 5636 2021 5698 a.
2040 5664 2062 5700 0.
2081 5646 2105 5700 a.
2176 5645 2206 5714 a)
2222 5645 2310 5714 apat.
2327 5643 2374 5698 aa.
