5600 6809
390 745 456 809 243
1043 736 1310 809 mamuuulo
1332 738 1437 805 Rau.
1460 737 1640 808 OHRffiu.
1663 742 1755 806 1559.
2339 737 2406 803 244

400 941 472 997 turn
494 951 591 997 suum
614 931 757 1011 cohibet;
785 931 903 1014 quoin
926 933 1131 996 sanctitatem
1154 950 1191 996 ac
1215 928 1376 995 iustitiam
1428 930 1565 1007 radunt,
1603 928 1819 995 mediocribus
1855 929 1954 994 etiam
1991 928 2132 1011 ingeniis
2163 947 2230 990 non
2262 926 2406 990 multum

399 1016 614 1102 propendeat,
644 1017 685 1082 ad
707 1018 851 1082 institiae
873 1038 951 1082 suae
972 1017 1121 1100 regulam
1143 1017 1259 1095 flectit,
1288 1036 1376 1081 oom—
1429 1016 1589 1081 tacessent
1610 1017 1749 1097 negotii,
1779 1036 1863 1098 quae
1890 1015 2075 1097 superiores
2104 1012 2199 1077 modo
2227 1013 2406 1078 solutiones

398 1105 500 1188 ponit,
523 1103 652 1182 format,
675 1102 787 1187 dirigit
794 1127 802 1183 ;
825 1124 868 1167 ne
886 1102 1007 1168 titubet
1028 1109 1085 1166 aut
1102 1101 1258 1181 concidat,
1281 1101 1376 1184 spiri·
1429 1101 1529 1184 probe
1567 1101 1764 1166 imbiberint.
1820 1100 1933 1166 Citant
1968 1122 2010 1164 ex
2047 1099 2170 1165 Genesi
2207 1098 2407 1163 sententiam

399 1198 454 1255 tus
483 1190 533 1254 sui
561 1189 684 1254 virtute
708 1189 833 1254 stabilit
864 1210 901 1253 ac
926 1190 1105 1254 confirmat.
1161 1188 1230 1268 Qua
1257 1188 1378 1252 ratione
1429 1187 1521 1252 illam
1544 1187 1588 1271 (4,
1609 1186 1658 1271 7):
1683 1188 1743 1253 sub
1770 1193 1802 1252 te
1830 1187 1894 1251 erit
1921 1187 2083 1268 appetitus
2109 1186 2193 1261 eius,
2222 1191 2256 1248 et
2283 1192 2318 1248 tu
2347 1183 2407 1249 do·

400 1275 617 1373 depectitur,
632 1277 657 1359 ¹)
690 1276 774 1373 dices
795 1274 897 1372 mibi,
917 1275 1033 1356 iuquit,
1062 1294 1132 1356 epo
1161 1275 1295 1371 apimur,
1315 1291 1378 1371 rou
1429 1274 1606 1375 minaberis
1632 1272 1680 1336 illi
1687 1297 1699 1372 3.
1723 1294 1821 1355 qnam
1846 1271 1886 1337 de
1912 1279 2043 1372 peccato
2071 1271 2348 1370 interpretantur,
2367 1290 2407 1336 eo

400 1379 628 1529 uultui?
649 1365 794 1528 titt.
809 1364 992 1526 titud
1009 1365 1084 1528 itt
1103 1359 1378 1528 {tottii
1430 1359 1990 1527 aduautsltuu?
1997 1378 2103 1508 'und
2119 1358 2407 1524 ttttltttt

397 1539 447 1599 tor
469 1537 521 1611 est,
545 1551 655 1596 uomeu
673 1532 829 1596 adiutoria
840 1532 1038 1612 moesuibit,
1060 1533 1142 1613 quod
1160 1537 1189 1595 et
1204 1536 1238 1595 tu
1256 1528 1378 1611 aliquid
1430 1531 1578 1595 laborare
1603 1529 1711 1596 vellet.
1755 1531 1824 1595 Nos
1854 1538 1964 1594 autem
1986 1530 2093 1612 magis
2121 1548 2300 1611 congruere
2326 1526 2429 1593 dici·x

398 1639 485 1702 epos.
531 1617 645 1681 Priore
665 1616 799 1682 membro
820 1617 964 1683 edmund
989 1617 1139 1682 actionem
1159 1616 1296 1681 bominis
1316 1635 1379 1681 uou
1429 1638 1504 1682 mus
1537 1616 1643 1681 ordini
1670 1617 1841 1693 orationis,
1874 1623 1912 1679 ut
1943 1613 1983 1680 de
2011 1614 2115 1681 Abele
2141 1614 2319 1696 accipiatur
2343 1611 2409 1679 boc

401 1704 468 1769 totti
489 1704 624 1784 spiritus
645 1704 744 1766 scroti
765 1708 859 1780 motu
889 1704 1004 1785 quiea
1026 1708 1143 1767 acturo
1162 1706 1207 1781 est
1226 1703 1377 1780 cotum,
1431 1702 1564 1769 dictum.
1608 1702 1681 1766 Illic
1709 1703 1799 1779 enim
1832 1701 2039 1783 iniquitatem
2067 1699 2212 1766 invidiae
2243 1720 2343 1781 quam
2369 1699 2408 1764 in

398 1809 479 1872 quae
500 1790 619 1871 reqitur
639 1793 674 1852 ut
697 1790 740 1854 ad
761 1789 872 1852 bouum
899 1789 1026 1871 aspiret.
1074 1789 1162 1869 Quod
1184 1792 1286 1852 cutem
1306 1807 1379 1852 moe
1428 1791 1565 1854 frauem
1598 1787 1682 1853 Cain
1714 1794 1920 1871 conceperat,
1954 1807 2092 1870 arguere
2116 1784 2324 1934 propositum
2356 1791 2409 1850 est

398 1875 559 1956 adiuupit,
593 1894 631 1938 ea·
659 1873 783 1938 comice
810 1874 927 1940 cumdii
948 1894 1043 1956 posse
1069 1873 1173 1957 cottipi
1201 1895 1257 1938 uos
1286 1875 1379 1937 etiam
1430 1875 1511 1939 Deo.
1555 1874 1596 1938 Id
1624 1875 1702 1940 tacit
1728 1872 1850 1956 duplici
1876 1875 2017 1938 ratione:
2051 1891 2115 1954 quo
2159 1872 2281 1935 trustra
2301 1869 2409 1936 medi·

400 1961 522 2040 aliquid
544 1979 642 2042 opere,
665 1979 727 2022 rou
744 1962 882 2025 coercuit
898 1962 945 2024 ita
963 1961 1107 2040 adipem
1130 1962 1223 2040 quusi
1239 1979 1380 2024 seorsum
1430 1961 1564 2027 tabatur
1584 1961 1690 2026 scelus
1713 1981 1775 2044 quo
1796 1961 1934 2024 fratrem
1954 1957 2166 2040 praecelleret
2187 1955 2274 2039 apud
2285 1957 2410 2036 Deum,

402 2046 526 2126 aliquid
542 2046 631 2110 uobis
647 2045 783 2126 tribuut;
804 2046 859 2111 sed
879 2067 917 2111 ue
932 2047 1035 2128 foueat
1052 2046 1088 2109 iu
1104 2045 1192 2110 uobis
1209 2046 1378 2128 macutum,
1432 2046 1519 2128 apud
1546 2067 1643 2129 quem
1672 2046 1784 2110 nullus
1812 2053 1862 2110 est
1883 2044 1988 2109 honor
2015 2044 2078 2108 nisi
2101 2043 2261 2121 iustitiae;
2290 2041 2411 2108 deinde

399 2133 446 2196 sic
467 2131 531 2194 Dei
551 2132 708 2207 ,esuum
734 2151 804 2196 curu
830 2136 940 2197 uestro
961 2131 1106 2196 resediat
1132 2137 1167 2195 ut
1193 2132 1268 2195 cette
1294 2131 1337 2196 sit
1358 2151 1379 2194 c
1431 2132 1518 2214 quod
1540 2133 1679 2196 nimium
1697 2132 1846 2216 ingratus
1868 2138 1954 2196 esset
1975 2129 2042 2194 iarn
2069 2137 2201 2211 accepto
2221 2129 2287 2194 Dei
2308 2128 2412 2193 beness

398 2220 531 2294 acturo,
562 2217 633 2282 bene
661 2222 764 2281 uuum
790 2217 865 2283 cette
889 2239 911 2282 c
935 2217 1053 2301 pratia.
1098 2216 1174 2282 Ideo
1188 2217 1287 2299 puuto
1307 2223 1379 2281 cute
1429 2220 1511 2297 ficio,
1535 2219 1591 2301 qui
1612 2239 1655 2282 ne
1673 2219 1856 2283 subiectum
1878 2215 2009 2299 quidem
2033 2236 2091 2279 suc
2113 2215 2249 2298 imperio
2266 2215 2412 2279 tratrem

393 2303 534 2368 diseat.-
554 2301 789 2368 uisiDeusuos
805 2303 939 2384 adiuvet,
962 2302 1301 2389 uoumodoviucere,²)
1324 2304 1378 2369 sect
1429 2305 1515 2369 ferre
1532 2313 1649 2387 posset.
1694 2304 1822 2368 Verum
1843 2324 1886 2367 ne
1908 2302 1994 2366 hanc
2013 2301 2318 2383 interpretationem
2335 2298 2413 2364 ideo

395 2408 493 2470 aeque
514 2409 661 2472 mucre
676 2389 859 2469 poterimus.
1429 2388 1601 2457 videamur
1639 2389 1821 2472 amplexari
1852 2386 1938 2470 quod
1979 2387 2083 2451 altera
2114 2387 2208 2451 nobis
2241 2385 2414 2453 contraris

487 2479 534 2537 15.
580 2475 670 2539 Hinc
693 2481 837 2557 apparet,
868 2475 1009 2558 gratiam
1030 2474 1095 2538 Dei
1123 2474 1172 2557 (ut
1192 2474 1246 2539 icc
1267 2494 1377 2540 nomeu
1430 2477 1483 2553 sit,
1506 2475 1620 2540 demus
1643 2496 1721 2540 sane
1743 2475 1784 2541 de
1806 2481 1937 2556 peccato
1963 2473 2137 2555 loquutum
2163 2473 2264 2537 fuisse
2285 2472 2411 2538 Deum.

396 2561 533 2624 sumitur
553 2560 608 2624 ubi
628 2561 666 2624 de
686 2561 914 2642 repererutioue
943 2565 988 2625 est
1008 2560 1122 2644 ammo)
1150 2581 1221 2625 esse
1243 2562 1376 2642 spiritus
1430 2561 1468 2626 Si
1484 2563 1533 2626 ita
1554 2567 1611 2639 est,
1635 2567 1693 2625 aut
1713 2559 1878 2644 promittit
1899 2558 1961 2623 hoc
1982 2558 2146 2624 Dominus
2172 2557 2258 2641 quod
2280 2557 2412 2622 denun-

397 2645 545 2729 regulam
583 2644 623 2709 ad
655 2645 860 2729 dirigendam
880 2640 934 2711 ‘ac
967 2645 1201 2711 moderandam
1233 2646 1375 2711 hominis
1428 2647 1497 2725 tiat,
1521 2654 1578 2711 ant
1599 2648 1697 2712 iubet
1742 2645 1781 2712 Si
1801 2645 1905 2723 iubet,
1933 2644 2060 2709 nullam
2084 2643 2161 2709 inde
2181 2643 2414 2726 probationem

394 2731 606 2796 voluntatem.
662 2730 829 2796 Moderati
861 2752 929 2797 non
960 2739 1067 2815 potest
1105 2732 1184 2814 quin
1222 2731 1373 2815 corrigat,
1426 2733 1591 2796 facultatis
1618 2733 1783 2797 humanae
1813 2732 1907 2814 sequi
1933 2731 2000 2795 iam
2034 2729 2347 2810 demonstravimus
2382 2730 2415 2794 si

395 2818 474 2900 quin
504 2817 675 2895 reformet,
704 2818 784 2899 quin
806 2824 942 2883 renovet
969 2817 1073 2902 (unde
1094 2817 1231 2882 dicimus
1253 2818 1373 2900 princi·
1426 2819 1599 2901 promittit,
1628 2817 1684 2881 ubi
1713 2817 1938 2901 promissionis
1961 2815 2249 2897 complementum,
2277 2813 2414 2898 quande

394 2904 485 2984 pium
508 2904 765 2986 regenerationis
787 2908 866 2981 esse,
888 2910 928 2967 ut
948 2901 1035 2985 quod
1056 2909 1207 2968 nostrum
1229 2912 1279 2968 est
1296 2902 1373 2969 abo-
1426 2912 1566 2987 peccato,
1586 2905 1637 2969 cui
1661 2903 1823 2968 dominari
1843 2904 1953 2986 ipsum
1975 2902 2157 2984 oportebat,
2185 2900 2270 2966 Cain
2291 2921 2413 2967 succu-

393 2988 514 3072 leatnr)
541 2988 639 3053 simul
667 2989 746 3072 quin
774 2995 919 3068 moveat,
956 2996 1049 3072 agat,
1085 2988 1248 3071 impellat,
1278 2989 1370 3068 terat,
1425 2988 1517 3055 buit?
1539 2990 1753 3055 Promissioni
1774 2989 1936 3054 inclusam
1959 2988 2068 3053 dicent
2089 2988 2225 3052 tacitam
2246 2985 2408 3054 conditio-
2457 3009 2461 3017 ·

395 3080 512 3138 teneat.
557 3073 654 3139 Unde
681 3095 759 3139 vere
785 3073 923 3141 dicimus
950 3075 1039 3139 illius
1066 3076 1102 3139 in
1129 3074 1270 3139 solidum
1300 3095 1371 3140 esse
1423 3097 1502 3142 nem
1528 3097 1566 3141 ae
1587 3076 1615 3140 si
1642 3075 1813 3155 diceretur,
1840 3075 2010 3140 victoriam
2036 3079 2279 3156 reportaturum
2303 3071 2412 3142 fuisse

320 3185 323 3191 ·
393 3179 505 3224 omnes
533 3180 616 3240 quae
644 3158 722 3224 inde
750 3166 906 3224 emanant
933 3161 1087 3225 actiones.
1139 3159 1276 3225 Interim
1303 3181 1370 3225 non
1425 3164 1453 3229 si
1474 3168 1629 3241 certaret3
1659 3161 1717 3226 sed
1739 3163 1812 3244 quis
1837 3161 1974 3242 recipiat
1995 3160 2076 3225 istas
2101 3159 2283 3244 ambages?
2316 3161 2413 3226 Nam

330 3268 334 3273 ·
392 3265 552 3328 negamus
578 3246 786 3311 verissimum
818 3267 889 3311 esse
916 3246 1002 3329 quod
1029 3247 1235 3330 Augustinus
1266 3246 1369 3326 docet,
1424 3251 1452 3314 si
1474 3245 1516 3313 ad
1535 3254 1706 3329 peccatum
1733 3248 1878 3312 retertur
1904 3245 1969 3311 ista
1996 3244 2188 3324 dominatio,
2217 3267 2312 3310 nemo
2335 3266 2414 3312 am-

392 3350 461 3395 non
484 3329 608 3396 destrui
630 3332 738 3415 g'ratia
763 3331 975 3410 voluntatem,
999 3331 1057 3398 sed
1077 3333 1183 3416 magis
1210 3333 1370 3415 reparari3
1424 3335 1516 3418 bigat
1536 3334 1766 3416 imperativam
1783 3354 1856 3399 esse
1874 3331 2071 3410 orationem,
2101 3332 2136 3396 in
2158 3351 2223 3414 qua
2241 3352 2308 3397 non
2327 3332 2416 3399 deti·

392 3417 469 3500 quia
486 3423 661 3499 utrumque
678 3417 799 3500 optime
822 3424 963 3482 constat:
985 3424 1024 3482 ut
1044 3418 1223 3483 instaurari
1244 3419 1372 3484 dicatur
1423 3421 1516 3486 nitur
1537 3418 1616 3503 quid
1637 3420 1808 3502 possimus,
1833 3416 1891 3484 sed
1915 3417 1993 3501 quid
2014 3416 2068 3482 vel
2089 3437 2190 3500 supra
2211 3423 2417 3500 potestatem

393 3503 536 3569 hominis
563 3503 732 3582 voluntas,
764 3502 843 3568 dum
871 3509 1016 3569 comecta
1042 3504 1218 3569 vitiositate
1243 3511 1277 3569 st
1296 3525 1372 3587 per·
1426 3507 1610 3571 debeamus.
1659 3505 1848 3586 Quicquam
1871 3508 1899 3569 et
1919 3523 1971 3568 res
1992 3505 2064 3584 ipsc
2091 3509 2120 3568 et
2143 3505 2227 3568 ratio
2250 3524 2417 3588 prum

392 3589 548 3656 versitate
577 3588 618 3654 ad
646 3609 761 3655 veram
789 3589 934 3654 iustitiae
962 3589 1111 3674 regulam
1140 3588 1306 3673 dirigitur3
1340 3597 1373 3655 et
1425 3594 1504 3658 ticce
1526 3591 1702 3673 accae,
1732 3591 1992 3673 cooperationes
2015 3590 2087 3670 fieri
2116 3587 2197 3654 Catu
2225 3595 2254 3654 et
2282 3590 2416 3658 Abelis:

393 3675 492 3740 simul
513 3696 600 3741 nova
622 3675 656 3738 in
679 3675 814 3741 homine
835 3674 988 3742 voluntas
1010 3674 1138 3741 dicatur
1160 3677 1273 3754 creari,
1296 3676 1373 3759 quia
1426 3678 1503 3761 quic
1515 3677 1540 3762 ¹)
1557 3677 1785 3760 primopeuitus
1795 3678 1896 3759 frater
1906 3676 2022 3739 miuori
2033 3675 2231 3758 posthabitus
2246 3695 2310 3742 nou
2328 3677 2416 3760 fuis·

393 3761 440 3825 sic
462 3761 578 3825 vitiata
595 3769 813 3844 corruptaque
834 3769 893 3841 est,
923 3768 962 3826 ut
983 3764 1106 3828 notum
1127 3763 1258 3844 penitus
1280 3763 1372 3847 inge-
1426 3769 1479 3842 set,
1501 3765 1568 3828 uisi
1582 3763 1715 3846 proprio
1737 3764 1848 3829 scetere
1869 3763 2008 3827 deterur.
2169 3790 2177 3798 -

392 3846 485 3920 nium
523 3845 659 3910 induere
697 3867 829 3913 necesse
855 3848 984 3914 habeat.
1040 3847 1134 3912 Nihil
1166 3848 1232 3911 iam
1265 3848 1374 3914 obstat
1516 3854 1564 3912 17.
1608 3849 1759 3914 Utuntur
1781 3855 1814 3914 et
1835 3848 2022 3912 testimonio
2049 3846 2202 3930 apostoli,
2228 3848 2307 3931 quia
2329 3847 2416 3915 dicit

393 3930 566 4013 quominus
587 3931 649 3995 rite
672 3952 768 4016 agere
786 3932 936 4000 dicamur
957 3933 1043 4017 quod
1066 3935 1135 4018 agit
1157 3934 1290 4017 spiritus
1307 3934 1373 3998 Dei
1426 3954 1494 4000 non
1528 3955 1600 3999 esse
1630 3934 1788 4014 volentis,
1822 3955 1883 4000 nec
1917 3934 2094 4012 currentis,
2129 3933 2187 3998 sed
2220 3935 2414 4002 miserentis

392 4017 428 4079 in
450 4015 552 4093 nobis,
576 4017 701 4082 etiamsi
721 4018 803 4083 cittii
823 4042 845 4085 o
870 4040 904 4085 se
923 4021 997 4102 ipsa
1026 4019 1164 4100 consuat
1189 4025 1296 4085 uodru
1323 4041 1374 4085 oo·
1425 4021 1491 4087 Dei
1513 4020 1623 4104 (Rom.
1644 4024 1673 4099 9,
1696 4021 1763 4106 16);
1798 4043 1840 4086 ex
1862 4041 1927 4104 quo
1949 4019 2098 4097 eliciunt,
2127 4019 2250 4103 aliquid
2277 4040 2351 4087 esse
2371 4021 2414 4087 in

393 4101 500 4166 iustas
525 4102 607 4183 quod
636 4103 675 4167 ub
702 4105 771 4169 eius
794 4106 902 4188 pratia
930 4111 1102 4186 separetur.
1147 4106 1282 4188 Ideoque
1311 4127 1373 4172 me·
1426 4106 1597 4174 voluntate
1626 4113 1659 4171 et
1685 4114 1819 4186 conatu,
1847 4105 1933 4188 quod
1962 4126 2022 4187 per
2043 4125 2078 4169 se
2099 4105 2176 4171 licet
2194 4104 2412 4186 imbecillum,

392 4188 495 4254 morio
537 4189 700 4253 tenendum
737 4191 818 4271 quod
856 4191 935 4256 olibi
965 4212 1005 4256 es
1045 4190 1226 4274 Aupustiuo
1265 4194 1373 4257 edati
1425 4192 1649 4258 misericordia
1680 4193 1745 4258 Dei
1783 4193 1944 4270 adituum,
1980 4211 2133 4273 prospero
2170 4194 2313 4257 moreau
2346 4213 2414 4259 uou

393 4293 479 4353 mus,
516 4273 641 4356 frustra
675 4277 826 4355 quosdam
859 4281 1000 4359 satuyere
1032 4283 1068 4342 ut
1095 4279 1131 4342 iu
1158 4277 1295 4343 bominis
1321 4298 1372 4343 uo·
1426 4284 1537 4344 cureat.
1582 4280 1685 4361 Atqui
1707 4279 1735 4343 si
1755 4280 1862 4345 sobrie
1884 4278 2089 4360 pensitarent
2112 4298 2196 4360 quae
2217 4277 2284 4343 illic
2305 4298 2416 4345 causa

392 4360 508 4425 hedde
542 4361 715 4442 quidquam
758 4360 829 4426 boui
867 4363 1038 4443 fflopriuru
1072 4364 1245 4444 reperiuut;
1282 4365 1373 4446 quid-
1426 4371 1585 4430 tractetur
1606 4386 1627 4429 a
1648 4364 1768 4443 Paulo,
1800 4366 1864 4431 ista
1891 4363 2055 4428 sententia
2072 4384 2139 4426 non
2160 4363 2240 4428 adeo
2260 4363 2412 4437 inconsi-

393 4447 472 4527 quid
493 4447 576 4512 etim
602 4446 759 4511 misturae
786 4447 940 4511 estliberi
969 4447 1097 4513 arbitrii
1123 4450 1239 4514 uirtute
1259 4451 1373 4532 affere
1426 4451 1537 4515 derate
1571 4451 1793 4516 abuterentur.
1844 4445 2004 4514 Scioeos
2038 4470 2133 4530 posse
2161 4448 2342 4532 Origenem
2371 4457 2411 4514 ct

393 4533 514 4597 studeat
542 4532 680 4598 homiues
707 4533 750 4599 cd
771 4531 837 4597 Dei
860 4533 1013 4616 pratum,
1047 4533 1129 4598 uitii
1160 4534 1251 4600 atiud
1277 4557 1372 4616 quom
1424 4537 1668 4620 Hieronymum
1677 4535 1706 4620 ²)
1734 4538 1835 4601 citare
1863 4556 1942 4599 suae
1970 4534 2181 4616 expositionis
2206 4535 2409 4618 suffragato-

394 4619 463 4682 cius
483 4620 639 4700 corruptio
657 4622 721 4684 est:
736 4619 870 4700 poinde
890 4639 927 4682 uc
949 4620 979 4684 si
1001 4620 1191 4699 questuosa
1209 4626 1237 4684 et
1257 4641 1372 4686 omaro
1425 4644 1493 4701 res;
1514 4643 1643 4704 possem
1666 4629 1700 4687 et
1720 4622 1786 4687 illis
1807 4621 1951 4686 vicissim
1973 4622 2199 4704 Augustinum
2225 4640 2409 4703 opponere;

396 4721 481 4782 uque
502 4705 611 4768 uinum
632 4705 771 4769 dilueret.
816 4703 891 4771 Etsi
912 4709 1014 4768 oedem
1037 4706 1192 4787 quidquid
1212 4707 1247 4770 iu
1263 4707 1373 4770 cotuu-
1425 4708 1483 4773 sed
1505 4707 1583 4790 quid
1604 4708 1653 4771 illi
1675 4707 1800 4790 opinati
1820 4708 1886 4770 sint
1907 4714 2021 4770 nostra
2042 4706 2126 4770 nihil
2144 4709 2252 4786 refert,
2275 4707 2303 4771 si
2326 4727 2409 4773 oon-

394 4791 457 4852 tote
478 4789 549 4854 boui
570 4795 623 4867 est,
644 4812 682 4855 es
703 4811 788 4856 mero
809 4791 942 4873 spiritus
959 4792 1109 4855 iustiuctu
1119 4793 1273 4872 prmeuit,
1296 4793 1373 4874 quia
1425 4800 1492 4859 stat
1519 4792 1597 4876 quid
1622 4793 1764 4858 voluerit
1790 4791 1925 4857 Paulus.
1970 4791 2044 4856 Illic
2065 4792 2173 4872 docet,
2206 4794 2247 4857 iis
2270 4792 2409 4859 demum

395 4876 498 4938 tarueu
519 4875 606 4938 uobis
633 4877 821 4942 naturaiiter
848 4877 1021 4960 inperitum
1048 4883 1093 4941 est
1114 4876 1202 4957 cette,
1230 4899 1292 4943 uou
1317 4878 1373 4943 ebs
1424 4887 1575 4963 paratam
1596 4899 1667 4944 esse
1686 4879 1827 4943 salutem
1848 4898 1929 4960 quos
1956 4898 2016 4941 sua
2044 4879 2267 4944 misericordia
2287 4879 2409 4944 Domi·

293 4992 294 4999 .
394 4978 429 5022 re
449 4979 486 5023 ec
508 4980 599 5042 opere
620 4960 756 5027 dicimur
782 4982 915 5044 quorum
942 4962 1068 5028 laudm
1095 4963 1157 5027 sibi
1184 4965 1254 5029 iure
1281 4963 1373 5029 Deus
1425 4988 1487 5030 nus
1510 4965 1678 5048 dignatum
1700 4965 1831 5028 ruinam
1850 4971 1884 5028 et
1900 4963 2071 5028 interitum
2088 4986 2223 5030 manere
2240 4984 2408 5048 quoscun-

394 5045 551 5122 ocudicat,·
583 5046 740 5127 primum,
773 5051 850 5131 quia
877 5056 1028 5114 nostrum
1050 5055 1100 5115 est
1127 5049 1195 5114 eius
1221 5050 1372 5134 benigni·
1425 5072 1489 5134 qne
1513 5069 1582 5113 non
1611 5050 1755 5134 elegerit.
1804 5050 2032 5132 Reproborum
2066 5058 2189 5116 sortem
2224 5052 2285 5116 sub
2312 5049 2407 5116 Pha·

394 5134 462 5194 tate
485 5128 641 5214 quidquid
663 5141 815 5213 operatur
836 5137 872 5199 in
894 5136 1003 5214 nobis,
1031 5134 1127 5200 modo
1149 5156 1215 5200 non
1237 5158 1257 5201 a
1278 5134 1372 5200 nobis
1425 5137 1534 5202 raonis
1568 5136 1717 5218 exemplo
1750 5135 2032 5201 demonstraverat
2039 5160 2047 5215 ;
2081 5138 2244 5220 gratum
2277 5154 2406 5220 quoque

395 5235 466 5281 esse
498 5214 735 5299 intelligamus;
774 5218 891 5285 deinde
928 5222 1006 5304 quia
1037 5227 1150 5286 nostra
1187 5228 1238 5287 est
1267 5243 1370 5299 mens,
1425 5221 1591 5287 electionis
1619 5220 1849 5287 certitudinem
1879 5222 1983 5288 Mosis
2015 5224 2201 5288 testimonio
2229 5223 2406 5289 confirma·

395 5310 507 5368 nostra
533 5301 701 5380 voluntas,
737 5310 885 5370 nostrum
912 5307 1071 5387 studium,
1106 5327 1188 5391 quae
1216 5307 1257 5373 ab
1279 5307 1371 5371 eoin
1424 5314 1490 5373 rat:
1513 5308 1691 5373 miserebor
1709 5309 1801 5373 cuiu‘s
1818 5309 2004 5374 miserebor.
2039 5307 2221 5387 Concludit,
2246 5329 2314 5373 non
2331 5328 2406 5373 esse

393 5387 516 5454 bonurn
536 5387 731 5472 diriguntur
1423 5393 1564 5459 volentis
1592 5400 1659 5458 aut
1677 5395 1855 5475 currentis,
1886 5394 1943 5460 sed
1971 5394 2156 5461 miserentis
2184 5395 2258 5460 Dei.
2305 5391 2405 5476 Quod

484 5479 531 5538 16.
578 5471 671 5555 Quae
693 5481 864 5557 praeterea
891 5476 969 5543 hino
989 5477 1066 5545 inde
1086 5479 1272 5544 testimonia
1300 5499 1371 5544 cor-
1424 5534 1516 5540 -.-
1544 5535 1567 5539 -.
1599 5534 1626 5540 ἢ
1737 5498 1741 5505 ·

1492 5597 1522 5665 1)
1540 5597 1678 5653 Nouuutti
1694 5597 1759 5654 iibri
1774 5601 1860 5654 mate:
1878 5617 1939 5669 qua.
2020 5598 2053 5666 2)
2072 5601 2120 5655 Ori
2139 5641 2145 5655 .
2169 5602 2231 5656 libr.
2250 5599 2275 5655 t.
2295 5602 2324 5655 in
2342 5598 2402 5672 epi·

465 5657 495 5727 1)
512 5660 553 5713 De
570 5669 687 5731 corrept.
707 5666 736 5716 et
753 5666 823 5731 grat.
841 5678 863 5715 c.
882 5660 907 5716 2.
977 5662 1007 5731 2)
1028 5664 1082 5721 die.
1424 5667 1484 5720 stol.
1502 5666 1537 5720 ed
1554 5668 1699 5722 Romanos.
1727 5668 1887 5738 Hieronym.
1907 5620 2169 5740 dial.1.inPedcg.
