5600 6809
390 783 450 846 609
607 777 697 843 ΙιΙΒ.
720 778 782 841 ΠΙ.
826 777 890 840 DE
913 775 1048 842 MODO
1070 774 1420 843 PEROIPIENDAE
1442 775 1633 844 onmem
1654 777 1872 845 enam.
1917 777 2016 844 OAP.
2039 780 2171 860 XVIII.
2324 787 2389 846 610

386 989 461 1033 rum
482 967 684 1050 dignitatem,
707 965 760 1029 his
782 964 977 1029 testimoniis
995 963 1036 1028 ad
1053 984 1198 1029 errorem
1211 975 1360 1028 astruen·
1414 965 1576 1030 missionis
1608 966 1799 1043 veritatem,
1839 986 1938 1048 quam
1977 966 2019 1030 ad
2055 967 2255 1033 reddendam
2287 969 2388 1034 debiti

386 1054 465 1118 dum
487 1052 570 1117 nihil
590 1050 765 1116 iuvabitur.
810 1049 903 1114 Nihil
930 1050 1018 1113 enim
1047 1050 1109 1113 rite
1130 1048 1207 1114 inde
1227 1049 1360 1133 colligas
1413 1051 1611 1132 aequitatem
1637 1052 1785 1116 refertur.
1830 1051 1872 1115 In
1899 1073 1997 1134 quem
2024 1075 2156 1119 sensum
2183 1056 2313 1139 insigne
2335 1062 2388 1121 est

386 1140 450 1204 nisi
472 1159 594 1203 meram
620 1136 751 1203 divinae
778 1157 857 1219 erga
883 1156 942 1199 nos
970 1134 1193 1219 indulgentiae
1218 1145 1372 1218 proponi
1413 1135 1536 1201 dictum
1558 1137 1751 1219 Augustini,
1766 1136 1790 1219 ¹)
1817 1137 1905 1218 quod
1932 1145 1970 1201 ut
1996 1139 2048 1203 vir
2080 1147 2211 1205 sanctus
2240 1149 2387 1224 repetere

386 1226 524 1291 sionem:
552 1222 812 1306 quandoquidem
838 1242 902 1304 quo
930 1242 989 1285 nos
1012 1221 1053 1285 ad
1074 1221 1360 1286 benefaciendum
1412 1223 1542 1304 saepius
1568 1244 1627 1304 pro
1653 1222 1856 1287 memorabili
1877 1245 1942 1288 non
1965 1223 2141 1302 dubitavit,
2170 1225 2216 1290 ita
2243 1247 2309 1291 non
2333 1227 2386 1291 in·

387 1311 519 1385 animet,
542 1307 723 1392 quamlibet
743 1307 796 1373 vel
814 1307 882 1372 solo
905 1307 973 1371 eius
991 1308 1116 1370 intuitu
1132 1306 1358 1390 indiguasint,
1412 1305 1548 1390 dignum
1579 1306 1700 1386 iudico,
1733 1307 1821 1390 quod
1845 1309 1978 1373 assidue
2007 1313 2165 1375 memoria
2189 1319 2385 1392 repetamus.

384 1416 467 1477 quae
488 1395 535 1458 illi
558 1393 749 1458 exhibemus
770 1392 940 1475 obsequia,
968 1392 1097 1457 nullum
1117 1398 1229 1456 tamen
1251 1392 1359 1475 perdi-
1410 1393 1551 1470 Fidelis,
1581 1393 1701 1475 inquit,
1727 1392 1891 1459 Dominus
1912 1395 1970 1476 qui
1993 1417 2028 1460 11
2049 1397 2142 1469 nobis
2163 1397 2240 1461 fecit
2260 1397 2386 1462 debito·

385 1491 456 1546 tum
474 1481 561 1545 sinit.
1411 1499 1496 1543 rem:
1529 1499 1595 1542 non
1626 1477 1748 1561 aliquid
1780 1500 1800 1543 a
1830 1480 1923 1544 nobis
1956 1481 2157 1565 accipiendo,
2190 1482 2246 1548 sed
2275 1485 2387 1549 omnia

472 1572 500 1630 7.
546 1565 614 1631 Sed
633 1565 740 1648 magis
760 1571 882 1647 urgent
902 1565 1039 1645 apostoli
1063 1563 1175 1642 verba,
1201 1566 1256 1646 qui
1278 1565 1358 1631 dum
1410 1563 1637 1646 promittendo.
2400 1575 2404 1598 ¹

385 1652 691 1718 Thessalonicenses
716 1652 753 1714 in
780 1648 1047 1714 tribulationibus
1071 1650 1272 1727 consolatur,
1302 1672 1357 1715 eas
1496 1654 1525 1714 8.
1569 1649 1790 1714 Adducuntur
1822 1659 1856 1714 et
1888 1651 1964 1715 illae
1995 1653 2094 1716 Pauli
2128 1655 2321 1718 sententiae:
2357 1656 2386 1719 si

384 1739 517 1802 immitti
538 1737 603 1802 11111
625 1736 718 1800 docet
738 1743 776 1799 ut
793 1735 885 1818 digni
903 1734 1085 1799 habeantur
1102 1756 1203 1818 regno
1216 1736 1279 1800 Dei
1297 1758 1356 1819 pro
1411 1734 1549 1800 habeam
1581 1755 1712 1798 omnem
1739 1734 1853 1811 fidem,
1886 1737 1933 1800 ita
1960 1745 1999 1800 ut
2025 1745 2152 1803 montes
2181 1738 2251 1804 loco
2280 1739 2386 1804 dimo-

384 1844 448 1906 quo
474 1824 646 1905 patiuntur
671 1823 706 1902 (2
730 1821 843 1885 Thess.
872 1826 904 1897 1„
931 1822 973 1904 5).
1025 1819 1207 1902 Siquidem,
1239 1822 1356 1904 inquit,
1410 1842 1520 1895 veam,
1560 1820 1729 1884 caritatem
1763 1831 1874 1886 antem
1906 1843 1973 1886 non
2006 1822 2161 1902 habeam,
2195 1825 2279 1888 nihil
2311 1843 2386 1890 sum

384 1910 508 1975 iustum
524 1916 575 1975 est
594 1906 681 1990 apud
699 1906 825 1984 Deum,
845 1905 979 1971 reddere
1000 1906 1041 1971 iis
1058 1908 1114 1988 qui
1132 1927 1189 1971 vos
1207 1907 1359 1991 affligtmt
1410 1906 1672 1990 (10111112).
1717 1907 1817 1971 Item:
1842 1928 1932 1971 nunc
1954 1917 2089 1973 manent
2111 1931 2194 1991 spes,
2216 1910 2307 1988 fidos,
2331 1933 2385 1977 ca-

384 1996 606 2072 afflictionem3
640 1990 731 2057 vobis
765 1999 876 2056 autem
904 1992 1141 2057 relaxationem
1175 1991 1354 2071 nobiscum,
1409 1994 1504 2070 ritas;
1527 1991 1584 2056 sed
1605 1993 1750 2056 maxima
1771 1993 1805 2056 iu
1823 1992 1875 2056 his
1893 1994 2012 2059 caritas
2030 1993 2121 2078 (ibid.
2137 2018 2167 2059 v.
2184 1995 2246 2077 13).
2281 1997 2384 2061 Item:

382 2102 483 2163 quum
516 2077 715 2146 revelabitur
742 2077 903 2142 Dominus
930 2078 1024 2142 Iesus
1051 2100 1069 2142 e
1100 2078 1196 2142 coelo.
1248 2080 1357 2143 Autor
1409 2099 1507 2160 super
1534 2078 1644 2141 omnia
1672 2077 1788 2143 habete
1815 2079 1997 2157 caritatem,
2030 2089 2187 2161 quaeest
2214 2082 2385 2147 vinculum

383 2187 461 2231 vero
483 2165 637 2248 epistolae
659 2162 701 2229 ad
722 2163 905 2228 Hebraeos:
925 2183 992 2228 non
1015 2164 1355 2248 est,inquit(6,10),
1408 2164 1613 2245 perfectionis
1635 2162 1768 2246 (cota,
1791 2162 1853 2247 14).
1893 2165 1948 2228 Ex
1968 2165 2083 2247 primis
2105 2166 2230 2232 duobus
2251 2177 2400 2249 conten-l

381 2253 522 2316 iniustus
545 2252 637 2315 Deus
664 2257 702 2312 ut
729 2249 939 2314 obliviscatur
964 2249 1071 2331 operis
1098 2250 1215 2327 111111,
1246 2257 1278 2314 11
1307 2248 1356 2312 di-
1409 2249 1493 2313 dunt
1514 2250 1617 2313 nostri
1639 2248 1818 2325 Pharisaei,
1842 2250 1979 2314 caritate
2001 2272 2058 2315 nos
2086 2253 2255 2317 iustificari
2275 2255 2385 2335 potius

382 2337 532 2402 lectionis
561 2356 659 2417 quam
688 2334 876 2399 ostendistis
905 2336 940 2398 in
970 2336 1099 2399 nomine
1121 2335 1238 2416 ipsius,
1270 2336 1357 2416 quod
1408 2356 1505 2417 quam
1526 2333 1606 2398 fide:
1632 2335 1755 2398 virtute
1778 2336 1950 2412 nimirum,
1973 2344 2011 2400 ut
2037 2337 2099 2418 ipsi
2125 2339 2226 2415 aiunt,
2248 2341 2383 2420 potiore.

382 2422 592 2487 ministrastis
612 2421 742 2486 sanctis.
786 2419 841 2485 Ad
862 2420 1004 2502 priorem
1025 2423 1133 2485 locum
1162 2420 1353 2503 respondeo:
1407 2421 1455 2484 At
1487 2419 1579 2484 nullo
1611 2421 1740 2503 negotio
1772 2420 1910 2484 diluitur
1942 2421 2022 2487 haec
2056 2424 2227 2505 argutatio.
2272 2425 2387 2506 Expo-
2466 2491 2475 2504 Ι

382 2507 506 2572 nullam
533 2506 601 2572 illio
628 2507 736 2570 meriti
759 2505 952 2590 dignitatem
973 2507 1168 2589 significari3
1201 2506 1259 2571 sed
1279 2507 1356 2588 quia
1408 2507 1532 2571 suimus
1554 2506 1644 2568 enim
1665 2504 1757 2581 alibi,
1786 2505 1828 2571 ad
1851 2527 1963 2572 veram
1984 2507 2084 2572 fidem
2106 2508 2187 2572 nihil
2209 2511 2383 2591 pertinere,

382 2593 475 2659 Deus
495 2600 589 2675 pater
611 2591 683 2656 vult
703 2612 772 2669 nos,
798 2613 878 2673 quos
896 2592 995 2674 elegit
1014 2592 1108 2668 filios,
1131 2590 1266 2658 Ohristo
1288 2592 1355 2673 pri·
1407 2612 1490 2673 quae
1511 2592 1617 2673 primo
1638 2589 1708 2654 loco
1729 2589 1892 2656 dicuntur.
1938 2592 2092 2657 Alterum
2115 2615 2174 2658 nos
2196 2615 2321 2677 quoque
2343 2596 2385 2659 dc

381 2679 547 2761 mogenito
580 2678 789 2754 conformari,
828 2677 913 2742 sicut
945 2678 1090 2759 oportuit
1121 2677 1217 2743 illum
1249 2679 1354 2759 primo
1407 2698 1487 2741 vera
1507 2676 1572 2741 fide
1592 2677 1860 2757 interpretamur,
1889 2698 1954 2760 qua
1981 2681 2139 2744 maiorem
2167 2701 2238 2745 esse
2268 2682 2385 2746 carita-

381 2764 450 2847 pati
478 2769 511 2828 et
539 2771 610 2828 tum
636 2761 769 2826 demum
795 2764 921 2826 intrare
947 2763 983 2826 in
1010 2763 1149 2846 gloriam
1170 2764 1230 2831 sibi
1254 2763 1354 2828 desti
1407 2771 1475 2827 tem
1508 2760 1586 2825 dicit
1619 2781 1688 2824 non
1714 2769 1872 2843 tanquam
1909 2765 1952 2829 sit
1979 2768 2084 2847 magis
2111 2767 2292 2842 meritoria,
2327 2765 2385 2831 sed

383 2861 509 2926 natam,
537 2851 586 2914 ita
613 2857 646 2912 et
673 2870 733 2912 nos
760 2870 818 2930 per
835 2847 955 2912 multas
977 2846 1205 2913 tribulationes
1227 2856 1355 2931 oportet
1407 2849 1484 2930 quia
1516 2847 1622 2930 magis
1651 2847 1819 2911 fructuosa
1845 2857 1909 2925 est,
1943 2850 2020 2932 quia
2045 2851 2143 2916 latius
2170 2858 2276 2934 patet,
2309 2852 2386 2934 quia

384 2936 391 2949 '
458 2933 511 2999 edi
532 2936 569 2998 in
591 2954 731 3016 regnum
752 2933 917 2998 coelorum
938 2933 1106 3016 (111124,
1129 2939 1184 3011 26;
1206 2935 1280 2999 Act.
1306 2939 1353 3011 14,
1406 2932 1554 3015 pluribus
1572 2933 1682 3009 servit,
1704 2933 1781 3013 quia
1802 2954 1933 3015 semper
1953 2936 2059 3018 viget:
2081 2957 2184 3018 quum
2205 2936 2281 3001 fidei
2303 2959 2384 3003 usus

382 2956 458 3103 211111
492 3019 733 3084 'Pribulationes
760 3039 838 3101 ergo
866 3019 945 3082 dum
972 3021 1117 3102 patimur
1142 3030 1202 3102 pro
1230 3019 1355 3085 Ohn'sti
1408 3018 1450 3083 ad
1482 3028 1611 3100 tempus
1642 3019 1806 3082 consistat
1858 3018 1897 3083 Si
1929 3021 2157 3084 excellentiam
2189 3025 2384 3104 spectamus,

381 3108 526 3182 nomine,
561 3104 721 3187 quaedam
746 3103 851 3168 veluti
877 3111 973 3169 notae
1000 3105 1236 3187 imprimuntur
1262 3105 1355 3170 nobie
1407 3105 1523 3169 merito
1540 3104 1605 3168 Dei
1626 3103 1757 3168 dilectio
1773 3105 1896 3186 primas
1914 3112 2040 3181 teneat,
2064 3106 2104 3171 de
2126 3127 2190 3187 qua
2207 3108 2262 3172 hic
2277 3129 2385 3172 sermo

381 3193 499 3274 quibus
527 3212 604 3256 oves
677 3191 746 3271 egis
778 3189 830 3255 sui
861 3190 953 3254 Deus
985 3191 1115 3273 signare
1148 3191 1238 3255 solet.
1282 3190 1356 3256 Hac
1407 3190 1512 3256 Paulo
1532 3211 1598 3254 non
1620 3196 1679 3254 est
1713 3188 1885 3272 Siquidem
1905 3212 2011 3255 unum
2031 3191 2118 3256 istud
2140 3200 2237 3275 urget
2257 3199 2295 3256 ut
2312 3215 2385 3256 mu·

381 3298 459 3360 ergo
486 3277 612 3341 ratione
663 3275 669 3288 '
721 3276 727 3288 '
757 3274 916 3339 habemur
940 3297 1042 3359 regno
1063 3276 1142 3355 Dei,
1171 3277 1248 3358 quia
1275 3278 1356 3360 stig·
1408 3283 1467 3340 tua
1497 3276 1633 3341 caritate
1665 3296 1725 3339 nos
1758 3277 1793 3339 in
1822 3276 1967 3340 Domino
1994 3277 2137 3342 vicissim
2169 3279 2385 3344 aedificemus.

382 3371 472 3427 mata
497 3360 633 3426 Domini
656 3361 761 3426 nostri
789 3369 823 3426 et
849 3361 999 3444 magistri
1025 3371 1195 3443 portamus
1222 3363 1257 3425 in
1285 3382 1356 3427 cor-
1409 3359 1478 3427 Sed
1498 3363 1676 3444 fingamus,
1702 3360 1806 3426 modis
1828 3361 1980 3426 omnibns
2002 3364 2173 3428 caritatem
2193 3363 2268 3428 fidei
2290 3384 2385 3445 prae·

381 3469 473 3530 poro,
507 3467 591 3529 quae
624 3455 701 3511 sunt
728 3447 873 3511 filiorum
899 3448 964 3511 Dei
993 3448 1087 3531 signa
1113 3447 1203 3531 (Gal.
1232 3447 1354 3530 6,17).
1407 3447 1539 3513 cellere:
1569 3448 1642 3528 quis
1671 3454 1783 3511 tamen
1805 3467 1885 3512 sano
1907 3445 2040 3527 iudicio,
2069 3449 2135 3513 imo
2157 3450 2230 3530 quis
2252 3450 2386 3515 omnino

381 3534 458 3599 Huc
487 3532 621 3598 stillae
649 3533 831 3597 sententiae
859 3534 1039 3615 pertinent:
1068 3554 1128 3598 nos
1149 3534 1356 3599 circumferre
1408 3553 1487 3597 sano
1509 3531 1657 3611 cerebro,
1686 3554 1729 3597 11
1755 3553 1793 3597 eo
1816 3533 2031 3597 ratiocinetur
2059 3535 2164 3617 magis
2185 3534 2384 3600 iustificare?

379 3619 663 3684 mortificationem
689 3619 767 3683 Iesu
787 3617 914 3682 01111111
938 3619 973 3683 in
1000 3639 1134 3701 corpore
1161 3627 1287 3696 nostro,
1319 3626 1357 3684 ut
1407 3619 1469 3683 Vis
1487 3618 1687 3685 iustificandi
1706 3639 1790 3701 quae
1809 3639 1911 3700 penes
1932 3617 2031 3683 fidem
2053 3625 2112 3696 est,
2134 3641 2199 3683 non
2222 3621 2257 3684 in
2275 3620 2385 3704 digni-

380 3706 449 3768 vita
470 3704 572 3786 ipsius
590 3705 817 3768 manifestetur
837 3705 873 3767 in
891 3703 984 3769 nobis
1002 3703 1037 3788 (2
1056 3704 1131 3769 (lor.
1152 3712 1181 3781 4,
1204 3704 1274 3789 10);
1297 3725 1356 3770 111
1408 3711 1476 3768 tate
1498 3705 1605 3786 operis
1622 3704 1755 3769 locatur.
1789 3702 1869 3769 Sola
1885 3704 1950 3768 Dei
1974 3703 2195 3769 misericordia
2217 3714 2251 3770 et
2268 3707 2385 3771 merito

380 3791 586 3873 passionibus
608 3789 678 3854 eius
699 3790 908 3866 conformari,
937 3797 976 3853 ut
996 3792 1226 3872 perveniamus
1248 3789 1289 3855 ad
1311 3791 1355 3856 si·
1408 3789 1535 3856 Christi
1561 3796 1689 3855 constat
1713 3795 1826 3854 nostra
1846 3790 2048 3866 iustificatio,
2076 3810 2175 3871 quam
2202 3791 2281 3856 dum
2302 3791 2385 3858 fides

381 3874 598 3939 militudinem
620 3875 867 3969 resqrrectionis
894 3895 935 3939 11
956 3876 1096 3942 mortuis
1118 3875 1219 3961 (Phil.
1240 3880 1268 3955 3,
1291 3876 1353 3961 10).
1408 3874 1639 3959 apprehendit,
1667 3875 1845 3939 iustificare
1873 3874 2003 3940 dicitur.
2048 3875 2146 3941 Nunc
2174 3877 2201 3940 si
2230 3876 2385 3943 adversa·

382 3959 476 4041 Quae
508 3959 683 4026 subiicitur·
709 3961 807 4037 ratio,
842 3982 909 4025 non
941 3959 983 4025 ad
1017 3962 1219 4044 probandam
1252 3962 1356 4026 ullam
1408 3963 1473 4026 rios
1504 3961 1699 4043 interroges,
1733 3981 1795 4041 quo
1828 3982 1927 4025 sensu
1959 3961 2224 4027 iustificationem
2255 3964 2385 4028 caritati

382 4046 591 4129 dignitatem,
614 4045 672 4111 sed
692 4066 784 4128 spem
805 4047 899 4129 regni
919 4047 982 4111 Dei
1005 4046 1261 4112 confimandam
1281 4068 1355 4129 per·
1408 4048 1584 4130 assignent,
1608 4044 1859 4127 respondebunt,
1882 4047 1958 4129 quia
1979 4048 2121 4112 officium
2145 4054 2195 4111 111
2215 4049 2287 4113 Deo
2309 4071 2385 4133 gra·

383 4135 480 4196 tinet:
514 4152 552 4197 ac
579 4131 608 4196 si
630 4131 766 4208 diceret,
796 4138 833 4194 ut
858 4132 944 4196 iusto
966 4133 1029 4197 Dei
1052 4132 1171 4196 iudicio
1193 4133 1354 4210 convenit,
1408 4139 1495 4208 tum,
1518 4132 1589 4196 eius
1610 4132 1743 4209 merito,
1766 4152 1808 4195 11
1829 4130 1959 4197 divinae
1976 4133 2133 4197 bonitatis
2153 4136 2383 4215 acceptatione,

381 4217 558 4283 vindictam
587 4216 628 4280 ab
649 4218 789 4281 inimicis
818 4218 935 4282 vestris
956 4227 1108 4300 expetere
1135 4237 1248 4281 earum
1275 4237 1356 4299 quas
1406 4217 1568 4281 iustitiam
1599 4216 1692 4281 nobis
1723 4218 1888 4298 imputari.
1933 4217 2021 4284 Hinc
2049 4219 2141 4284 vides
2170 4240 2267 4300 quam
2301 4218 2385 4284 belle

384 4304 473 4370 vobis
495 4303 669 4368 intulerint
690 4302 912 4380 vexationum,
940 4304 987 4367 ita
1008 4303 1100 4367 vobis
1122 4303 1356 4367 relaxationem
1408 4301 1562 4386 procedat
1592 4310 1832 4386 argumentum.
1883 4301 2001 4367 Fidem
2028 4304 2205 4371 iustificare
2232 4303 2382 4379 dicimus,

383 4400 417 4454 11
442 4391 587 4472 quietem
616 4409 636 4453 a
663 4386 892 4454 vexationibus
919 4388 1089 4471 impertiri.
1134 4388 1229 4453 Alter
1256 4388 1355 4465 locus,
1408 4410 1474 4454 non
1506 4389 1583 4471 quia
1613 4388 1774 4453 iustitiam
1806 4387 1900 4454 nobis
1929 4410 1989 4454 sua
2016 4389 2176 4474 dignitate
2203 4397 2382 4469 mereatur;

383 4478 438 4558 qui
460 4476 506 4541 sic
529 4476 687 4540 iustitiam
704 4476 768 4539 Dei
786 4472 899 4538 decere
921 4473 1031 4552 tradit,
1050 4495 1183 4539 suorum
1204 4473 1358 4557 obsequia
1409 4475 1466 4540 sed
1498 4476 1575 4556 quia
1605 4475 1862 4539 instrumentum
1892 4475 1948 4554 sit,
1983 4497 2045 4557 quo
2072 4473 2197 4540 Christi
2222 4473 2384 4539 iustitiam

384 4560 537 4625 oblivioni
558 4583 625 4626 non
646 4559 818 4637 mandare,
848 4566 886 4623 ut
913 4580 1012 4642 prope
1033 4560 1194 4624 iniustum
1216 4562 1285 4625 fore
1306 4561 1357 4625 iu-
1409 4561 1512 4645 gratis
1534 4560 1727 4625 obtinemus.
1770 4560 1842 4639 Isti,
1866 4562 2095 4642 praetermissa
2116 4559 2181 4622 Dei
2201 4559 2383 4624 misericor·

384 4655 465 4709 nnat
489 4647 518 4710 si
543 4646 767 4723 obliviscatur,
801 4646 885 4710 hanc
918 4647 1077 4710 rationem
1105 4646 1216 4711 babet:
1253 4645 1356 4722 Deus,
1408 4646 1476 4724 dia,
1499 4644 1696 4728 Christoque
1716 4647 1892 4728 praeterito
1910 4644 1982 4730 (ubi
2002 4666 2131 4709 summa
2152 4643 2294 4707 iustitiae
2316 4646 2383 4730 est)

384 4751 447 4812 quo
474 4732 644 4811 segnitiem
671 4740 818 4797 nostram
840 4741 986 4807 acueret,
1011 4731 1166 4798 fiduciam
1194 4731 1287 4796 nobis
1311 4732 1357 4796 fe-
1408 4732 1554 4797 caritatis
1577 4732 1731 4797 beneficio
1748 4752 1807 4796 nos
1824 4732 1992 4796 iustificari
2010 4737 2167 4811 pugnant,
2188 4732 2266 4810 quia
2282 4750 2385 4812 supra

385 4819 442 4891 cit,
471 4835 538 4878 non
557 4815 689 4880 irritum
710 4818 779 4881 fore
801 4838 898 4900 quem
922 4819 959 4882 in
981 4818 1119 4901 gloriam
1143 4817 1285 4881 nominis
1307 4817 1358 4881 sui
1408 4817 1506 4882 fidem
1540 4818 1688 4883 excellat
1732 4815 1874 4883 Perinde
1906 4835 1944 4879 ao
1971 4817 1998 4880 si
2024 4816 2096 4896 quis
2124 4815 2283 4897 aptiorem
2310 4835 2382 4882 esse

385 4901 624 4982 susceperimus
641 4901 793 4967 laborem.
835 4903 974 4987 Semper
995 4904 1249 4979 meminerimus,
1273 4903 1357 4968 hano
1410 4924 1520 4985 regem
1554 4903 1698 4986 disputet
1728 4899 1925 4967 conficiendo
1959 4901 2065 4964 calceo
2100 4921 2199 4982 quam
2233 4913 2386 4983 sutorem,

384 4987 642 5070 promissionem,
662 4994 699 5050 ut
716 4996 860 5053 caeteras
876 5012 998 5068 omnes,
1021 4990 1105 5054 nihil
1123 4991 1247 5054 fructus
1265 4989 1357 5054 nobis
1410 4991 1486 5072 quia
1507 4991 1549 5054 sit
1570 4991 1698 5053 infinito
1717 4986 1941 5070 praestantior.
1983 4986 2048 5050 Hic
2070 5007 2155 5051 unus
2177 4986 2388 5071 syllogismus

384 5073 558 5136 allaturam
586 5070 650 5136 nisi
677 5073 884 5154 praecederet
911 5077 1091 5158 gratuitum
1118 5075 1359 5141 misericordiae
1411 5074 1519 5159 amplo
1540 5076 1732 5140 documento
1760 5082 1810 5137 est
1836 5070 1964 5135 scholas
1991 5093 2104 5137 omnes
2131 5072 2317 5138 sorbonicas
2344 5095 2387 5139 ne

384 5159 513 5235 foedus,
542 5157 596 5222 cui
625 5165 694 5221 tota
720 5156 835 5221 salutis
856 5170 988 5224 nostrae
1009 5161 1169 5226 certitudo
1190 5160 1358 5227 incumbe-
1412 5162 1548 5226 summis
1570 5159 1701 5241 quidem
1722 5157 1823 5223 labris
1845 5155 2035 5239 degustare,
2064 5158 2143 5241 quid
2169 5158 2213 5222 sit
2233 5156 2309 5222 fidei
2338 5160 2387 5223 iu·

385 5252 443 5309 ret.
488 5244 539 5307 Eo
561 5252 670 5307 autem
690 5243 776 5317 freti,
799 5242 962 5308 confidere
983 5265 1095 5311 secure
1116 5244 1280 5319 debemus,
1302 5246 1359 5310 ob-
1411 5247 1570 5313 stificatio.
1616 5244 1655 5308 Si
1674 5244 1746 5325 quis
1776 5247 1885 5306 antem
1907 5242 2033 5306 rixator
2055 5242 2163 5308 adhuc
2185 5242 2386 5325 interpellet,

385 5331 506 5412 scquiis
536 5329 635 5393 etiam
660 5328 781 5392 nostris
797 5326 982 5409 ,quamlibet
1007 5329 1152 5412 indignis
1179 5330 1359 5396 11111111-
1412 5354 1471 5397 our
1502 5331 1579 5395 fidei
1611 5348 1730 5393 nomen
1763 5327 1891 5391 tantulo
1923 5328 2098 5394 intervallo
2131 5327 2217 5411 apud
2244 5329 2388 5393 Paulum

386 5425 499 5480 turum
528 5415 634 5479 aDei
662 5413 845 5478 liberalitate
867 5414 1055 5495 1111111111.
1098 5415 1141 5477 In
1164 5435 1360 5497 11111111-
1398 5409 1501 5482 'varie
1530 5415 1740 5495 accipiamus,
1775 5414 1873 5478 huius
1901 5414 2193 5497 interpretationis,
2207 5434 2276 5477 non
2304 5413 2390 5480 levis

386 5503 507 5566 tatione
539 5508 579 5564 ut
605 5522 665 5585 nos
691 5499 863 5565 confirmet
891 5496 1070 5582 apostolus,
1102 5499 1213 5563 Deum
1245 5503 1361 5564 asserit

385 5609 454 5650 non
474 5607 544 5652 esse
565 5587 739 5661 iniustum,
765 5584 846 5666 quin
867 5591 1076 5651 constaturus
1098 5585 1141 5651 sit
1161 5581 1239 5648 fidei
1260 5586 1361 5650 semel
1414 5587 1615 5596 “’“’“““
1950 5600 1953 5603 ’

387 5671 490 5736 datae
534 5671 668 5737 Iustitia
698 5672 800 5765 igitur
831 5671 895 5737 ista
926 5671 1031 5755 magis
1060 5670 1102 5736 ad
1127 5669 1360 5751 (1111111111-
1481 5686 1510 5750 1)
1530 5687 1560 5737 ln
1578 5686 1649 5738 111.
1667 5684 1710 5753 aa,
1728 5686 1753 5741 a.
1773 5689 1816 5741 rs.
1836 5687 1894 5756 111,
1913 5688 1936 5742 1.
1956 5685 2307 5757 1111111111).

494 5771 710 5844 0111111111.
748 5773 804 5830 Vol
822 5773 867 5830 11.
2148 5771 2183 5825 39
