5600 6809
376 758 434 818 ιιι
592 750 682 817 nm.
705 752 769 816 nr
813 752 878 816 nn
899 750 1036 824 nono
1057 752 1407 822 rnnommrvnan
1429 751 1621 820 carusrr
1642 753 1860 821 amman.
1904 694 2158 839 crahc
2314 766 2451 848 nr,

374 941 446 1006 Deo
469 943 556 1026 (Act
580 946 626 1017 10,
651 940 695 1024 2),
718 948 752 1004 et
773 941 801 1005 si
822 961 888 1022 qua
909 947 988 1003 sunt
1009 938 1136 1002 similia
1171 937 1224 1003 De
1245 938 1350 1003 Paulo
1401 942 1584 1024 tingeretur
1605 955 1638 1006 et
1660 963 1759 1023 prope
1780 943 2032 1027 immergeretur
2053 947 2213 1030 sanguine
2236 950 2376 1031 prophe-

373 1027 438 1092 illis
470 1027 689 1107 concedimus;
722 1027 757 1090 in
787 1024 940 1091 Cornelio
972 1023 1110 1088 dicimus
1143 1023 1347 1089 hallucinari
1401 1027 1531 1092 tarum?
1554 1028 1590 1091 in
1611 1026 1755 1106 latrone,
1785 1029 1841 1110 qui
1862 1030 1948 1093 inter
1969 1030 2102 1096 ultimos
2124 1031 2258 1097 tandem
2279 1035 2376 1118 spiri·

373 1113 446 1177 Iam
474 1114 562 1178 enim
589 1119 661 1177 tum
689 1112 912 1176 illuminatum
935 1132 972 1176 ao
993 1117 1226 1193 regeneratum
1247 1110 1348 1175 tirisse
1400 1121 1454 1176 tus
1477 1112 1517 1177 dc
1538 1114 1762 1195 resipiscentia
1783 1115 1957 1198 cogitavit?
1990 1117 2171 1194 Facessant
2198 1140 2276 1202 ergo
2294 1120 2376 1187 haec

374 1207 524 1282 apparet,
559 1207 596 1263 ut
627 1198 713 1262 nihil
746 1197 794 1261 illi
827 1197 955 1262 deesset
985 1203 1115 1279 praeter
1142 1195 1348 1277 perspicuam
1400 1207 1604 1282 argumenta,
1627 1220 1710 1281 qnae
1732 1200 1895 1282 sibiipsis
1917 1201 2236 1268 hcmincscuriosuli
2253 1213 2376 1273 temere

373 1280 1065 1435 ttttttm¹ttlttttssl..t³l.ttt
1087 1280 1347 1430 adsilit?
1399 1285 1863 1455 tlttttttttttt
1891 1287 2375 1454 dttttttttltttt

373 1477 431 1521 nes
463 1392 595 1539 pietatis
626 1457 743 1537 spiritu
775 1390 917 1536 sempelrq
936 1474 1006 1518 esse
1037 1450 1228 1534 praeditos?
1273 1451 1348 1515 Non
1400 1392 1612 1538 perditarump
1628 1439 1742 1521 instar
1760 1423 1943 1536 aberrhsse,
1978 1396 2242 1542 unuqubmque
2275 1462 2374 1528 decli-

373 1543 479 1625 magis
500 1563 599 1624 quam
622 1542 650 1606 si
672 1542 743 1622 quis
766 1540 987 1605 demonstrata
1004 1537 1168 1615 Aristidis,
1192 1534 1346 1616 Socratis,
1399 1563 1495 1607 nasse
1522 1543 1557 1606 in
1590 1543 1679 1607 viam
1705 1563 1814 1618 suam,
1849 1543 1910 1608 hoc
1937 1553 2001 1621 est,
2033 1544 2257 1627 perditionem.
2301 1548 2375 1613 Hoc

372 1626 578 1703 Xenocratis,
602 1625 773 1710 Scipionis,
796 1625 904 1704 Curii,
928 1623 1058 1690 Camilli
1081 1631 1115 1687 et
1136 1622 1275 1688 aliorum
1297 1623 1347 1686 in-
1398 1627 1592 1709 perditionis
1622 1628 1753 1711 gurgite
1776 1649 1856 1710 quos
1878 1628 2056 1711 aliquando
2078 1651 2192 1695 eruere
2212 1632 2375 1699 Dominus

373 1713 534 1796 tegritate,
557 1712 633 1776 inde
650 1712 789 1796 colligat,
816 1733 930 1776 omnes
947 1712 1004 1793 qni
1021 1712 1057 1773 in
1073 1709 1229 1786 caecitate
1246 1706 1347 1773 idolo-
1400 1714 1523 1790 statuit,
1546 1733 1600 1778 eos
1622 1714 1657 1777 in
1680 1735 1774 1778 suam
1796 1715 2072 1796 opportunitatem
2093 1714 2215 1796 differt;
2244 1726 2373 1783 tantum

373 1797 488 1863 latriae
509 1797 721 1876 deseruntur,
744 1798 979 1864 sanctimoniae
1001 1806 1034 1861 et
1055 1794 1226 1877 probitatis
1247 1795 1347 1859 firisse
1399 1808 1580 1875 conservat,
1602 1799 1639 1862 in
1660 1799 1898 1882 blasphemiam
1919 1799 2178 1866 irremissibilem
2199 1823 2240 1865 ne
2263 1803 2373 1869 devol-

373 1883 541 1948 studiosos.
587 1882 676 1962 Quin
709 1884 807 1948 etiam
841 1885 1003 1966 scriptura
1031 1902 1097 1945 non
1123 1900 1188 1944 uno
1214 1879 1250 1943 in
1278 1879 1347 1944 loco
1399 1892 1529 1949 vantur.
1907 1937 1912 1950 .

373 1969 438 2034 illis
459 1969 567 2050 palam
587 1969 753 2034 reclamat.
787 1967 856 2050 Qui
877 1969 965 2033 enim
988 1964 1181 2033 describitur
1202 1985 1222 2028 a
1243 1965 1347 2029 Paulo
1490 1974 1537 2033 12.
1582 1968 1868 2049 Quemadmodum
1892 1991 1970 2035 suae
1991 1992 2071 2054 erga
2092 1971 2212 2037 electos
2233 1975 2375 2038 vocatio-

372 2054 592 2136 Ephesiorum
614 2062 717 2138 statua
739 2063 816 2119 ante
842 2055 1124 2139 regenerationem
1151 2049 1251 2136 (Eph.
1275 2055 1304 2127 2,
1330 2054 1344 2113 l
1400 2056 1451 2119 nis
1474 2056 1632 2133 efficacia,
1655 2056 1803 2132 salutem,
1827 2055 1989 2136 adquam
2010 2076 2066 2120 eos
2087 2066 2219 2121 aeterno
2241 2059 2376 2124 consilio

372 2139 485 2224 seqq),
508 2160 649 2223 granum
670 2140 767 2205 huius
784 2142 917 2205 seminis
936 2140 1063 2203 nullum
1080 2137 1230 2202 ostendit
1263 2137 1347 2200 Era-
1400 2141 1594 2217 destinarat,
1627 2141 1755 2223 perficit
1782 2139 1889 2218 Deus,
1923 2141 1970 2205 ita
2003 2163 2064 2206 sua
2093 2141 2192 2206 habet
2218 2142 2376 2210 adversus

372 2227 428 2301 tis,
462 2227 583 2307 inquit,
617 2225 742 2299 delictis
769 2234 803 2290 et
829 2227 972 2308 peccatis
998 2226 1133 2302 mortui,
1166 2224 1202 2286 in
1229 2221 1347 2303 quibus
1399 2227 1552 2309 reprobos
1569 2226 1697 2303 iudicia,
1720 2226 1836 2307 quibus
1858 2227 2031 2291 consilinm
2052 2225 2092 2290 de
2113 2227 2178 2292 illis
2200 2250 2296 2294 sunm
2318 2252 2375 2294 ex-

373 2311 564 2376 ambulastis
581 2311 674 2375 iuxta
689 2302 988 2376 saeouum'mundr·
1011 2311 1118 2387 huius,
1142 2310 1235 2373 iuxta
1255 2308 1346 2388 prin-
1399 2319 1562 2394 sequatur.
1605 2310 1697 2391 Quos
1717 2333 1795 2394 ergo
1816 2312 1854 2374 in
1874 2311 1961 2375 vitae
1983 2312 2212 2377 contumeliam
2233 2322 2266 2378 et
2287 2336 2375 2380 mor-

372 2398 477 2478 cipem
503 2396 602 2474 acris,
631 2397 686 2478 qui
712 2416 800 2460 nunc
828 2398 896 2481 agit
923 2397 960 2460 in
985 2386 1061 2461 filiis
1089 2392 1345 2473 contumacibus3
1398 2401 1442 2463 tis
1464 2400 1600 2462 exitium
1628 2397 1768 2475 creavit,
1798 2404 1835 2460 ut
1852 2396 1925 2460 *irae
1947 2418 2024 2461 suae
2046 2418 2170 2480 organa
2190 2400 2313 2476 forent,
2342 2409 2376 2466 et
2436 2404 2448 2417 ‘

371 2483 458 2546 inter
484 2502 565 2564 quos
591 2489 624 2545 et
651 2503 711 2547 nos
740 2504 853 2548 omnes
879 2481 1092 2548 versabamur
1114 2477 1288 2562 ailquando
1310 2479 1347 2540 in
1398 2484 1584 2551 severitatis
1606 2482 1772 2564 exempla,
1802 2503 1871 2559 eos,
1900 2484 1996 2546 utin
2017 2484 2118 2548 finem
2139 2506 2237 2548 suum
2258 2506 2374 2567 perve-

371 2568 641 2650 concupiscentiis
670 2568 778 2633 carnis
800 2576 943 2646 nostrae,
972 2568 1128 2634 facientes
1149 2585 1232 2647 quae
1254 2564 1346 2629 carni
1397 2571 1501 2647 niant,
1524 2589 1612 2633 nunc
1630 2565 1782 2633 audiendi
1799 2568 1891 2633 verbi
1909 2568 1961 2633 aui
1977 2568 2133 2634 facrrltate
2148 2570 2266 2651 privat,
2287 2593 2375 2637 nunc

372 2661 405 2715 et
426 2653 528 2717 menti
551 2651 710 2732 libebant,
733 2661 767 2717 ct
787 2675 918 2719 eramus
939 2661 1057 2718 natura
1075 2653 1135 2716 filii
1156 2653 1238 2727 irae,
1262 2650 1347 2714 sicut
1398 2656 1469 2719 eius
1497 2653 1737 2736 praedicatione
1762 2654 1871 2736 magis
1899 2662 2052 2719 excaecat
2084 2662 2117 2720 et
2149 2655 2373 2738 obstupefacit.

372 2744 406 2802 et
427 2739 555 2803 caeteri.
586 2738 671 2803 Item
694 2739 794 2822 (Eph.
815 2740 926 2824 2‚12):
949 2745 1147 2804 mementote
1169 2734 1255 2819 quod
1276 2736 1346 2798 sine
1397 2740 1522 2804 Prioris
1539 2738 1679 2812 membri
1696 2759 1798 2820 quum
1815 2739 1990 2804 innumera
2007 2741 2074 2805 sint
2090 2741 2249 2824 exempla,
2272 2764 2375 2807 unum

371 2843 429 2904 spe
455 2823 629 2905 aliquando
656 2825 784 2890 fueritis
810 2836 843 2889 et
863 2824 936 2890 Deo
964 2826 1134 2890 carueritis
1156 2823 1191 2886 in
1213 2819 1344 2885 mundo.
1398 2834 1519 2903 tamen,
1542 2823 1627 2907 quod
1645 2830 1695 2887 est
1712 2845 1790 2905 prae
1808 2823 1881 2888 aliis
1899 2824 2026 2890 illustre
2044 2848 2081 2891 ac
2100 2826 2250 2904 notabile,
2274 2828 2376 2911 eliga-

371 2908 457 2973 Item
485 2907 584 2992 (Eph.
610 2913 638 2987 5,
662 2910 710 2991 8):
741 2912 840 2975 eratis
869 2909 1041 2993 aliquando
1068 2908 1235 2986 tenebrae,
1258 2926 1347 2971 nunc
1397 2932 1482 2976 mus.
1521 2908 1673 2991 Quatuor
1693 2909 1822 2974 circiter
1843 2930 2006 2975 annorum
2026 2911 2130 2975 millia
2151 2920 2227 2976 ante
2249 2911 2375 2978 Christi

372 3001 483 3059 autem
504 2994 561 3058 lux
583 2996 618 3059 in
640 2996 796 3075 Domin03
825 3004 863 3060 ut
889 2997 949 3060 filii
977 2997 1059 3061 lucis
1081 2993 1253 3060 ambulate.
1299 2993 1347 3056 At
1399 2996 1577 3063 adventum
1606 2996 1820 3073 effluxerunt,
1849 2995 1966 3076 quibus
1996 2995 2181 3061 salutiferae
2209 2996 2376 3064 doctrinae

372 3101 411 3145 ea
432 3081 516 3145 forte
537 3081 650 3145 referri
672 3082 784 3146 volent
803 3081 844 3146 ad
862 3082 1081 3165 ignorantiam
1097 3080 1169 3146 veri
1186 3079 1260 3155 Dei,
1283 3097 1347 3158 qua
1397 3082 1505 3147 lucem
1526 3082 1652 3148 cunctis
1674 3081 1826 3165 gentibus
1848 3081 2031 3146 occultavit.
2077 3079 2115 3146 Si
2138 3081 2211 3164 quis
2240 3104 2374 3166 respon·

373 3165 507 3241 θῙθθῒθΒ,
543 3175 718 3249 antequam
745 3175 916 3247 vocentur,
951 3167 1088 3232 detineri
1118 3186 1186 3229 non
1213 3173 1345 3246 negant
1398 3168 1488 3246 dest,
1515 3169 1600 3232 tanti
1625 3166 1773 3232 beneficii
1795 3175 1958 3251 compotes
1979 3165 2052 3231 ideo
2073 3188 2140 3230 non
2160 3168 2275 3232 fecisse
2298 3169 2376 3249 quia

373 3249 573 3332 Quanquam
595 3252 657 3317 hoc
678 3261 764 3319 esset
783 3253 991 3336 impudenter
1011 3250 1219 3328 calumniari,
1246 3269 1349 3330 quum
1398 3254 1552 3339 indignos
1583 3252 1749 3331 iudicarit,
1782 3252 1885 3317 nihilo
1918 3258 2016 3316 crunt
2046 3250 2211 3334 digmores
2243 3253 2373 3334 posteri

373 3357 416 3401 ex
436 3336 502 3400 illis
523 3337 657 3416 inferat,
678 3358 748 3403 non
768 3340 834 3403 iam
857 3340 997 3422 amplius
1019 3360 1090 3405 esse
1111 3337 1165 3403 vel
1185 3335 1346 3400 mentien-
1402 3338 1502 3405 Calas
1523 3339 1569 3404 rei
1585 3344 1713 3420 practer
1733 3339 1957 3420 experientiam
1978 3338 2065 3402 testa
2086 3337 2221 3418 locuples
2240 3343 2285 3402 cst
2304 3336 2377 3402 Mc-

372 3420 467 3497 dum,
490 3421 543 3486 vel
565 3422 756 3489 iurandum:
786 3424 866 3508 quid
887 3433 999 3490 tamen
1021 3422 1063 3489 ad
1085 3423 1166 3487 alios
1187 3421 1274 3485 locos
1295 3440 1346 3483 re-
1399 3425 1528 3505 lacbius,
1550 3426 1605 3506 qai
1626 3424 1873 3490 moredalitatam
1887 3423 2006 3489 massis
2025 3421 2227 3504 blasphemia
2242 3425 2377 3507 permis-

372 3506 600 3589 spondebunt?
645 3506 762 3589 Qualis
783 3511 839 3576 ille
860 3518 910 3576 est
931 3510 972 3574 ad
994 3509 1184 3576 Corinthios
1213 3507 1246 3590 (1
1271 3504 1345 3569 Cor.
1400 3516 1466 3578 tam
1487 3531 1670 3593 comm,
1697 3515 1859 3575 emmam
1885 3514 1986 3573 tamen
2012 3509 2233 3588 retemptorem
2260 3509 2377 3574 denua

373 3595 401 3668 6,
421 3596 449 3655 9.
473 3593 536 3676 11),
559 3594 614 3657 ubi
635 3615 737 3677 quum
759 3596 992 3675 denuntiasset,
1015 3617 1121 3678 neque
1143 3599 1346 3669 scortatores,
1399 3598 1460 3661 aar
1488 3597 1532 3677 (4,
1560 3596 1601 3679 l).
1646 3595 1716 3660 Cur
1743 3616 1820 3679 ergo
1842 3592 1894 3660 his'
1916 3594 2024 3676 potius
2046 3615 2145 3676 quam
2166 3593 2233 3658 illis
2255 3591 2374 3659 datur?

372 3698 478 3759 neque
507 3678 709 3757 idololatras,
743 3702 849 3764 neque
876 3681 1055 3760 adulteros,
1090 3703 1194 3764 neque
1223 3677 1346 3755 molles,
1399 3682 1542 3748 Frustra
1560 3703 1596 3747 se
1613 3688 1769 3763 torqueat.
1783 3681 1838 3763 qui
1860 3679 1914 3745 hic
1935 3699 2069 3745 oausam
2090 3681 2236 3761 requirat
2257 3701 2375 3747 arcano

373 3784 479 3846 neque
500 3763 731 3845 paedioatores,
754 3783 857 3850 neque
878 3769 976 3845 fures,
999 3788 1103 3850 neque
1121 3786 1236 3833 avaros
1254 3764 1348 3846 regni
1400 3777 1435 3832 et
1451 3767 1655 3833 inscrutabili
1673 3766 1739 3831 Dei
1755 3765 1888 3831 consilio
1906 3765 2064 3830 altiorem.
2097 3765 2167 3830 Nec
2189 3774 2239 3830 est
2256 3767 2375 3831 timen-

372 3850 437 3912 Dei
458 3849 526 3913 fore
548 3850 718 3929 haeredes,
748 3854 901 3918 continuo
922 3855 1107 3936 subiungit,
1136 3852 1209 3917 illos
1231 3848 1348 3915 iisdem
1400 3853 1480 3919 dum
1501 3874 1543 3917 ne
1565 3853 1637 3936 quis
1653 3851 1830 3935 Porphyrii
1852 3850 2029 3933 discipulus
2043 3851 2107 3916 Dei
2130 3850 2290 3916 iustitiam
2312 3851 2375 3915 im·

372 3934 504 4016 flagitiis
525 3935 638 4014 frrisse,
663 3945 739 4002 ante
760 3937 929 4004 Christum
951 3939 1134 4023 cognitum,
1161 3936 1345 4019 implicitos,
1399 3961 1486 4022 pune
1519 3937 1664 4016 arrodat,
1697 3937 1790 4001 nobis
1823 3956 1883 4020 pro
1915 3958 1955 4001 ea
1981 3936 2065 4000 nihil
2091 3935 2373 4021 respondentibus.

372 4039 460 4083 nunc
481 4041 558 4084 vero
581 4029 614 4085 et
635 4025 793 4106 sanguine
816 4024 884 4088 eius
907 4024 1035 4089 ablutos
1062 4033 1096 4089 et
1121 4024 1240 4107 spiritu
1266 4020 1346 4086 libe-
1399 4023 1512 4104 Quum
1544 4024 1633 4104 enim
1665 4023 1841 4088 asserimus
1873 4022 1980 4087 nullos
2013 4023 2119 4104 perire
2154 4022 2374 4102 immerentes,

372 4112 470 4170 ratos.
514 4105 600 4171 Item
621 4107 705 4173 alter
726 4108 767 4173 ad
788 4108 956 4174 Romanos
978 4112 1022 4194 (6,
1045 4111 1113 4194 19):
1136 4106 1346 4192 quemadmo-
1399 4111 1562 4193 gratuitae
1584 4129 1655 4173 esse
1676 4107 1909 4173 beneficentiae
1925 4106 1991 4171 Dei
2012 4105 2099 4189 quod
2120 4108 2273 4171 nonnulli
2294 4108 2373 4173 libe-

372 4189 450 4254 dum
478 4192 673 4273 praebuistis
699 4193 846 4259 membra
873 4203 984 4259 vestra
1004 4194 1346 4259 servaimmunditiae
1398 4204 1528 4273 rantur,
1558 4193 1688 4259 abunde
1716 4214 1775 4276 pro
1795 4192 1991 4261 illustranda
2018 4193 2088 4257 eius
2115 4192 2221 4272 gloria
2248 4190 2373 4256 dictum

372 4286 405 4340 ct
432 4278 597 4359 iniquitati
626 4278 668 4343 ad
692 4282 910 4362 iniquitatem,
939 4302 1033 4345 nunc
1060 4278 1198 4345 addicite
1224 4280 1282 4343 illa
1310 4280 1346 4344 in
1398 4291 1462 4358 est,
1489 4288 1526 4344 nt
1553 4287 1667 4345 nostra
1693 4279 1960 4362 tergiversatione
1990 4297 2193 4360 nequequam
2214 4276 2371 4359 indigeat

373 4364 565 4427 servitutem
591 4364 744 4430 iustitiae.
789 4364 896 4445 Quem
924 4367 1013 4430 enim
1040 4366 1183 4431 fructum
1210 4387 1252 4430 ex
1282 4366 1347 4431 illis
1397 4365 1696 4434 Praedestinationi
1715 4365 1818 4448 igitur
1838 4385 1917 4428 suae
1938 4364 2028 4429 viam
2048 4363 2125 4426 facit
2146 4381 2293 4425 summus
2315 4361 2371 4426 ille
2431 4436 2440 4445 ι
2488 4389 2494 4398 ·

374 4447 547 4527 habuistis,
581 4451 617 4513 in
650 4451 766 4532 quibus
798 4471 886 4516 nunc
918 4453 1035 4515 merito
1066 4451 1279 4517 erubescitis?
1314 4460 1348 4516 ot
1398 4453 1535 4530 arbiter,
1557 4451 1614 4517 ubi
1635 4472 1715 4533 quos
1737 4450 1837 4515 semel
1857 4449 2058 4531 reprobavit,
2081 4446 2163 4510 lucis
2186 4466 2263 4510 suae
2285 4466 2372 4510 com·

373 4541 508 4598 ssffllflffl·
1397 4538 1618 4604 municatione
1650 4536 1780 4602 orbatos
1809 4535 1930 4602 decent
1956 4536 1991 4599 in
2018 4532 2181 4599 caecitate.
2226 4529 2374 4596 Alterius

462 4623 507 4682 ll.
544 4620 649 4700 Quale
668 4629 756 4701 tunc,
779 4624 903 4704 amabo,
925 4623 1093 4689 electionis
1115 4644 1227 4689 semen
1248 4624 1285 4686 in
1306 4624 1346 4688 iis
1397 4624 1537 4690 membri
1568 4645 1644 4688 cum
1675 4628 1808 4689 exstant
1839 4619 2028 4704 quotidiana
2060 4616 2268 4693 documenta,
2303 4624 2373 4680 tum

373 4703 592 4783 germinabat,
621 4709 677 4789 qui
704 4716 773 4774 tota
799 4711 868 4774 vita
888 4709 1102 4774 multifariam
1123 4710 1344 4788 contaminati,
1397 4701 1504 4775 multa
1523 4709 1559 4773 in
1581 4710 1752 4791 scripturis
1779 4709 2002 4800 continentur.
2041 4701 2140 4782 Apud
2164 4710 2297 4798 centum
2319 4723 2373 4766 ea-

373 4786 467 4868 quasi
500 4787 670 4871 desperata
701 4796 860 4878 nequitia,
892 4796 1126 4862 volutabantur
1158 4796 1193 4860 in
1222 4795 1345 4878 flagitio
1398 4796 1473 4861 dem
1493 4798 1561 4861 fere
1582 4785 1723 4861 habetirr
1744 4793 1866 4869 concio,
1888 4790 2006 4872 vigint
2026 4794 2178 4868 prompta
2198 4785 2275 4851 fidel
2297 4788 2372 4852 obc-

373 4872 521 4936 omnium
542 4876 683 4942 maxime
700 4881 841 4945 nefando
858 4889 891 4946 et
908 4880 1119 4948 exsecrabili?
1155 4880 1346 4948 Secundum
1398 4881 1521 4946 dientia
1541 4881 1737 4964 suscipiunt;
1760 4877 1815 4942 alii
1836 4875 1888 4940 vel
1911 4871 2146 4970 nulliuspensi
2164 4872 2295 4971 habent,
2319 4873 2371 4939 vel

373 4977 428 5021 eos
451 4959 477 5021 si
499 4958 587 5040 loqui
609 4960 777 5041 voluisset,
806 4965 963 5031 debuerat
989 4969 1161 5034 ostendere
1183 4975 1345 5051 quantum
1396 4967 1518 5046 rident,
1551 4966 1606 5032 vel
1637 4963 1831 5048 explodunt,
1864 4959 1917 5025 vel
1948 4958 2187 5022 abomrnantur.
2233 4956 2270 5022 Si
2299 4960 2372 5042 quis

372 5043 437 5108 Dei
454 5043 685 5110 beneficentiae
707 5046 869 5127 deberent,
891 5073 1067 5135 perquam
1091 5054 1273 5119 conservati
1294 5075 1344 5118 es-
1396 5052 1600 5137 respondeat,
1624 5049 1847 5116 diversitatem
1865 5067 1908 5110 ex
1925 5064 2039 5108 eorum
2055 5044 2229 5125 provenire
2246 5044 2372 5109 malitia

373 5137 446 5194 sent
474 5151 515 5194 ne
543 5131 576 5193 in
605 5137 714 5195 tantas
739 5131 910 5199 foeditates
931 5137 1186 5217 prolaberentur.
1232 5137 1289 5205 Sic
1311 5147 1344 5202 et
1396 5148 1430 5204 et
1457 5138 1679 5222 perversitate,
1708 5131 1855 5198 nondum
1877 5130 2078 5196 wtisfaotum
2099 5130 2211 5194 fuerit:
2240 5129 2316 5212 quia
2339 5136 2371 5193 et

372 5217 493 5281 Petrus
520 5215 684 5282 debuisset
712 5237 787 5281 suos
814 5217 938 5283 hortari
961 5221 1002 5283 ad
1024 5223 1274 5304 gratitudinem,
1302 5224 1342 5290 ob
1394 5225 1527 5289 illorum
1552 5227 1586 5287 in
1611 5222 1720 5285 eninm
1749 5217 1864 5282 cadem
1890 5215 2017 5281 malitia
2043 5225 2272 5297 occuparetur,
2306 5215 2370 5278 nisi

373 5322 484 5366 semen
507 5302 670 5368 electionis
691 5309 887 5385 perpetuum
908 5303 940 5387 (1
962 5304 1050 5370 Petr.
1074 5313 1104 5387 4,
1128 5307 1173 5390 3).
1218 5308 1344 5374 Contra
1394 5309 1488 5374 Dens
1510 5331 1570 5373 sua
1588 5243 1734 5370 bonitate
1757 5305 1942 5389 corrigeret.
1976 5301 2108 5381 Ideoque
2124 5320 2243 5381 semper
2264 5299 2370 5379 impli-

373 5395 483 5452 autcm
504 5386 666 5468 admonet,
689 5388 855 5454 sull'ecisse
875 5391 1089 5471 praeteritum
1110 5401 1241 5473 tempus
1263 5415 1342 5476 gen·
1395 5396 1547 5472 cabimar,
1581 5391 1647 5456 nisi
1674 5395 1836 5456 caunac
1861 5388 1942 5454 illud
1971 5386 2071 5452 Pauli
2104 5387 2135 5470 (l
2162 5385 2235 5450 Cor.
2260 5388 2294 5460 4,
2319 5385 2371 5465 7).-

373 5472 455 5537 tium
476 5472 666 5539 hbrdimbus
687 5474 960 5540 consummandis.
994 5472 1083 5555 Quid
1100 5477 1129 5543 s'i
1147 5477 1280 5540 venitur
1301 5477 1342 5542 ad
1395 5482 1469 5560 quie
1490 5486 1518 5544 te
1539 5478 1710 5543 discam?
1750 5477 1816 5557 an
1836 5473 1993 5560 etpra'ficct
2013 5492 2076 5537 noa
2090 5471 2227 5550 propria
2248 5472 2368 5548 virtute,

374 5558 543 5641 exempla?
588 5557 695 5640 Quale
720 5561 862 5625 iustitiae
884 5581 1019 5643 germen
1040 5562 1075 5626 in
1097 5559 1217 5628 Rahab
1239 5582 1343 5626 mere-
1394 5565 1449 5629 scd
1470 5565 1538 5628 sola
1560 5563 1624 5626 Dei
1643 5563 1750 5644 gratio
1771 5561 1852 5627 alios
1872 5561 1949 5625 aliis
1964 5555 2158 5639 praecellere.

373 5643 454 5709 trice
476 5651 551 5709 ante
572 5644 692 5710 fidem?
722 5647 757 5711 in
777 5646 944 5727 Menasse,
965 5667 1069 5728 quum
1089 5645 1272 5714 lentsalem
1292 5647 1343 5713 in·
1485 5654 1531 5712 13.
1566 5647 1635 5714 Cur
1653 5667 1731 5731 ergo
1748 5648 1889 5732 gratim
1905 5644 1973 5710 illis
1990 5639 2170 5725 largiendo,
2192 5638 2252 5704 hos
2274 5658 2369 5722 prae-

476 5741 589 5802 creat
605 5764 699 5817 aaa.
734 5747 850 5804 vain
2136 5740 2170 5792 46
