5600 6809
413 741 475 804 951
1035 796 1038 803 ,
1069 730 1336 799 ΙΝΒΤΙἝΠΤΙΟ
1357 731 1463 797 ΒΕΙι.
1485 729 1665 798 offlusr.
1687 734 1779 797 1559.
2370 730 2441 793 952

417 924 562 1003 modum,
585 944 685 1006 quum
704 927 947 988 sacramentnm
969 922 1013 987 ait
1039 920 1170 998 militis,
1194 941 1258 1003 quo
1282 943 1317 986 se
1339 942 1399 986 suo
1450 941 1569 985 verum
1601 925 1651 984 est
1678 919 1764 1001 quod
1792 920 1832 984 ab
1859 920 2047 1002 Augustino
2061 918 2086 1002 ¹)
2114 938 2240 1001 quoque
2267 916 2437 997 scribitur,

417 1010 609 1093 imperatori
635 1018 748 1087 vovet,
771 1009 922 1074 fecerunt
942 1007 1164 1088 imperatoris,
1193 1028 1256 1089 quo
1278 1006 1399 1071 milites
1451 1006 1650 1070 invisibilem
1678 1005 1969 1071 sanctificationem
1997 1006 2068 1069 sine
2094 1004 2217 1069 visibili
2245 1004 2340 1088 signo
2360 1026 2439 1069 esse

418 1099 455 1161 in
476 1095 606 1160 ordines
628 1095 773 1177 recipiat.
817 1093 981 1158 Dominus
1004 1093 1091 1157 enim
1113 1113 1173 1174 per
1194 1100 1401 1157 sacramenta
1451 1112 1561 1173 posse,
1591 1099 1625 1155 et
1653 1091 1781 1156 visibile
1809 1112 1941 1155 rursum
1963 1090 2095 1174 signum
2117 1091 2188 1155 sine
2211 1111 2290 1154 vera
2311 1092 2440 1156 sancti-

420 1202 454 1248 se
481 1179 575 1246 nobis
602 1181 637 1244 in
666 1180 777 1245 Deum
801 1180 870 1255 iore
887 1179 1073 1262 pollicetur,
1104 1187 1138 1241 et
1164 1198 1224 1243 nos
1246 1178 1309 1243 sibi
1331 1178 1399 1242 fore
1451 1177 1611 1243 ficatione.
1642 1176 1792 1241 Induunt
1809 1178 1898 1241 enim
1916 1175 1969 1260 (ut
1984 1177 2056 1258 ipse
2073 1196 2200 1257 quoqne
2219 1175 2331 1259 alibi²)
2350 1177 2439 1241 scri-

419 1269 456 1332 in
498 1266 664 1348 populum.
723 1266 851 1330 Verum
895 1263 976 1329 tales
1017 1263 1163 1346 argutias
1201 1265 1397 1329 omittimus:
1452 1264 1516 1346 bit)
1546 1263 1696 1327 homines
1726 1262 1897 1327 Christum
1925 1261 2099 1344 aliquando
2128 1283 2231 1343 66666
2260 1260 2301 1325 61
2322 1283 2439 1327 sacra-

441 1351 550 1417 66616
583 1353 663 1416 66116
689 1352 796 1434 planis
825 1349 1028 1434 argumentis
1057 1348 1211 1432 probasse
1239 1349 1321 1413 mihi
1349 1350 1399 1413 vi·
1452 1349 1556 1412 menti
1576 1349 1829 1431 perceptionem,
1852 1346 1894 1412 ali
1917 1347 2025 1411 nando
2048 1368 2149 1429 usque
2171 1346 2213 1410 ad
2234 1347 2320 1412 vitae
2336 1369 2439 1412 sanc-

420 1374 515 1515 1666,
544 1437 629 1501 nihil
656 1435 746 1501 alind
779 1444 957 1519 spectasse,
991 1456 1090 1517 quam
1118 1444 1155 1498 61
1176 1436 1401 1518 significarent
1452 1435 1673 1499 tificationem.
1711 1369 2438 1517 616661116166166661166166166116

421 1524 517 1607 signa
540 1523 621 1589 haec
650 1531 836 1588 sanctarum
869 1528 903 1585 et
931 1521 1153 1602 spiritualium
1179 1542 1291 1585 rerum
1319 1541 1398 1585 esse.
1453 1519 2075 1602 6’616616666666116666;1166661661
2092 1519 2241 1597 alterum,
2263 1521 2438 1601 proprium

422 1607 666 1675 Similitudines
699 1628 779 1690 quas
816 1607 961 1671 afferunt
986 1608 1024 1672 de
1051 1607 1185 1671 66161616
1211 1607 1399 1689 insignibus,
1454 1615 1505 1670 est
1525 1607 1684 1670 bonorum
1703 1625 1740 1671 ac
1762 1606 1901 1688 piorum.

422 1695 597 1776 recipimus
621 1694 753 1774 quiden,
784 1691 842 1756 sed
869 1714 935 1755 non
958 1693 1108 1770 ferimus,
1131 1692 1216 1774 qnod
1239 1693 1400 1774 posterius
1542 1697 1590 1756 15.
1635 1691 1812 1769 Hincilla,
1836 1691 1948 1755 616116
1970 1690 2189 1775 intelligatur,
2211 1691 2298 1754 inter
2322 1711 2439 1756 saera-

423 1788 474 1846 est
490 1782 525 1844 in
544 1780 763 1852 moramentis,
783 1779 824 1842 ab
840 1778 907 1842 illis
923 1779 1068 1860 primum
1083 1787 1179 1860 atque
1198 1778 1278 1842 adeo
1296 1799 1400 1842 unum
1453 1784 1602 1841 mentum
1637 1785 1670 1841 et
1701 1797 1773 1841 rem
1805 1777 2002 1843 sacramenti
2030 1777 2070 1841 ab
2100 1775 2215 1840 ecdem
2243 1776 2438 1859 Augustino

422 1865 583 1932 constitui.
627 1865 691 1928 Est
712 1871 824 1928 autem
847 1863 907 1928 hoc
929 1864 1083 1946 primum,
1111 1871 1149 1927 61
1170 1862 1245 1928 fidei
1269 1871 1400 1928 nostrae
1453 1864 1582 1946 saepius
1621 1870 1733 1927 notata
1764 1862 1940 1927 distinctio.
1996 1862 2112 1945 Neque
2145 1863 2233 1926 enim
2266 1863 2439 1945 significat

421 1949 509 2032 apud
540 1950 649 2013 Deum
683 1949 843 2027 serviant;
876 1949 1058 2031 posterius,
1096 1958 1134 2012 ut
1166 1949 1400 2016 confessionem
1453 1949 1629 2028 duntaxat,
1660 1950 1800 2032 figuram
1828 1957 1862 2012 et
1887 1949 2060 2013 veritatem
2082 1948 2148 2012 illic
2170 1947 2346 2026 eontineri;
2376 1947 2439 2012 sed

422 2043 568 2100 nostram
591 2034 677 2116 apud
704 2035 855 2098 homines
882 2042 1052 2099 testentur.
1098 2033 1292 2100 Secundum
1314 2036 1400 2099 hanc
1453 2055 1519 2098 non
1547 2037 1592 2098 116
1619 2034 1792 2100 cohaerere
1819 2035 1899 2116 quin
1920 2034 2066 2115 separari
2086 2041 2222 2116 queant,
2246 2053 2283 2096 ae
2305 2034 2339 2096 in
2361 2035 2439 2116 ipsa

422 2121 635 2204 posteriorem
679 2121 839 2185 rationem
880 2120 992 2184 valent
1034 2120 1109 2186 illae
1160 2120 1399 2185 similitudines.
1454 2121 1554 2185 etiam
1576 2121 1802 2186 coniunctione
1830 2127 1978 2202 oportere
2005 2141 2135 2202 semper
2157 2119 2297 2183 discerni
2319 2140 2391 2183 rem
2415 2139 2439 2182 a

424 2204 555 2272 Maneat
575 2207 694 2270 interea
705 2206 913 2286 prinsillnd:
934 2207 1011 2287 qnia
1029 2206 1149 2287 alioqui
1168 2207 1318 2288 friperent
1337 2226 1402 2287 enp-
1454 2208 1561 2289 signe,
1599 2228 1641 2270 66
1676 2206 1718 2270 61
1749 2207 1889 2270 61166661
1918 2205 2152 2269 transferamus
2179 2204 2267 2286 quod
2296 2205 2438 2270 alterius

421 2292 518 2357 steria
538 2292 588 2375 (nt
603 2291 794 2375 6166111661),
816 2292 882 2355 nisi
900 2292 976 2372 fidei
997 2297 1120 2356 6661666
1142 2292 1335 2357 adminicula
1357 2312 1403 2355 es·
1454 2299 1513 2356 est.
1549 2293 1602 2356 De
1623 2292 1827 2374 separatione
1850 2292 1993 2373 loquitur
2014 2312 2115 2373 quum
2137 2291 2259 2368 scribit,
2270 2288 2299 2373 8)
2321 2292 2357 2354 in
2381 2312 2437 2354 so-

421 2383 487 2443 sent
503 2378 721 2458 doctrinaeque
738 2378 923 2459 appendices
940 2378 975 2441 in
999 2379 1129 2441 eundem
1146 2397 1238 2441 66616
1260 2383 1288 2442 61
1307 2377 1403 2458 fineen
1453 2376 1494 2442 lis
1517 2377 1627 2442 electis
1649 2378 1777 2442 efficere
1798 2385 2003 2442 sacramenta
2031 2375 2118 2458 quod
2145 2378 2300 2459 figurant.
2344 2377 2437 2441 Item

422 2463 600 2529 destinatae.
1454 2463 1511 2528 ubi
1538 2463 1578 2527 de
1605 2462 1736 2528 Iudaeis
1764 2464 1810 2528 616
1836 2462 2002 2546 scribit:⁴)
2029 2475 2235 2527 sacramenta
2256 2483 2360 2544 quum
2382 2484 2437 2526 es-

511 2553 560 2612 14.
604 2548 751 2612 Rursum
783 2547 979 2612 admonendi
1014 2570 1145 2628 sumus,
1180 2558 1218 2613 ut
1249 2549 1305 2614 isti
1333 2550 1401 2614 vim
1454 2558 1527 2613 sent
1548 2548 1699 2613 omnibus
1721 2550 1917 2627 communia,
1935 2568 2002 2613 666
2020 2556 2091 2612 erat
2106 2548 2288 2613 communis
2309 2549 2436 2630 gratia;

320 2639 328 2660 ⁸
423 2639 701 2699 sacramentorum
720 2642 888 2712 enervant,
907 2655 1068 2716 usumque
1086 2656 1220 2717 prorsus
1238 2643 1399 2711 evertunt,
1453 2656 1536 2717 quae
1564 2635 1669 2699 virtus
1696 2645 1747 2700 est
1773 2642 2066 2699 sacramentorum:
2101 2635 2147 2699 sio
2174 2638 2436 2698 6166666616-

422 2719 470 2784 ita
491 2719 532 2783 ab
555 2718 693 2783 adversa
714 2724 808 2800 parte
835 2727 922 2784 stare
950 2720 1029 2785 61166
1055 2721 1112 2802 661
1133 2741 1269 2786 arcanas
1292 2721 1400 2785 nescio
1453 2742 1553 2785 mune
1571 2727 1621 2785 est
1638 2720 1789 2785 omnibus
1807 2721 1976 2785 lavacrum
1986 2719 2257 2803 regenerationis;
2280 2718 2338 2783 sed
2361 2720 2437 2802 ipsa

423 2825 505 2887 quas
532 2805 670 2868 virtutes
696 2806 908 2870 sacramentis
937 2807 1102 2889 affingunt
1128 2826 1211 2888 quae
1239 2826 1400 2889 nusquam
1454 2807 1645 2890 gratiaque
1665 2807 1814 2871 membra
1837 2805 1961 2870 Christi
1983 2827 2057 2870 cum
2085 2825 2144 2870 suo
2166 2806 2271 2888 capite
2293 2827 2436 2889 regene-

409 2889 489 2954 'illis
512 2887 625 2954 aDeo
646 2890 763 2953 1661166
784 2890 948 2973 leguntur.
990 2890 1065 2973 Quo
1088 2911 1199 2957 errore
1220 2892 1400 2974 periculose
1452 2900 1580 2971 rantur,
1604 2911 1673 2955 non
1694 2892 1846 2957 omnibus
1869 2899 1919 2956 est
1936 2892 2127 2955 communis.
2163 2891 2293 2961 Rursus
2315 2890 2433 2973 6111111)

423 2975 584 3041 falluntur
605 2975 819 3057 simpliciores
840 2983 874 3039 et
894 2978 1047 3059 imperiti,
1074 2977 1153 3042 dum
1175 2987 1208 3042 et
1229 2978 1294 3042 Dei
1316 2977 1402 3041 dona
1454 2976 1493 3041 de
1521 2997 1623 3043 coena
1644 2976 1795 3041 Domini:
1824 2998 1884 3041 nos
1906 2998 2034 3061 quoque
2055 2977 2219 3041 visibilem
2241 2978 2346 3041 eibum
2367 2977 2432 3040 ho-

423 3082 578 3144 quaerere
605 3060 762 3126 docentur
789 3062 845 3126 ubi
871 3064 1008 3144 reperiri
1034 3064 1169 3128 minime
1197 3069 1347 3145 possunt,
1368 3070 1402 3128 et
1454 3063 1506 3127 116
1538 3064 1728 3146 accipimus3
1761 3063 1819 3128 sed
1851 3062 1942 3127 aliud
1969 3071 2019 3127 est
2045 3071 2304 3139 sacramentum,
2338 3061 2432 3125 aliud

424 3168 444 3211 a
470 3145 542 3210 Deo
577 3147 698 3211 sensim
727 3146 978 3226 abstrahuntur,
1015 3159 1053 3213 ut
1080 3171 1139 3231 pro
1166 3151 1235 3214 6166
1262 3149 1400 3213 veritate
1453 3149 1560 3215 virtus
1594 3150 1804 3214 sacramenti:
1842 3148 1920 3232 quid
1947 3156 1997 3213 661
2025 3147 2112 3230 6661
2139 3149 2236 3213 166111
2265 3148 2305 3212 16
2333 3146 2434 3211 611661

422 3253 548 3297 1666661
577 3232 806 3315 amplexentur
833 3234 1022 3298 vanitatem.
1067 3236 1191 3319 Magno
1214 3236 1401 3310 66161666-
1454 3235 1620 3317 accipiunt
1630 3243 1663 3299 et
1672 3237 1859 3299 moriuntur
1872 3242 1905 3299 et
1921 3234 2108 3317 accipiendo
2125 3233 2333 3298 moriuntur?
2352 3255 2435 3297 nam

424 3338 524 3384 sensu
558 3318 754 3400 sophisticae
780 3319 910 3384 scholae
940 3320 1162 3399 tradiderunt,
1196 3329 1402 3386 sacramenta
1454 3329 1488 3385 et
1509 3321 1655 3387 buccella
1677 3320 1839 3386 dominica
1856 3342 2021 3385 venenum
2042 3321 2105 3384 fuit
2125 3319 2242 3399 Iudae;
2263 3341 2331 3412 non
2353 3319 2436 3402 qnia

423 3425 528 3469 novae
556 3403 653 3487 legis,
681 3404 744 3470 hoc
766 3413 831 3482 est,
855 3426 938 3488 quae
964 3428 1053 3472 nuno
1074 3408 1109 3471 in
1131 3429 1194 3471 usu
1217 3414 1294 3472 6661
1315 3406 1402 3471 chri-
1452 3407 1580 3472 malum
1598 3407 1730 3489 accepit,
1754 3407 1811 3471 sed
1833 3407 1911 3488 quia
1928 3408 2051 3472 bonum
2068 3406 2155 3471 male
2174 3407 2281 3469 malus
2299 3406 2435 3488 accepit

425 3490 551 3554 6116666
583 3490 758 3568 eeclesiae,
797 3491 974 3558 iustificare
1007 3501 1040 3557 61
1072 3494 1218 3558 conferre
1251 3493 1400 3576 gratiam,
1454 3492 1860 3575 Paulopost1huinsrei
1883 3504 2139 3571 sacramentum,
2167 3491 2200 3555 id
2223 3499 2272 3556 est
2294 3492 2435 3556 unitatis

422 3575 520 3640 modo
541 3596 608 3639 non
628 3596 789 3657 ponamus
810 3575 935 3641 obicem
956 3579 1081 3661 peceati
1104 3578 1262 3644 mortalis.
1307 3576 1403 3659 Quae
1455 3579 1600 3661 corporis
1627 3584 1661 3642 et
1687 3578 1859 3662 sanguinis
1881 3577 2023 3656 Christi,
2051 3578 2168 3644 alicubi
2187 3577 2349 3659 quotidie,
2374 3577 2435 3642 ali-

424 3661 587 3725 sententia
608 3661 671 3726 dici
693 3683 760 3727 non
778 3670 886 3744 potest
908 3684 1005 3746 qnam
1023 3666 1068 3729 611
1085 3665 1227 3731 exitialis
1248 3672 1282 3728 et
1303 3665 1403 3746 pesti-
1456 3666 1530 3731 cubi
1563 3664 1661 3730 certis
1696 3664 1824 3729 dierum
1855 3663 2036 3728 intervallis
2069 3665 2105 3727 in
2131 3682 2245 3727 mensa
2271 3661 2438 3728 dominica

424 3745 505 3822 lens,
529 3766 630 3828 66666
653 3748 758 3831 magis
781 3748 867 3829 quod
888 3749 1002 3816 multis
1023 3757 1101 3817 ante
1123 3750 1261 3816 saeculis
1282 3770 1404 3833 magna
1454 3758 1678 3833 praeparatur,
1702 3758 1735 3813 et
1757 3750 1797 3814 de
1819 3772 1859 3814 ea
1881 3751 2023 3814 sumitur
2039 3748 2233 3832 quibusdam
2256 3747 2298 3812 ad
2319 3749 2435 3827 vitam,

312 3862 318 3870 ·
425 3830 579 3896 ecclcsiae
598 3832 723 3897 iactura
740 3834 776 3897 in
793 3835 879 3901 bona
896 3836 983 3901 orbis
1000 3845 1094 3919 parte
1112 3837 1260 3902 obtinuit.
1297 3835 1403 3901 Plane
1455 3834 1650 3919 quibusdam
1672 3835 1714 3899 ad
1736 3836 1888 3915 exitium;
1918 3857 1971 3900 666
1993 3857 2071 3901 vero
2093 3836 2177 3916 ipsa,
2206 3834 2298 3900 cuius
2320 3843 2354 3898 et
2382 3856 2436 3900 sa·

423 3923 512 3982 certe
534 3915 693 3982 diabolica
714 3925 772 3983 661.
812 3921 899 3986 Nam
922 3921 1000 3986 dum
1022 3924 1181 3988 iustitiam
1203 3923 1286 3986 eitra
1303 3921 1403 3986 fidem
1455 3929 1661 3988 aramentum
1688 3931 1752 4000 661,
1786 3920 1937 3986 omnibus
1970 3920 2152 4000 advitam,
2182 3920 2267 3984 nulli
2291 3919 2334 3984 ad
2362 3921 2434 3984 exi·

423 4001 604 4085 pollicetur,
623 4003 749 4069 animas
766 4006 801 4069 in
819 4007 958 4072 exitium
974 4010 1168 4092 praecipites
1184 4009 1265 4090 agit;
1285 4007 1403 4072 deinde
1456 4009 1548 4087 tium,
1572 4008 1757 4091 quicunque
1779 4007 1850 4072 eius
1871 4007 2034 4090 particeps
2056 4006 2163 4070 fuerit.
2199 4007 2246 4070 Et
2267 4005 2435 4089 aliquanto

425 4088 504 4170 quia
532 4087 675 4152 iustitiae
703 4111 834 4155 causam
857 4112 877 4155 6
898 4096 1111 4160 sacramentis
1134 4095 1237 4172 16611,
1265 4095 1403 4158 16166666
1455 4101 1533 4159 6616
1556 4093 1697 4157 dixerat:
1721 4115 1788 4158 non
1806 4093 1978 4171 morietur,
2007 4093 2063 4175 qui
2084 4091 2346 4169 manducaverit,
2376 4091 2436 4156 sed

425 4173 596 4237 hominnm
617 4182 754 4254 mentes,
776 4178 812 4241 in
833 4184 956 4243 terram
977 4187 1094 4262 suapte
1114 4186 1230 4263 sponte
1252 4180 1326 4262 plns
1350 4201 1403 4244 sa·
1456 4180 1513 4262 qui
1529 4180 1671 4261 pertinet
1688 4177 1730 4243 ad
1748 4180 1906 4244 virtutem
1923 4179 2131 4256 sacramenti,
2150 4198 2218 4241 non
2241 4177 2282 4240 ad
2306 4177 2435 4242 visibile

424 4258 467 4324 tis
489 4259 676 4338 inclinatas,
705 4261 767 4326 hac
790 4265 1023 4345 superstitione
1044 4266 1165 4350 illigat,
1195 4266 1289 4329 utin
1311 4285 1403 4349 spec·
1455 4272 1713 4344 sacramentum
1742 4265 1798 4347 qui
1824 4264 2003 4330 manducat
2028 4264 2132 4341 intus,
2160 4284 2227 4327 non
2252 4263 2342 4340 foris:
2375 4264 2434 4343 qui

424 4345 533 4410 166616
559 4347 608 4410 661
635 4367 807 4429 corporeae
836 4350 945 4431 potius
973 4371 1073 4434 quam
1100 4352 1136 4415 in
1158 4352 1230 4416 Deo
1256 4353 1404 4433 166666-
1455 4348 1752 4430 61661666166616,
1775 4372 1842 4415 non
1863 4351 1918 4432 661
1935 4351 2056 4432 premit
2077 4347 2184 4413 dente.
2223 4349 2288 4413 Hic
2309 4347 2434 4429 ubique

424 4431 600 4512 quiescant
653 4430 746 4512 Quae
780 4433 844 4498 duo
878 4435 1007 4499 utinam
1034 4435 1114 4501 adeo
1141 4445 1308 4519 comperta
1335 4456 1403 4500 non
1455 4435 1559 4515 audis,
1588 4444 1829 4503 sacramentum
1856 4438 1903 4501 sic
1932 4457 2033 4500 6666
2054 4435 2193 4499 veritate
2215 4433 2359 4517 separari
2379 4434 2434 4497 in-

424 4515 635 4581 haberemus:
660 4524 790 4582 tantum
812 4520 904 4586 abest
925 4529 964 4585 61
984 4521 1082 4605 longa
1104 4523 1296 4606 probatione
1317 4521 1403 4586 indi-
1455 4521 1615 4606 dignitate
1636 4522 1805 4601 sumentis,
1824 4529 1862 4587 ut
1882 4521 1967 4585 nihil
1988 4529 2120 4585 maneat
2147 4529 2277 4604 praeter
2297 4520 2435 4583 inanem
2498 4529 2502 4537 '

425 4609 533 4686 geant.
589 4600 680 4682 Quid
719 4625 797 4669 vcro
830 4614 881 4671 est
913 4615 1156 4673 sacramentum
1189 4609 1272 4674 citra
1303 4607 1404 4672 fidem
1455 4616 1489 4673 et
1505 4607 1657 4684 inutilem
1672 4610 1823 4691 figuram.
1857 4608 1906 4673 Ut
1928 4615 2038 4672 autem
2053 4627 2119 4670 non
2143 4607 2275 4690 signum
2292 4606 2434 4670 veritate

424 4695 601 4770 sumptum,
625 4688 690 4752 nisi
707 4691 927 4757 certissimum
944 4693 1098 4759 ecclesiae
1120 4694 1280 4759 exitium?
1316 4694 1405 4757 Nam
1454 4715 1610 4774 vacuum,
1635 4693 1693 4758 661
1715 4714 1786 4757 rem
1809 4713 1884 4757 cum
1906 4694 2000 4776 signo
2024 4691 2160 4770 habeas,
2188 4690 2326 4757 verbum
2343 4691 2435 4773 quod

423 4794 526 4855 quum
552 4773 638 4837 nihil
659 4774 736 4839 inde
757 4785 851 4841 extra
876 4780 1122 4860 promissionem
1145 4780 1189 4844 611
1209 4788 1403 4863 exspectan·
1454 4780 1521 4845 illic
1553 4779 1720 4844 inclusum
1747 4785 1813 4857 est,
1848 4777 1913 4842 fide
1940 4776 2166 4861 apprehendas
2190 4785 2324 4861 oportet.
2375 4775 2435 4855 Sic

424 4857 517 4936 dnm,
548 4860 721 4941 promissio
749 4870 859 4925 autem
885 4886 952 4929 non
977 4867 1088 4931 minus
1113 4867 1198 4930 iram
1226 4865 1403 4931 incredulis
1455 4872 1615 4947 quantum
1648 4866 1683 4928 in
1711 4863 1837 4929 Christi
1871 4863 2163 4928 communicatione
2193 4864 2342 4946 proficies
2374 4883 2436 4945 per

423 4943 571 5025 minetur
591 4965 691 5026 quam
713 4945 865 5013 fidelibus
886 4952 1027 5034 gratiam
1049 4952 1178 5016 offerat:
1201 4951 1328 5015 fallitur
1344 4951 1401 5034 qui
1454 4956 1668 5027 sacramenta,
1691 4956 1821 5013 tantum
1843 4970 1885 5014 ex
1905 4948 1972 5012 illis
1994 4950 2102 5031 capies
2124 4949 2284 5014 utilitatis.

424 5026 500 5110 plus
539 5029 663 5111 aliquid
698 5052 758 5114 per
796 5045 999 5101 sacramenta
1032 5036 1094 5101 sibi
1126 5036 1266 5103 conferri
1294 5043 1399 5117 putat,
1543 5040 1590 5098 16.
1635 5034 1677 5098 Id
1710 5034 1738 5099 si
1772 5043 1823 5099 661
1857 5035 2027 5101 obscurius
2058 5047 2193 5117 propter
2225 5034 2433 5113 brevitatem,

423 5134 523 5196 quam
551 5114 636 5197 quod
663 5117 762 5182 verbo
783 5119 849 5185 Dei
875 5120 1019 5186 oblatum
1046 5144 1125 5187 vora
1147 5121 1212 5185 fide
1232 5122 1398 5204 percipiat.
1452 5118 1600 5204 pluribus
1622 5121 1732 5186 verbis
1750 5141 1922 5204 exponam.
1960 5119 2134 5187 Christum
2151 5127 2434 5185 sacramentorum

423 5199 478 5264 Ex
506 5221 569 5282 quo
591 5200 731 5267 alterurn
759 5205 861 5269 etiam
881 5207 1068 5287 conficitur,
1098 5229 1167 5273 non
1193 5206 1336 5290 pendere
1358 5229 1400 5271 ex
1453 5206 1600 5271 omnium
1621 5207 1809 5286 materiam,
1829 5208 1896 5287 vel,
1920 5208 1949 5273 61
1969 5209 2089 5285 mavis,
2119 5206 2338 5272 substantiam
2360 5226 2433 5271 esse

424 5288 621 5351 sacramenti
639 5289 887 5371 participatione
908 5292 1024 5358 salutis
1040 5294 1203 5372 fiduciam,
1226 5313 1263 5358 ao
1284 5293 1400 5358 61166-
2204 5304 2210 5308 '

424 5370 558 5470 11166116
585 5374 649 5437 sita
670 5374 857 5473 illinusoret:
881 5397 980 5458 quam
1006 5380 1044 5443 in
1064 5401 1129 5444 uno
1148 5379 1283 5445 Christo
1306 5400 1400 5462 repo·

425 5461 539 5536 ⁸¹ss²¹¹¹r
574 5458 817 5558 nihilominus
843 5463 1005 5563 ⁰V⁸¹¹8⁰lfi
1031 5464 1273 5566 praedicatione
1299 5486 1399 5565 quam
1521 5514 1550 5584 1)
1567 5517 1642 5570 urar.
1657 5513 1728 5568 aa
1758 5519 1990 5569 66116661.
2009 5512 2160 5585 (noan).
2206 5511 2428 5594 61111666

425 5552 622 5606 sacramenta
642 5543 881 5628 obsrgnatrone‚
899 5548 993 5614 nobrs
1013 5571 1248 5617 commnmcan
1269 5572 1398 5631 6611666,
1452 5585 1535 5638 M
1732 5533 1830 5637 donat.
1856 5600 1915 5706 ,Ἥ
1938 5582 1981 5636 24
2068 5581 2098 5650 3)
2116 5584 2156 5637 D,
2178 5584 2220 5636 B,
2239 5587 2310 5635 mm·
2329 5599 2432 5650 parvu-

425 5644 464 5689 ac
485 5627 556 5690 sine
578 5628 640 5694 hac
660 5650 755 5711 posse
776 5632 813 5695 in
835 5632 975 5698 solidum
996 5643 1154 5702 constare.
1188 5637 1301 5721 Usque
1319 5638 1400 5703 adeo
1451 5601 1587 5708 lorlmlm'
1612 5590 1761 5720 l‘lnllraPs.
1780 5651 1821 5706 78.
1909 5653 1974 5720 )1n
1991 5653 2085 5706 Ioum
2103 5653 2195 5706 homil.
2247 5650 2315 5718 ,11.
2334 5649 2376 5725 15,
