5600 6809
409 704 470 767 381
756 705 846 770 LIB.
870 706 915 770 H.
959 707 1023 770 Da
1046 703 1334 772 COGNI'PIONE
1356 708 1441 774 DEI
1462 707 1808 778 REDEMPTORIS.
1853 710 1952 777 CAP.
1976 711 2069 777 XVI.
2357 717 2419 780 382

409 900 469 959 θεῖ
514 892 594 957 Ideo
615 893 713 971 enim,
735 894 841 976 inquit
862 894 1029 977 apostolus
1046 895 1156 979 (Bam.
1177 897 1206 973 6,
1226 894 1276 979 5),
1298 895 1389 960 simi-
1440 898 1548 979 potius
1569 898 1656 980 quod
1676 897 1840 982 pollicitus
1861 905 1925 977 est,
1948 920 1983 964 sc
2004 900 2151 966 futurum
2172 902 2343 968 nobiscum
2365 925 2419 968 us·

408 976 542 1044 litudini
572 981 686 1044 mortis
708 979 778 1044 eius
799 980 891 1045 insiti
913 1001 1039 1059 sumus,
1069 987 1107 1045 ut
1132 982 1309 1064 participes
1336 1002 1389 1047 re·
1440 983 1568 1066 quoad
1589 985 1902 1049 consummationem
1925 985 2061 1064 saeculi,
2083 986 2119 1051 id
2140 987 2283 1068 suabao
2306 1009 2419 1055 ascen·

408 1064 621 1130 surrectionis
654 1065 690 1128 in
717 1066 805 1131 vitae
831 1068 976 1133 novitate
1004 1065 1217 1131 ambulemus.
1274 1067 1389 1150 Itaque
1441 1069 1532 1136 sione
1552 1070 1731 1154 praestitit;
1760 1092 1826 1153 qua
1852 1077 1890 1134 ut
1917 1090 2035 1154 corpus
2057 1076 2163 1154 supra'
2179 1094 2292 1139 omncs
2314 1074 2420 1140 coelos

408 1149 488 1216 alibi
500 1148 584 1234 (Col.
598 1153 627 1228 3,
641 1149 690 1234 5),
713 1158 752 1215 ut
773 1171 811 1214 ar
857 1159 1006 1216 mentum
1026 1174 1068 1217 ex
1090 1173 1128 1218 eo
1149 1152 1235 1235 quod
1253 1151 1387 1219 Christo
1441 1156 1607 1220 elevatum
1638 1164 1701 1235 θεῖ,
1735 1157 1782 1221 ita
1814 1156 1921 1223 virtus
1950 1165 1984 1220 et
2013 1157 2156 1223 efficacia
2186 1159 2274 1224 ultra
2305 1180 2419 1226 omnes

407 1257 523 1302 sumus
546 1238 741 1302 commortui
763 1237 803 1302 de
826 1238 908 1309 uoit.
937 1238 1165 1304 mortificanda
1191 1260 1263 1304 esse
1284 1260 1387 1317 mem7
1441 1242 1580 1307 coeliae
1603 1248 1709 1307 terrae
1731 1243 1814 1307 fines
1836 1241 1955 1307 diffusa
1976 1253 2218 1327 propagarique
2240 1253 2299 1309 θεῖ
2345 1246 2418 1312 Hoc

407 1321 468 1387 bra
488 1334 602 1386 nostra
624 1343 724 1406 super
740 1329 879 1402 terram;
902 1323 949 1388 ita
971 1325 1079 1400 etiam,
1103 1325 1179 1407 quia
1201 1346 1276 1390 cum
1290 1323 1387 1390 Obri·
1441 1328 1621 1412 Augustini
1630 1327 1654 1413 ¹)
1665 1326 1773 1393 verbis
1784 1327 1871 1393 malo
1882 1349 1982 1411 quam
1999 1329 2264 1412 meisexplicaro.
2295 1330 2417 1409 Iturus,

407 1413 458 1475 sto
478 1409 690 1488 surreximus,
713 1430 754 1473 ex
774 1430 812 1473 eo
825 1410 934 1489 infert,
958 1430 1185 1492 quaesursum
1204 1411 1387 1477 suntnobis
1440 1414 1560 1497 inquit,
1610 1434 1646 1478 er
1673 1420 1814 1478 mortem
1834 1422 1906 1478 erat
1928 1411 2082 1480 Christus
2105 1414 2147 1481 ad
2170 1415 2338 1481 dexteram
2360 1438 2418 1500 pa·

407 1513 478 1560 asse
500 1494 695 1575 quaerenda,
720 1516 786 1558 non
808 1515 892 1577 quae
915 1503 1158 1580 superterram
1180 1497 1271 1579 (ibid.
1292 1500 1320 1576 3,
1343 1496 1386 1581 1).
1440 1501 1509 1578 tris,
1534 1434 1792 1565 unieventurus
1812 1509 1862 1564 est
1884 1497 1927 1564 ad
1943 1501 2036 1565 vivos
2058 1507 2091 1563 et
2108 1511 2254 1566 mortuos
2270 1501 2418 1568 iudicau-

408 1576 538 1661 Quibus
570 1580 679 1646 verbis
712 1601 779 1644 non
811 1581 993 1645 invitamur
1026 1582 1202 1660 duntaxat,
1238 1582 1386 1665 exemplo
1440 1584 1514 1664 dos;
1548 1585 1733 1668 praesentia
1760 1584 1874 1649 itidem
1896 1586 2072 1667 corporali,
2099 1587 2279 1653 secundum
2304 1609 2418 1654 sanam

407 1664 557 1731 suscitati
572 1664 707 1743 Christi,
731 1665 772 1730 ad
794 1665 984 1732 sectandam
1006 1668 1093 1733 vitae
1115 1668 1293 1734 novitatem
1299 1692 1308 1748 ;
1329 1667 1387 1733 sed
1440 1671 1621 1738 doctrinam
1648 1669 1787 1753 fideique
1814 1670 1975 1754 regulam3
2003 1693 2082 1737 nam
2110 1674 2296 1755 praesentia
2322 1675 2418 1755 spiri-

406 1750 478 1817 aius
498 1751 572 1815 fieri
593 1752 716 1816 virtute
739 1750 893 1817 docemur
920 1758 958 1816 ut
981 1774 1214 1836 regeneremur
1235 1754 1271 1817 in
1291 1755 1386 1819 iusti·
1439 1757 1520 1822 tuali
1542 1778 1617 1822 oum
1631 1758 1686 1822 eis
1708 1763 1779 1821 erat
1792 1762 1952 1823 venturus
1973 1765 2047 1840 pest
2068 1759 2292 1824 ascensionem
2314 1780 2416 1825 suam.

405 1835 494 1901 tiam.
540 1837 688 1902 Tertium
711 1858 837 1920 quoque
858 1859 900 1902 ex
922 1859 961 1903 ea
981 1840 1126 1904 fructum
1147 1840 1385 1922 consequimur,
1437 1844 1484 1908 Et
1510 1841 1586 1907 alibi
1594 1841 1623 1926 ²)
1651 1842 1756 1907 fusius
1782 1863 1820 1907 ac
1849 1842 1983 1908 clarius:
2017 1844 2194 1909 secundum
2219 1843 2417 1909 ineffabilem

404 1920 491 2005 quod
512 1921 615 1988 veluti
635 1930 768 2006 accepta
789 1923 889 1989 arrha
910 1926 1016 1989 securi
1037 1924 1205 1990 reddimur
1223 1925 1387 1991 denostra
1438 1937 1472 1994 et
1493 1928 1691 1993 invisibilem
1715 1928 1856 2011 gratiam
1878 1927 2034 2011 impletur
2060 1929 2146 2012 quod
2170 1930 2211 1995 ab
2233 1951 2271 1994 eo
2293 1929 2416 1996 dietum

403 2007 549 2090 ipsorum
571 2010 824 2085 resurrectione,
848 2011 939 2075 cuius
960 2010 1051 2074 illam
1074 2033 1144 2076 csse
1167 2011 1386 2077 certissimam
1437 2021 1488 2080 est
1515 2013 1650 2098 (Matth.
1673 2016 1730 2091 28,
1752 2012 1823 2097 20);
1858 2033 1932 2078 ecce
1960 2015 2127 2080 vobiscum
2159 2037 2232 2081 sum
2264 2016 2417 2080 omnibus

404 2092 598 2179 hypostasin
631 2103 775 2174 constat,
815 2115 879 2176 que
913 2097 952 2161 de
983 2117 1018 2160 re
1048 2097 1214 2177 prolixius
1245 2098 1387 2177 depae
1438 2099 1552 2165 diebus
1579 2120 1682 2181 usque
1710 2098 1752 2164 ad
1780 2100 2093 2165 consummationem
2114 2100 2244 2167 sacculi.
2291 2099 2417 2167 Secun-

406 2183 436 2245 1„
458 2177 527 2245 Cor.
552 2183 604 2244 15.
648 2178 764 2245 Obiter
797 2188 907 2247 autem
940 2181 1165 2247 annotandum
1197 2191 1263 2261 est,
1298 2182 1384 2264 quod
1438 2186 1515 2251 dum
1543 2206 1676 2252 caruem
1698 2205 1775 2249 vero
1802 2205 1902 2267 quam
1916 2185 2061 2263 ¹verbum
2083 2188 2273 2269 assumpsit,
2300 2208 2416 2252 secun·

404 2261 524 2331 dieitur
551 2286 593 2330 ex
619 2267 758 2332 mortuis
787 2268 1019 2333 resurrexisse:
1049 2288 1114 2350 qua
1135 2289 1214 2334 voce
1241 2275 1276 2332 et
1296 2289 1383 2332 mor·
1437 2271 1518 2338 dum
1544 2270 1579 2336 id
1606 2269 1693 2353 quod
1721 2269 1762 2335 de
1792 2271 1917 2355 virgine
1945 2278 2044 2336 natus
2071 2280 2135 2351 est,
2169 2271 2349 2338 secundum
2382 2269 2416 2335 id

404 2349 446 2415 tis
475 2358 508 2415 et
529 2353 777 2418 resurrectionis
802 2353 925 2419 veritas
949 2353 1158 2436 exprimitur;
1186 2355 1273 2419 acsi
1296 2353 1383 2419 dice-
1436 2357 1523 2441 quod
1545 2378 1564 2421 a
1585 2354 1717 2421 Iudaeis
1738 2356 1991 2439 comprehensus
2013 2364 2078 2438 est,
2107 2357 2194 2441 quod
2220 2358 2310 2442 ligno
2338 2378 2415 2423 con·
2522 2364 2524 2369 '

403 2442 509 2516 retur,
539 2443 573 2502 et
598 2437 751 2517 eandem,
778 2460 843 2521 qua
871 2440 991 2504 caeteri
1015 2439 1164 2505 homines
1186 2439 1383 2505 naturaliter
1435 2445 1539 2521 fixus,
1567 2441 1654 2525 quod
1682 2441 1722 2506 de
1748 2463 1844 2508 cruce
1865 2441 2046 2526 depositus,
2076 2441 2162 2526 quod
2190 2444 2300 2509 linteis
2322 2445 2415 2509 invo-

403 2520 636 2606 (lefuuguntur,
653 2533 793 2588 mortem
804 2526 930 2604 obiisse,
951 2532 984 2589 et
994 2526 1029 2589 in
1041 2522 1164 2604 eadem,
1181 2546 1281 2608 quam
1295 2546 1383 2590 mor·
1435 2528 1540 2608 lutus,
1564 2526 1650 2611 quod
1672 2529 1708 2591 in
1730 2527 1878 2610 sepulcro
1900 2527 2063 2608 conditus,
2086 2528 2173 2612 quod
2194 2531 2229 2594 in
2252 2551 2415 2595 resurrec-

403 2607 502 2673 talem
525 2618 721 2691 susceperat,
744 2631 842 2676 carne
864 2611 1143 2695 immortalitatem
1164 2612 1333 2694 recepisse.
1436 2615 1526 2679 tione
1547 2613 1787 2692 manifestatus,
1811 2634 1877 2678 non
1899 2634 2028 2697 semper
2049 2614 2211 2682 babebitis
2233 2637 2285 2681 me
2307 2616 2415 2681 vobis·

493 2699 540 2759 14.
585 2695 818 2760 Resurrectioai
844 2717 906 2759 aen
932 2696 988 2762 abs
1016 2718 1051 2762 rc
1072 2699 1245 2762 eremitar
1266 2698 1302 2761 ia
1322 2717 1383 2763 coe-
1435 2723 1519 2767 cum.
1564 2697 1698 2780 Quare?
1743 2697 1907 2779 Quoniam
1930 2708 2139 2766 conversatus
2162 2707 2212 2766 est
2234 2700 2414 2768 secundum

404 2778 471 2844 lam
489 2800 646 2846 asseras
687 2781 761 2845 Etsi
781 2783 865 2847 enim
886 2781 1025 2866 gloriam
1046 2784 1266 2865 virtutemque
1288 2804 1381 2848 suam
1435 2785 1579 2869 corporis
1611 2785 1832 2867 praesentiam
1859 2785 2077 2869 quadraginta
2104 2786 2218 2853 diebus
2245 2809 2320 2853 eum
2348 2784 2414 2851 dis·

402 2862 559 2931 Christus
580 2865 781 2950 resurgendo
802 2868 933 2949 plenius
954 2868 1120 2933 illustrare
1141 2869 1260 2950 coepit,
1284 2869 1381 2952 depo-
1434 2871 1551 2954 cipulis
1573 2872 1656 2949 suis,
1685 2877 1718 2934 et
1746 2868 1794 2934 eis
1822 2867 2057 2937 deducentibus
2084 2871 2241 2949 videndo,
2270 2893 2337 2936 non
2363 2893 2414 2938 se-

402 2949 466 3017 eita
485 2951 553 3015 iam
574 2952 699 3018 scilicet
720 2953 838 3018 abaco
859 2958 886 3017 et
906 2953 1036 3035 ipra-obiti
1053 2954 1224 3018 maditiorre
1239 2955 1383 3019 morteto
1434 2957 1572 3041 quondo,
1595 2954 1741 3022 ascendit
1761 2954 1797 3019 in
1818 2955 1955 3033 coelum,
1983 2965 2017 3021 ot
2038 2978 2105 3021 non
2127 2965 2178 3022 ost
2199 2957 2253 3023 hie
2275 2958 2363 3040 (Act.
2386 2961 2413 3037 1,

401 3036 483 3101 ritae
504 3042 538 3101 θῖ
559 3038 664 3103 erucis
682 3039 871 3122 ignominia,
894 3059 955 3104 sua
973 3048 1084 3103 tamen
1106 3037 1237 3104 demum
1255 3041 1291 3104 in
1308 3061 1381 3105 coe·
1435 3047 1464 3109 3.
1489 3043 1538 3128 9):
1574 3043 1620 3108 ibi
1647 3043 1735 3107 enim
1763 3040 1855 3105 sedet
1881 3041 1922 3105 ad
1951 3040 2119 3107 dexteram
2147 3044 2265 3125 patris;
2298 3052 2332 3107 et
2359 3044 2414 3110 hio

400 3121 472 3187 lum
499 3124 688 3188 ascensione
715 3145 856 3207 regnum
883 3145 980 3190 suum
1001 3145 1079 3191 vere
1106 3125 1292 3208 auspicatus
1320 3133 1378 3190 est.
1433 3137 1496 3194 est:
1525 3150 1593 3193 non
1619 3124 1708 3193 enini
1729 3127 1864 3192 recessit
1884 3129 2069 3209 praesentia
2090 3130 2279 3193 maiestatis.
2323 3129 2414 3212 Ergo

400 3205 1006 3383 fflutttttttlttduffi
1027 3209 1121 3381 ‘lii‘
1142 3210 1380 3362 tetta
1433 3213 1620 3367 611111.
1638 3212 1857 3365 atatim
1869 3213 2076 3364 stitit
2088 3215 2414 3365 tffiiffirl'ilffllliff

398 3315 1070 3533 rcpapaemgrtisiegudmsgrretutpulebiargmisse
1087 3318 1379 3534 θθεῖῖεῑίηέειενκζῖιῖα
1430 3395 1507 3537 gin?J
1526 3393 1576 3536 θεῖ
1597 3351 1779 3534 discipfflis:
1801 3321 1987 3533 mappulam
2009 3406 2075 3449 non
2089 3351 2222 3535 ⁴{emper
2241 3384 2411 3535 habclziitis.

397 3485 570 3617 &gemiti
591 3487 706 3617 θαῗηθῖθθδ
720 3468 1122 3619 (16161θέ10ρὲῗωῖῖῖιεῖδὲ
1142 3490 1380 3636 quonloripeiuiri
1431 3495 1542 3624 mamug
1551 3492 1806 3642 prillbliildieblu's13
1823 3490 2105 3634 incideriliadesetgffelt,
2112 3492 2412 3623 bblrliffliliidarlll

397 3639 491 3702 terris
512 3643 655 3703 θθνεαῖεε
676 3644 727 3703 θεῖ.
768 3639 881 3722 Itaque
904 3640 1039 3705 lomnes
1062 3640 1106 3724 (7,
1126 3640 1192 3726 37),
1213 3640 1268 3705 abi
1282 3662 1379 3722 prae-
1519 3649 1568 3708 15.
1602 3643 1715 3725 Quare
1736 3663 1813 3706 mox
1836 3641 2015 3723 subiicitur,
2038 3640 2222 3708 consedisse
2245 3642 2287 3708 ad
2309 3644 2411 3725 patris

397 3724 517 3789 cleram
538 3724 629 3788 iiiam
650 3725 862 3790 incautiorem
880 3727 998 3790 retalit:
1025 3727 1056 3790 si
1077 3728 1150 3807 qais
1170 3727 1253 3805 sitit,
1274 3728 1379 3792 reciet
1431 3729 1615 3796 dexteram:
1639 3725 1855 3795 similitudine
1873 3727 1997 3794 scilicet
2018 3750 2038 3793 a
2056 3728 2258 3811 principibus
2270 3736 2410 3811 sumpta,

397 3810 441 3875 ad
461 3830 523 3889 rire,
546 3814 597 3874 ete.
625 3810 751 3875 subiicit
779 3811 917 3876 medam
943 3813 1045 3894 faisse
1066 3817 1139 3878 tarro
1157 3812 1301 3893 fidelibus
1321 3814 1378 3879 da·
1451 3817 1486 3881 ui
1508 3836 1584 3882 suos
1605 3814 1730 3879 habent
1747 3834 1935 3891 assessores,
1957 3814 2076 3896 quibus
2093 3813 2230 3898 regendi
2246 3814 2411 3898 imperan-

396 3900 465 3960 tem
496 3895 659 3976 Mam,
691 3899 768 3976 qwie
799 3898 936 3962 eoadem
961 3898 1155 3980 plurificatur
1186 3904 1253 3964 erat
1276 3898 1376 3964 leus.
1430 3838 1526 3986 iique
1548 3902 1637 3967 vices
1659 3898 1866 3965 demandant
1911 3899 1965 3964 Ita
1986 3899 2154 3979 Christus,
2177 3900 2213 3964 in
2235 3921 2298 3982 quo
2320 3899 2411 3966 exal·

401 3981 491 4062 Quod
526 3983 621 4046 etiam
659 3986 786 4046 testatas
827 3988 871 4047 esi
908 3983 1077 4066 discipulis
1114 3985 1182 4065 ipse
1218 3985 1378 4050 Dominae
1430 3990 1509 4066 tari,
1542 3994 1576 4051 et
1600 4007 1660 4069 per
1687 3985 1779 4050 cuius
1805 4006 1941 4050 manum
1969 4006 2109 4069 regnare
2138 3985 2211 4051 vult
2237 3994 2340 4070 pater,
2376 3987 2411 4051 in

398 4065 528 4152 (Ioann.
552 4071 606 4145 16,
632 4066 682 4149 7)·
716 4069 839 4147 espedit
863 4069 949 4133 θθῖῖε
976 4075 1011 4132 at
1038 4071 1162 4150 meam,
1195 4071 1262 4135 risi
1294 4072 1377 4135 enim
1430 4075 1500 4139 eius
1517 4071 1686 4137 dexteram
1708 4076 1858 4152 receptus
1878 4069 2408 4156 dieitur(Mare.1o,1o;Hohr.
2450 4100 2456 4112 ¹

396 4152 514 4231 abiero,
542 4153 678 4233 miritus
706 4159 834 4219 sardas
860 4175 923 4219 noa
949 4155 1056 4219 ceeia.
1102 4154 1283 4236 Οθνρθναῖῖε
1305 4177 1377 4221 vero
1433 4164 1466 4239 1,
1486 4158 1541 4244 3),
1575 4179 1613 4224 ac
1642 4157 1670 4221 si
1699 4154 1862 4222 diceretur
1888 4156 1969 4223 coeli
1996 4178 2034 4224 ao
2056 4168 2164 4223 terrae
2186 4155 2329 4222 dominio
2358 4158 2409 4220 in·

396 4237 553 4305 esseae
569 4238 715 4303 solatiam
731 4242 891 4322 proponit,
913 4241 995 4320 qaod
1015 4261 1077 4305 roa
1094 4242 1209 4306 deseret
1224 4242 1376 4323 pupillos,
1430 4251 1610 4329 auguratus
1632 4243 1823 4308 commissae
1845 4241 1908 4308 sibi
1925 4241 2216 4309 administrationis
2233 4243 2409 4325 possessio·

396 4325 451 4391 καὶ
470 4325 586 4390 iterum
607 4325 651 4388 ad
671 4345 721 4390 eos
741 4328 847 4405 veniet,
876 4327 1033 4390 invisibili
1053 4326 1179 4408 quidem
1197 4327 1295 4406 rude,
1322 4329 1377 4393 sed
1429 4353 1506 4397 nem
1534 4327 1713 4395 solenniter
1740 4327 1867 4398 adiisse.
1911 4329 1982 4394 Nec
2003 4328 2105 4394 semol
2127 4328 2245 4393 adiisse
2268 4333 2407 4404 tantum,

396 4411 499 4493 crepis
525 4410 673 4490 spatia
705 4413 783 4493 quio
812 4418 884 4478 turre
910 4412 1036 4477 certiore
1062 4412 1255 4492 θθρθνῖθῖιῖῖα
1281 4414 1377 4478 odedi
1429 4416 1486 4482 sed
1515 4417 1550 4481 in
1576 4437 1615 4480 ea
1642 4420 1807 4498 perstare,
1841 4412 1945 4480 donec
1974 4412 2017 4479 ad
2043 4413 2198 4478 iudicium
2223 4409 2405 4476 descendat.

395 4501 477 4575 arat,
500 4497 671 4576 imperium
687 4518 747 4578 quo
762 4499 894 4577 potitur,
916 4503 945 4564 et
961 4517 1058 4578 qaam
1074 4503 1190 4563 coercet
1205 4499 1377 4579 potentiam
1429 4501 1486 4569 Sic
1516 4502 1605 4566 enim
1626 4499 1792 4583 apostolus
1812 4500 2050 4583 interpretatur
2075 4519 2176 4580 quum
2198 4498 2244 4559 ita
2265 4496 2408 4578 loquitur

396 4601 457 4647 noc
488 4583 577 4647 redo
610 4583 654 4647 ed
681 4583 765 4649 ῖθαῖθ
795 4585 974 4663 vivendum,
1006 4585 1062 4650 sed
1091 4583 1226 4665 feliciter
1258 4605 1376 4667 qaeqroe
1429 4588 1530 4672 (aph.
1553 4593 1586 4665 l,
1606 4590 1647 4651 20
1654 4610 1662 4666 ;
1685 4588 1724 4651 ef.
1743 4584 1831 4651 Phil.
1856 4589 1890 4664 2,
1911 4584 1960 4670 9);
1994 4583 2165 4651 constituit
2192 4580 2286 4680 illum
2313 4589 2407 4664 pater

394 4668 592 4733 mandam
606 4668 752 4746 fidelitas
769 4671 919 4754 sufficere.
945 4669 1076 4736 Elaeae
1087 4668 1236 4736 videmus
1253 4677 1375 4753 quante
1428 4675 1470 4740 ad
1502 4672 1673 4739 dexteram
1705 4692 1799 4737 suam
1832 4691 1932 4753 supra
1963 4690 2093 4735 omnem
2121 4668 2341 4751 principatum
2373 4675 2407 4733 et

394 4753 554 4819 maiorem
586 4753 720 4834 spiritus
752 4758 803 4821 sui
836 4757 1071 4823 abundantiam
1110 4765 1182 4821 tum
1214 4755 1374 4836 eltirderit,
1428 4767 1621 4845 potestatem
1649 4766 1683 4822 et
1710 4758 1867 4824 virtutem
1895 4764 1929 4821 et
1951 4753 2222 4831 dominationem,
2256 4759 2289 4816 et
2309 4773 2406 4819 omne

394 4844 519 4923 quanio
552 4839 814 4919 magnificentius
850 4864 990 4928 regnum
1028 4865 1125 4910 suum
1164 4844 1373 4925 promoverit,
1427 4867 1547 4912 nomen
1578 4844 1665 4928 quod
1691 4844 1881 4909 nominatur
1908 4838 2099 4905 nouaclum
2126 4838 2161 4902 in
2184 4838 2245 4904 hoc
2266 4838 2404 4918 saecule,

395 4929 519 5008 quanto
541 4923 698 4987 maiorem
719 4928 900 5008 potentiam
928 4938 999 4995 tum
1021 4931 1056 4995 in
1080 4927 1274 4995 adiuvandis
1297 4930 1373 5010 suis,
1427 4933 1486 4999 sed
1505 4932 1540 4997 in
1556 4932 1682 5010 futuro3
1703 4935 1737 4995 et
1754 4930 1786 5014 (l
1807 4927 1882 4992 Gor.
1905 4929 1952 5003 15,
1974 4923 2407 5024 27;Eph.4,·1t):0mnia

396 5017 469 5075 tum
501 5009 535 5072 n
568 5008 717 5074 iaetus
749 5012 935 5080 sereonas
967 5016 1130 5082 exsulent.
1175 5015 1218 5080 In
1249 5015 1375 5081 aarum
1427 5018 1566 5084 sabaea
1587 5014 1648 5081 sut
1666 5012 1804 5098 auhn
1825 5014 1911 5089 eius,
1940 5017 1974 5075 et
1994 5010 2102 5092 ipsum
2124 5008 2213 5075 dont
2233 5018 2332 5092 eaput
2353 5031 2405 5076 ω·

396 5116 475 5180 ergo
498 5094 645 5160 sublatus
670 5098 813 5178 corporis
834 5101 1124 5248 smugmssentiam
1152 5123 1170 5166 e
1198 5109 1375 5185 conspectu
1427 5105 1545 5171 clesiae
1567 5123 1666 5186 supra
1687 5099 1811 5176 omnia,
1834 5105 1894 5162 eto.
1939 5093 2043 5161 Vides
2065 5116 2220 5178 quorsum
2242 5096 2406 5180 pertineat

397 5189 510 5248 nostro
540 5179 687 5260 sustulit;
721 5202 787 5245 non
818 5192 856 5247 ut
924 5206 995 5251 esse
1022 5187 1173 5252 fidelibus
1201 5186 1373 5268 desineret,
1426 5190 1485 5256 illa
1506 5191 1616 5267 sessio,
1641 5205 1758 5266 nempe
1780 5190 1817 5246 ut
1839 5183 1909 5246 eius
1930 5181 2134 5247 maiestatem
2156 5190 2228 5247 tum
2250 5180 2404 5247 coelestes

397 5268 454 5351 qui
475 5267 583 5333 adhuc
604 5267 641 5330 in
658 5268 754 5333 terris
771 5269 1068 5351 peregrinarentur,
1090 5272 1148 5337 sed
1165 5280 1203 5336 ut
1218 5295 1374 5357 praesen·
1426 5284 1499 5342 tum
1518 5285 1668 5340 terrenae
1688 5276 1858 5337 creaturae
1869 5268 2054 5350 suspiciant,
2077 5289 2178 5334 manu
2198 5267 2268 5331 eius
2286 5285 2403 5347 regan-

398 5353 480 5418 tiore
511 5355 635 5419 virtute
668 5363 701 5418 et
729 5353 856 5419 coelum
882 5361 916 5418 et
942 5360 1066 5420 terram
1093 5366 1231 5439 regeret.
1282 5358 1373 5440 Quin
1427 5369 1496 5440 tur,
1524 5368 1641 5426 nutum
1662 5357 1866 5432 intueantur,
1894 5352 2011 5420 aaut
2033 5353 2196 5419 subiectae
2218 5352 2292 5416 siut
2336 5347 2403 5413 Ne-

466 5557 496 5624 1)
521 5555 567 5611 Sie
589 5559 648 5612 edd.
672 5561 848 5614 αεῖῖιθηῖῖθαι.
891 5558 969 5613 Rrec.
992 5560 1057 5613 tere
1080 5559 1237 5626 corripiam:
1264 5570 1293 5612 ut
1317 5564 1374 5614 eius
1429 5538 1474 5544 -

399 5626 530 5680 diocesem
548 5640 619 5703 esset
637 5631 731 5682 utilior
748 5645 781 5681 ea
797 5629 952 5696 praesentia
968 5633 1045 5682 caeti.
1497 5631 1526 5696 l)
1544 5630 1634 5681 Tract.
1654 5629 1680 5680 in
1699 5629 1802 5696 bivang.
1821 5628 1914 5682 Ioann.
1933 5626 1991 5681 109.
2061 5626 2091 5693 2)
2108 5625 2196 5678 Tract
2215 5621 2256 5677 50.
