<?xml version="1.0" encoding="UTF-8"?>
<!DOCTYPE html PUBLIC "-//W3C//DTD XHTML 1.0 Transitional//EN"
    "http://www.w3.org/TR/xhtml1/DTD/xhtml1-transitional.dtd">
<html xmlns="http://www.w3.org/1999/xhtml" xml:lang="en" lang="en">
 <head>
  <title>
</title>
<meta http-equiv="Content-Type" content="text/html;charset=utf-8" />
  <meta name='ocr-system' content='tesseract 3.04.00' />
  <meta name='ocr-capabilities' content='ocr_page ocr_carea ocr_par ocr_line ocrx_word'/>
</head>
<body>
  <div class='ocr_page' id='page_1' title='image "./ioanniscalvinio10calvgoog_0023.png"; bbox 0 0 5600 6809; ppageno 0'>
   <div class='ocr_carea' id='block_1_1' title="bbox 390 792 2397 864">
    <p class='ocr_par' dir='ltr' id='par_1_1' title="bbox 390 792 2397 864">
     <span class='ocr_line' id='line_1_1' title="bbox 390 792 2397 864; baseline 0.006 -12"><span class='ocrx_word' id='word_1_1' title='bbox 390 794 428 853; x_wconf 89' lang='lat'><strong>21</strong></span> <span class='ocrx_word' id='word_1_2' title='bbox 999 792 1267 857; x_wconf 73' lang='lat' dir='ltr'><strong>PRAEFATIO</strong></span> <span class='ocrx_word' id='word_1_3' title='bbox 1288 795 1353 859; x_wconf 94' lang='lat' dir='ltr'><strong>AD</strong></span> <span class='ocrx_word' id='word_1_4' title='bbox 1376 795 1544 860; x_wconf 85' lang='lat' dir='ltr'><strong>REGEM</strong></span> <span class='ocrx_word' id='word_1_5' title='bbox 1564 797 1783 862; x_wconf 80' lang='lat' dir='ltr'><strong>GALLIAE.</strong></span> <span class='ocrx_word' id='word_1_6' title='bbox 2292 858 2294 862; x_wconf 13' lang='grc' dir='ltr'><em>Α</em></span> <span class='ocrx_word' id='word_1_7' title='bbox 2354 805 2397 864; x_wconf 84' lang='grc'><strong>22</strong></span> 
     </span>
    </p>
   </div>
   <div class='ocr_carea' id='block_1_2' title="bbox 388 979 2395 1179">
    <p class='ocr_par' dir='ltr' id='par_1_2' title="bbox 388 979 2395 1179">
     <span class='ocr_line' id='line_1_2' title="bbox 388 979 2394 1074; baseline 0.003 -29"><span class='ocrx_word' id='word_1_8' title='bbox 388 979 522 1063; x_wconf 85' lang='lat' dir='ltr'><strong>pedire?</strong></span> <span class='ocrx_word' id='word_1_9' title='bbox 551 987 589 1043; x_wconf 92' lang='lat' dir='ltr'><strong>ut</strong></span> <span class='ocrx_word' id='word_1_10' title='bbox 610 980 638 1043; x_wconf 93' lang='lat' dir='ltr'><strong>si</strong></span> <span class='ocrx_word' id='word_1_11' title='bbox 659 999 748 1043; x_wconf 93' lang='lat' dir='ltr'><strong>nune</strong></span> <span class='ocrx_word' id='word_1_12' title='bbox 770 986 880 1062; x_wconf 90' lang='lat' dir='ltr'><strong>patres</strong></span> <span class='ocrx_word' id='word_1_13' title='bbox 902 982 1108 1060; x_wconf 74' lang='lat' dir='ltr'>suscitentur,</span> <span class='ocrx_word' id='word_1_14' title='bbox 1132 988 1165 1046; x_wconf 91' lang='lat' dir='ltr'><strong>et</strong></span> <span class='ocrx_word' id='word_1_15' title='bbox 1181 981 1369 1046; x_wconf 91' lang='lat' dir='ltr'><strong>huiusmodi</strong></span> <span class='ocrx_word' id='word_1_16' title='bbox 1420 984 1544 1048; x_wconf 91' lang='lat' dir='ltr'><strong>cituum</strong></span> <span class='ocrx_word' id='word_1_17' title='bbox 1583 986 1906 1063; x_wconf 87' lang='lat' dir='ltr'><strong>sanctificaverimus,</strong></span> <span class='ocrx_word' id='word_1_18' title='bbox 1951 1007 2018 1050; x_wconf 92' lang='lat' dir='ltr'><strong>non</strong></span> <span class='ocrx_word' id='word_1_19' title='bbox 2056 988 2158 1074; x_wconf 83' lang='lat' dir='ltr'><strong>valde</strong></span> <span class='ocrx_word' id='word_1_20' title='bbox 2191 990 2394 1053; x_wconf 89' lang='lat' dir='ltr'><strong>terrebimur.</strong></span> 
     </span>
     <span class='ocr_line' id='line_1_3' title="bbox 389 1090 2395 1179; baseline 0.004 -24"><span class='ocrx_word' id='word_1_21' title='bbox 389 1091 543 1175; x_wconf 85' lang='lat' dir='ltr'><strong>iurgandi</strong></span> <span class='ocrx_word' id='word_1_22' title='bbox 565 1099 669 1155; x_wconf 89' lang='lat' dir='ltr'><strong>artem</strong></span> <span class='ocrx_word' id='word_1_23' title='bbox 693 1090 828 1156; x_wconf 88' lang='lat' dir='ltr'><strong>audiant</strong></span> <span class='ocrx_word' id='word_1_24' title='bbox 855 1112 953 1173; x_wconf 93' lang='lat' dir='ltr'><strong>quam</strong></span> <span class='ocrx_word' id='word_1_25' title='bbox 982 1093 1216 1174; x_wconf 81' lang='lat' dir='ltr'><strong>speculativam</strong></span> <span class='ocrx_word' id='word_1_26' title='bbox 1240 1093 1366 1157; x_wconf 86' lang='lat' dir='ltr'><strong>theolo—</strong></span> <span class='ocrx_word' id='word_1_27' title='bbox 1420 1092 1499 1159; x_wconf 80' lang='lat' dir='ltr'><strong>Sive</strong></span> <span class='ocrx_word' id='word_1_28' title='bbox 1531 1097 1619 1159; x_wconf 88' lang='lat' dir='ltr'><strong>enim</strong></span> <span class='ocrx_word' id='word_1_29' title='bbox 1652 1098 1685 1159; x_wconf 90' lang='lat' dir='ltr'><strong>in</strong></span> <span class='ocrx_word' id='word_1_30' title='bbox 1718 1096 1861 1160; x_wconf 84' lang='lat' dir='ltr'>similem</span> <span class='ocrx_word' id='word_1_31' title='bbox 1899 1097 2101 1179; x_wconf 71' lang='lat' dir='ltr'><strong>impietatem</strong></span> <span class='ocrx_word' id='word_1_32' title='bbox 2131 1100 2234 1164; x_wconf 88' lang='lat' dir='ltr'><strong>multa</strong></span> <span class='ocrx_word' id='word_1_33' title='bbox 2265 1101 2395 1165; x_wconf 89' lang='lat' dir='ltr'><strong>saecula</strong></span> 
     </span>
    </p>
   </div>
   <div class='ocr_carea' id='block_1_3' title="bbox 270 1202 2394 1290">
    <p class='ocr_par' dir='ltr' id='par_1_3' title="bbox 270 1202 2394 1290">
     <span class='ocr_line' id='line_1_4' title="bbox 270 1202 2394 1290; baseline 0.005 -25"><span class='ocrx_word' id='word_1_34' title='bbox 270 1229 273 1232; x_wconf 47' lang='lat'><strong>⁴</strong></span> <span class='ocrx_word' id='word_1_35' title='bbox 389 1203 477 1286; x_wconf 86' lang='lat' dir='ltr'><strong>giam</strong></span> <span class='ocrx_word' id='word_1_36' title='bbox 506 1202 675 1285; x_wconf 87' lang='lat' dir='ltr'><strong>appellant</strong></span> <span class='ocrx_word' id='word_1_37' title='bbox 700 1203 769 1280; x_wconf 91' lang='lat' dir='ltr'><strong>isti,</strong></span> <span class='ocrx_word' id='word_1_38' title='bbox 798 1202 883 1266; x_wconf 91' lang='lat' dir='ltr'>nihil</span> <span class='ocrx_word' id='word_1_39' title='bbox 906 1204 1017 1268; x_wconf 91' lang='lat' dir='ltr'><strong>minus</strong></span> <span class='ocrx_word' id='word_1_40' title='bbox 1046 1203 1181 1268; x_wconf 89' lang='lat' dir='ltr'><strong>credant</strong></span> <span class='ocrx_word' id='word_1_41' title='bbox 1202 1224 1300 1286; x_wconf 89' lang='lat' dir='ltr'><strong>quam</strong></span> <span class='ocrx_word' id='word_1_42' title='bbox 1324 1204 1363 1268; x_wconf 90' lang='lat' dir='ltr'><strong>de</strong></span> <span class='ocrx_word' id='word_1_43' title='bbox 1418 1209 1662 1283; x_wconf 84' lang='lat' dir='ltr'><strong>consenserint,¹</strong></span> <span class='ocrx_word' id='word_1_44' title='bbox 1680 1208 1773 1271; x_wconf 86' lang='lat' dir='ltr'><strong>fortis</strong></span> <span class='ocrx_word' id='word_1_45' title='bbox 1802 1215 1852 1271; x_wconf 91' lang='lat' dir='ltr'><strong>est</strong></span> <span class='ocrx_word' id='word_1_46' title='bbox 1878 1209 1935 1290; x_wconf 93' lang='lat' dir='ltr'><strong>qui</strong></span> <span class='ocrx_word' id='word_1_47' title='bbox 1956 1208 2114 1273; x_wconf 90' lang='lat' dir='ltr'><strong>ultionem</strong></span> <span class='ocrx_word' id='word_1_48' title='bbox 2141 1213 2175 1274; x_wconf 94' lang='lat' dir='ltr'><strong>in</strong></span> <span class='ocrx_word' id='word_1_49' title='bbox 2204 1213 2333 1274; x_wconf 90' lang='lat' dir='ltr'><strong>tertiam</strong></span> <span class='ocrx_word' id='word_1_50' title='bbox 2361 1218 2394 1275; x_wconf 89' lang='lat' dir='ltr'><strong>et</strong></span> 
     </span>
    </p>
   </div>
   <div class='ocr_carea' id='block_1_4' title="bbox 388 1314 2458 3179">
    <p class='ocr_par' dir='ltr' id='par_1_4' title="bbox 388 1314 2393 2735">
     <span class='ocr_line' id='line_1_5' title="bbox 390 1314 2392 1400; baseline 0.004 -21"><span class='ocrx_word' id='word_1_51' title='bbox 390 1315 462 1380; x_wconf 90' lang='lat' dir='ltr'><strong>Deo</strong></span> <span class='ocrx_word' id='word_1_52' title='bbox 500 1314 615 1378; x_wconf 90' lang='lat' dir='ltr'><strong>haberi</strong></span> <span class='ocrx_word' id='word_1_53' title='bbox 649 1314 910 1396; x_wconf 90' lang='lat' dir='ltr'><strong>disputationem.</strong></span> <span class='ocrx_word' id='word_1_54' title='bbox 966 1315 1094 1379; x_wconf 84' lang='lat' dir='ltr'><strong>Verum</strong></span> <span class='ocrx_word' id='word_1_55' title='bbox 1130 1316 1230 1380; x_wconf 89' lang='lat' dir='ltr'><strong>latius</strong></span> <span class='ocrx_word' id='word_1_56' title='bbox 1268 1317 1363 1381; x_wconf 90' lang='lat' dir='ltr'><strong>iustis</strong></span> <span class='ocrx_word' id='word_1_57' title='bbox 1417 1326 1567 1397; x_wconf 81' lang='lat' dir='ltr'><strong>quartam</strong></span> <span class='ocrx_word' id='word_1_58' title='bbox 1584 1319 1830 1400; x_wconf 78' lang='lat' dir='ltr'><strong>generationem</strong></span> <span class='ocrx_word' id='word_1_59' title='bbox 1851 1319 1963 1397; x_wconf 79' lang='lat' dir='ltr'><strong>faciat3</strong></span> <span class='ocrx_word' id='word_1_60' title='bbox 1986 1320 2055 1384; x_wconf 87' lang='lat' dir='ltr'><strong>sive</strong></span> <span class='ocrx_word' id='word_1_61' title='bbox 2076 1327 2163 1385; x_wconf 89' lang='lat' dir='ltr'><strong>totus</strong></span> <span class='ocrx_word' id='word_1_62' title='bbox 2185 1321 2282 1386; x_wconf 92' lang='lat' dir='ltr'><strong>simul</strong></span> <span class='ocrx_word' id='word_1_63' title='bbox 2304 1323 2392 1387; x_wconf 90' lang='lat' dir='ltr'><strong>orbis</strong></span> 
     </span>
     <span class='ocr_line' id='line_1_6' title="bbox 389 1425 2393 1512; baseline 0.003 -22"><span class='ocrx_word' id='word_1_64' title='bbox 389 1426 504 1512; x_wconf 86' lang='lat' dir='ltr'><strong>spatiis</strong></span> <span class='ocrx_word' id='word_1_65' title='bbox 534 1447 605 1490; x_wconf 87' lang='lat' dir='ltr'><strong>sese</strong></span> <span class='ocrx_word' id='word_1_66' title='bbox 638 1425 741 1488; x_wconf 89' lang='lat' dir='ltr'><strong>oratio</strong></span> <span class='ocrx_word' id='word_1_67' title='bbox 769 1432 882 1489; x_wconf 87' lang='lat' dir='ltr'><strong>nostra</strong></span> <span class='ocrx_word' id='word_1_68' title='bbox 910 1425 1105 1504; x_wconf 84' lang='lat' dir='ltr'><strong>efiunderet,</strong></span> <span class='ocrx_word' id='word_1_69' title='bbox 1136 1427 1163 1489; x_wconf 93' lang='lat' dir='ltr'><strong>si</strong></span> <span class='ocrx_word' id='word_1_70' title='bbox 1194 1448 1362 1491; x_wconf 87' lang='lat' dir='ltr'><strong>recensere</strong></span> <span class='ocrx_word' id='word_1_71' title='bbox 1416 1429 1452 1490; x_wconf 94' lang='lat' dir='ltr'><strong>in</strong></span> <span class='ocrx_word' id='word_1_72' title='bbox 1473 1427 1611 1492; x_wconf 91' lang='lat' dir='ltr'><strong>eandem</strong></span> <span class='ocrx_word' id='word_1_73' title='bbox 1632 1431 1811 1510; x_wconf 91' lang='lat' dir='ltr'><strong>nequitiam</strong></span> <span class='ocrx_word' id='word_1_74' title='bbox 1832 1432 2007 1512; x_wconf 80' lang='lat' dir='ltr'><strong>conspiret,</strong></span> <span class='ocrx_word' id='word_1_75' title='bbox 2038 1432 2260 1512; x_wconf 88' lang='lat' dir='ltr'><strong>experimento</strong></span> <span class='ocrx_word' id='word_1_76' title='bbox 2282 1432 2393 1498; x_wconf 92' lang='lat' dir='ltr'><strong>docuit</strong></span> 
     </span>
     <span class='ocr_line' id='line_1_7' title="bbox 388 1521 2391 1622; baseline 0.004 -22"><span class='ocrx_word' id='word_1_77' title='bbox 388 1537 507 1601; x_wconf 90' lang='lat' dir='ltr'><strong>vellem</strong></span> <span class='ocrx_word' id='word_1_78' title='bbox 532 1557 631 1619; x_wconf 92' lang='lat' dir='ltr'><strong>quam</strong></span> <span class='ocrx_word' id='word_1_79' title='bbox 663 1537 850 1618; x_wconf 86' lang='lat' dir='ltr'><strong>petulanter</strong></span> <span class='ocrx_word' id='word_1_80' title='bbox 880 1537 935 1600; x_wconf 91' lang='lat' dir='ltr'><strong>isti</strong></span> <span class='ocrx_word' id='word_1_81' title='bbox 959 1544 1093 1619; x_wconf 89' lang='lat' dir='ltr'><strong>patrum</strong></span> <span class='ocrx_word' id='word_1_82' title='bbox 1119 1538 1248 1620; x_wconf 89' lang='lat' dir='ltr'><strong>iugum,</strong></span> <span class='ocrx_word' id='word_1_83' title='bbox 1283 1521 1364 1619; x_wconf 90' lang='lat' dir='ltr'><strong>quo·</strong></span> <span class='ocrx_word' id='word_1_84' title='bbox 1416 1541 1487 1620; x_wconf 92' lang='lat' dir='ltr'><strong>quis</strong></span> <span class='ocrx_word' id='word_1_85' title='bbox 1520 1541 1562 1603; x_wconf 91' lang='lat' dir='ltr'><strong>sit</strong></span> <span class='ocrx_word' id='word_1_86' title='bbox 1590 1561 1702 1603; x_wconf 88' lang='lat' dir='ltr'><strong>eorum</strong></span> <span class='ocrx_word' id='word_1_87' title='bbox 1729 1542 1836 1604; x_wconf 89' lang='lat' dir='ltr'><strong>exitus</strong></span> <span class='ocrx_word' id='word_1_88' title='bbox 1866 1542 1922 1622; x_wconf 90' lang='lat' dir='ltr'><strong>qui</strong></span> <span class='ocrx_word' id='word_1_89' title='bbox 1950 1563 2026 1607; x_wconf 92' lang='lat' dir='ltr'><strong>cum</strong></span> <span class='ocrx_word' id='word_1_90' title='bbox 2055 1543 2265 1607; x_wconf 90' lang='lat' dir='ltr'><strong>multitudine</strong></span> <span class='ocrx_word' id='word_1_91' title='bbox 2287 1543 2391 1609; x_wconf 89' lang='lat' dir='ltr'><strong>delin-</strong></span> 
     </span>
     <span class='ocr_line' id='line_1_8' title="bbox 390 1636 2392 1736; baseline 0.004 -24"><span class='ocrx_word' id='word_1_92' title='bbox 390 1670 465 1712; x_wconf 88' lang='lat' dir='ltr'><strong>rum</strong></span> <span class='ocrx_word' id='word_1_93' title='bbox 483 1650 695 1714; x_wconf 84' lang='lat' dir='ltr'><strong>observantes</strong></span> <span class='ocrx_word' id='word_1_94' title='bbox 712 1649 772 1713; x_wconf 90' lang='lat' dir='ltr'><strong>filii</strong></span> <span class='ocrx_word' id='word_1_95' title='bbox 789 1647 893 1713; x_wconf 85' lang='lat' dir='ltr'><strong>videri</strong></span> <span class='ocrx_word' id='word_1_96' title='bbox 911 1647 1035 1727; x_wconf 87' lang='lat' dir='ltr'><strong>volunt,</strong></span> <span class='ocrx_word' id='word_1_97' title='bbox 1054 1651 1231 1714; x_wconf 87' lang='lat' dir='ltr'><strong>excutiant</strong></span> <span class='ocrx_word' id='word_1_98' title='bbox 1267 1636 1368 1714; x_wconf 76' lang='lat' dir='ltr'><strong>Men-¹</strong></span> <span class='ocrx_word' id='word_1_99' title='bbox 1416 1667 1533 1731; x_wconf 88' lang='lat' dir='ltr'><strong>quunt,</strong></span> <span class='ocrx_word' id='word_1_100' title='bbox 1571 1672 1672 1731; x_wconf 89' lang='lat' dir='ltr'><strong>quum</strong></span> <span class='ocrx_word' id='word_1_101' title='bbox 1703 1652 1891 1716; x_wconf 82' lang='lat' dir='ltr'><strong>universum</strong></span> <span class='ocrx_word' id='word_1_102' title='bbox 1932 1653 2101 1717; x_wconf 92' lang='lat' dir='ltr'><strong>hominum</strong></span> <span class='ocrx_word' id='word_1_103' title='bbox 2135 1674 2239 1736; x_wconf 87' lang='lat' dir='ltr'><strong>genus</strong></span> <span class='ocrx_word' id='word_1_104' title='bbox 2269 1654 2392 1720; x_wconf 86' lang='lat' dir='ltr'><strong>diluvio</strong></span> 
     </span>
     <span class='ocr_line' id='line_1_9' title="bbox 390 1759 2392 1848; baseline 0.003 -23"><span class='ocrx_word' id='word_1_105' title='bbox 390 1782 442 1825; x_wconf 90' lang='lat' dir='ltr'><strong>ses</strong></span> <span class='ocrx_word' id='word_1_106' title='bbox 474 1761 616 1843; x_wconf 86' lang='lat' dir='ltr'><strong>profecto</strong></span> <span class='ocrx_word' id='word_1_107' title='bbox 648 1767 745 1842; x_wconf 90' lang='lat' dir='ltr'><strong>atque</strong></span> <span class='ocrx_word' id='word_1_108' title='bbox 778 1761 857 1824; x_wconf 89' lang='lat' dir='ltr'><strong>anui</strong></span> <span class='ocrx_word' id='word_1_109' title='bbox 889 1781 941 1823; x_wconf 90' lang='lat' dir='ltr'><strong>me</strong></span> <span class='ocrx_word' id='word_1_110' title='bbox 971 1759 1155 1825; x_wconf 83' lang='lat' dir='ltr'><strong>deficerent</strong></span> <span class='ocrx_word' id='word_1_111' title='bbox 1205 1762 1251 1825; x_wconf 90' lang='lat' dir='ltr'><strong>Et</strong></span> <span class='ocrx_word' id='word_1_112' title='bbox 1283 1761 1362 1825; x_wconf 92' lang='lat' dir='ltr'><strong>adeo</strong></span> <span class='ocrx_word' id='word_1_113' title='bbox 1415 1761 1570 1843; x_wconf 88' lang='lat' dir='ltr'><strong>perdidit,</strong></span> <span class='ocrx_word' id='word_1_114' title='bbox 1599 1769 1727 1826; x_wconf 88' lang='lat' dir='ltr'><strong>servato</strong></span> <span class='ocrx_word' id='word_1_115' title='bbox 1749 1763 1819 1827; x_wconf 92' lang='lat' dir='ltr'><strong>Noe</strong></span> <span class='ocrx_word' id='word_1_116' title='bbox 1842 1784 1916 1827; x_wconf 91' lang='lat' dir='ltr'><strong>cum</strong></span> <span class='ocrx_word' id='word_1_117' title='bbox 1938 1763 2065 1829; x_wconf 90' lang='lat' dir='ltr'><strong>modica</strong></span> <span class='ocrx_word' id='word_1_118' title='bbox 2087 1765 2225 1843; x_wconf 87' lang='lat' dir='ltr'><strong>familia,</strong></span> <span class='ocrx_word' id='word_1_119' title='bbox 2250 1767 2305 1847; x_wconf 91' lang='lat' dir='ltr'><strong>qui</strong></span> <span class='ocrx_word' id='word_1_120' title='bbox 2332 1787 2392 1848; x_wconf 88' lang='lat' dir='ltr'><strong>per</strong></span> 
     </span>
     <span class='ocr_line' id='line_1_10' title="bbox 389 1869 2389 1961; baseline 0.003 -25"><span class='ocrx_word' id='word_1_121' title='bbox 389 1872 517 1956; x_wconf 86' lang='lat' dir='ltr'><strong>perdita</strong></span> <span class='ocrx_word' id='word_1_122' title='bbox 544 1879 623 1936; x_wconf 90' lang='lat' dir='ltr'><strong>sunt</strong></span> <span class='ocrx_word' id='word_1_123' title='bbox 651 1869 883 1954; x_wconf 85' lang='lat' dir='ltr'><strong>deplorataque</strong></span> <span class='ocrx_word' id='word_1_124' title='bbox 910 1870 1126 1952; x_wconf 91' lang='lat' dir='ltr'><strong>impudentia,</strong></span> <span class='ocrx_word' id='word_1_125' title='bbox 1158 1879 1196 1935; x_wconf 93' lang='lat' dir='ltr'><strong>ut</strong></span> <span class='ocrx_word' id='word_1_126' title='bbox 1222 1893 1282 1937; x_wconf 92' lang='lat' dir='ltr'><strong>nos</strong></span> <span class='ocrx_word' id='word_1_127' title='bbox 1309 1893 1362 1937; x_wconf 92' lang='lat' dir='ltr'><strong>ca·</strong></span> <span class='ocrx_word' id='word_1_128' title='bbox 1415 1893 1508 1936; x_wconf 90' lang='lat' dir='ltr'><strong>suam</strong></span> <span class='ocrx_word' id='word_1_129' title='bbox 1529 1874 1627 1937; x_wconf 89' lang='lat' dir='ltr'><strong>unius</strong></span> <span class='ocrx_word' id='word_1_130' title='bbox 1648 1872 1747 1937; x_wconf 90' lang='lat' dir='ltr'><strong>fidem</strong></span> <span class='ocrx_word' id='word_1_131' title='bbox 1768 1881 1873 1937; x_wconf 91' lang='lat' dir='ltr'><strong>totum</strong></span> <span class='ocrx_word' id='word_1_132' title='bbox 1891 1874 2003 1938; x_wconf 89' lang='lat' dir='ltr'><strong>orbem</strong></span> <span class='ocrx_word' id='word_1_133' title='bbox 2019 1874 2251 1940; x_wconf 89' lang='lat' dir='ltr'><strong>condemnaret</strong></span> <span class='ocrx_word' id='word_1_134' title='bbox 2272 1877 2389 1961; x_wconf 90' lang='lat' dir='ltr'><strong>(Hebr.</strong></span> 
     </span>
     <span class='ocr_line' id='line_1_11' title="bbox 389 1981 2391 2067; baseline 0.003 -19"><span class='ocrx_word' id='word_1_135' title='bbox 389 1985 510 2066; x_wconf 85' lang='lat' dir='ltr'><strong>stigare</strong></span> <span class='ocrx_word' id='word_1_136' title='bbox 541 1983 651 2048; x_wconf 87' lang='lat' dir='ltr'><strong>ausint</strong></span> <span class='ocrx_word' id='word_1_137' title='bbox 682 1981 770 2064; x_wconf 94' lang='lat' dir='ltr'><strong>quod</strong></span> <span class='ocrx_word' id='word_1_138' title='bbox 805 1984 962 2047; x_wconf 90' lang='lat' dir='ltr'><strong>terminos</strong></span> <span class='ocrx_word' id='word_1_139' title='bbox 994 1984 1145 2064; x_wconf 89' lang='lat' dir='ltr'><strong>antiquos</strong></span> <span class='ocrx_word' id='word_1_140' title='bbox 1178 1983 1363 2066; x_wconf 83' lang='lat' dir='ltr'><strong>transgredi</strong></span> <span class='ocrx_word' id='word_1_141' title='bbox 1420 1988 1467 2061; x_wconf 89' lang='grc'><strong>11,</strong></span> <span class='ocrx_word' id='word_1_142' title='bbox 1489 1984 1533 2067; x_wconf 85' lang='grc'><strong>7).</strong></span> <span class='ocrx_word' id='word_1_143' title='bbox 1586 1985 1735 2066; x_wconf 89' lang='lat' dir='ltr'><strong>Denique</strong></span> <span class='ocrx_word' id='word_1_144' title='bbox 1767 2005 1870 2065; x_wconf 82' lang='lat' dir='ltr'><strong>prava</strong></span> <span class='ocrx_word' id='word_1_145' title='bbox 1901 1986 2099 2050; x_wconf 89' lang='lat' dir='ltr'><strong>consuetudo</strong></span> <span class='ocrx_word' id='word_1_146' title='bbox 2126 2008 2193 2050; x_wconf 93' lang='lat' dir='ltr'><strong>non</strong></span> <span class='ocrx_word' id='word_1_147' title='bbox 2227 2010 2320 2054; x_wconf 86' lang='lat' dir='ltr'><strong>secus</strong></span> <span class='ocrx_word' id='word_1_148' title='bbox 2353 2010 2391 2054; x_wconf 84' lang='lat' dir='ltr'><strong>ae</strong></span> 
     </span>
     <span class='ocr_line' id='line_1_12' title="bbox 389 2082 2392 2182; baseline 0.002 -23"><span class='ocrx_word' id='word_1_149' title='bbox 389 2116 456 2159; x_wconf 93' lang='lat' dir='ltr'><strong>non</strong></span> <span class='ocrx_word' id='word_1_150' title='bbox 489 2095 684 2159; x_wconf 89' lang='lat' dir='ltr'><strong>dubitemus.</strong></span> <span class='ocrx_word' id='word_1_151' title='bbox 734 2095 806 2158; x_wconf 90' lang='lat' dir='ltr'><strong>Iam</strong></span> <span class='ocrx_word' id='word_1_152' title='bbox 835 2115 912 2158; x_wconf 84' lang='lat' dir='ltr'><strong>vero</strong></span> <span class='ocrx_word' id='word_1_153' title='bbox 946 2092 1033 2175; x_wconf 92' lang='lat' dir='ltr'><strong>quod</strong></span> <span class='ocrx_word' id='word_1_154' title='bbox 1060 2115 1120 2157; x_wconf 92' lang='lat' dir='ltr'><strong>nos</strong></span> <span class='ocrx_word' id='word_1_155' title='bbox 1154 2094 1196 2158; x_wconf 89' lang='lat' dir='ltr'><strong>ad</strong></span> <span class='ocrx_word' id='word_1_156' title='bbox 1227 2115 1362 2159; x_wconf 89' lang='lat' dir='ltr'><strong>consue-</strong></span> <span class='ocrx_word' id='word_1_157' title='bbox 1414 2082 1544 2175; x_wconf 90' lang='lat' dir='ltr'><strong>publica</strong></span> <span class='ocrx_word' id='word_1_158' title='bbox 1565 2095 1725 2175; x_wconf 87' lang='lat' dir='ltr'><strong>quaedam</strong></span> <span class='ocrx_word' id='word_1_159' title='bbox 1746 2107 1796 2159; x_wconf 91' lang='lat' dir='ltr'><strong>est</strong></span> <span class='ocrx_word' id='word_1_160' title='bbox 1816 2097 1931 2176; x_wconf 90' lang='lat' dir='ltr'><strong>pestis,</strong></span> <span class='ocrx_word' id='word_1_161' title='bbox 1958 2097 1994 2159; x_wconf 92' lang='lat' dir='ltr'><strong>in</strong></span> <span class='ocrx_word' id='word_1_162' title='bbox 2022 2118 2086 2178; x_wconf 91' lang='lat' dir='ltr'><strong>qua</strong></span> <span class='ocrx_word' id='word_1_163' title='bbox 2113 2118 2179 2160; x_wconf 91' lang='lat' dir='ltr'><strong>non</strong></span> <span class='ocrx_word' id='word_1_164' title='bbox 2201 2100 2311 2164; x_wconf 88' lang='lat' dir='ltr'><strong>minue</strong></span> <span class='ocrx_word' id='word_1_165' title='bbox 2334 2121 2392 2182; x_wconf 88' lang='lat' dir='ltr'><strong>po·</strong></span> 
     </span>
     <span class='ocr_line' id='line_1_13' title="bbox 388 2205 2391 2290; baseline 0.002 -20"><span class='ocrx_word' id='word_1_166' title='bbox 388 2206 537 2270; x_wconf 87' lang='lat' dir='ltr'><strong>tudinem</strong></span> <span class='ocrx_word' id='word_1_167' title='bbox 565 2213 685 2271; x_wconf 83' lang='lat' dir='ltr'><strong>vocant</strong></span> <span class='ocrx_word' id='word_1_168' title='bbox 711 2205 796 2268; x_wconf 92' lang='lat' dir='ltr'><strong>nihil</strong></span> <span class='ocrx_word' id='word_1_169' title='bbox 824 2205 979 2270; x_wconf 85' lang='lat' dir='ltr'><strong>efficiunt</strong></span> <span class='ocrx_word' id='word_1_170' title='bbox 1029 2205 1248 2270; x_wconf 88' lang='lat' dir='ltr'><strong>Iniustissime</strong></span> <span class='ocrx_word' id='word_1_171' title='bbox 1273 2207 1361 2270; x_wconf 91' lang='lat' dir='ltr'><strong>enirn</strong></span> <span class='ocrx_word' id='word_1_172' title='bbox 1413 2212 1511 2269; x_wconf 88' lang='lat' dir='ltr'><strong>reunt</strong></span> <span class='ocrx_word' id='word_1_173' title='bbox 1531 2206 1587 2288; x_wconf 92' lang='lat' dir='ltr'><strong>qui</strong></span> <span class='ocrx_word' id='word_1_174' title='bbox 1608 2207 1643 2269; x_wconf 94' lang='lat' dir='ltr'><strong>in</strong></span> <span class='ocrx_word' id='word_1_175' title='bbox 1663 2206 1760 2270; x_wconf 88' lang='lat' dir='ltr'><strong>turba</strong></span> <span class='ocrx_word' id='word_1_176' title='bbox 1782 2206 1911 2271; x_wconf 87' lang='lat' dir='ltr'><strong>cadunt</strong></span> <span class='ocrx_word' id='word_1_177' title='bbox 1952 2207 2005 2270; x_wconf 92' lang='lat' dir='ltr'><strong>Ad</strong></span> <span class='ocrx_word' id='word_1_178' title='bbox 2027 2207 2108 2272; x_wconf 91' lang='lat' dir='ltr'><strong>haec</strong></span> <span class='ocrx_word' id='word_1_179' title='bbox 2129 2209 2312 2290; x_wconf 83' lang='lat' dir='ltr'><strong>expendere</strong></span> <span class='ocrx_word' id='word_1_180' title='bbox 2333 2211 2391 2276; x_wconf 92' lang='lat' dir='ltr'><strong>de·</strong></span> 
     </span>
     <span class='ocr_line' id='line_1_14' title="bbox 390 2314 2391 2405; baseline 0.002 -24"><span class='ocrx_word' id='word_1_181' title='bbox 390 2317 559 2382; x_wconf 91' lang='lat' dir='ltr'><strong>nobiscum</strong></span> <span class='ocrx_word' id='word_1_182' title='bbox 581 2330 734 2400; x_wconf 83' lang='lat' dir='ltr'><strong>ageretur</strong></span> <span class='ocrx_word' id='word_1_183' title='bbox 761 2317 789 2381; x_wconf 89' lang='lat' dir='ltr'><strong>si</strong></span> <span class='ocrx_word' id='word_1_184' title='bbox 816 2316 1043 2381; x_wconf 88' lang='lat' dir='ltr'><strong>consuetudini</strong></span> <span class='ocrx_word' id='word_1_185' title='bbox 1065 2317 1245 2381; x_wconf 92' lang='lat' dir='ltr'><strong>cedendum</strong></span> <span class='ocrx_word' id='word_1_186' title='bbox 1268 2327 1360 2382; x_wconf 86' lang='lat' dir='ltr'><strong>esset.</strong></span> <span class='ocrx_word' id='word_1_187' title='bbox 1414 2318 1508 2381; x_wconf 83' lang='lat' dir='ltr'><strong>cebet</strong></span> <span class='ocrx_word' id='word_1_188' title='bbox 1529 2315 1615 2399; x_wconf 91' lang='lat' dir='ltr'><strong>quod</strong></span> <span class='ocrx_word' id='word_1_189' title='bbox 1632 2318 1750 2382; x_wconf 88' lang='lat' dir='ltr'><strong>alicubi</strong></span> <span class='ocrx_word' id='word_1_190' title='bbox 1768 2318 1847 2382; x_wconf 91' lang='lat' dir='ltr'><strong>dicit</strong></span> <span class='ocrx_word' id='word_1_191' title='bbox 1858 2317 2053 2403; x_wconf 78' lang='lat' dir='ltr'><strong>Cyprianus,</strong></span> <span class='ocrx_word' id='word_1_192' title='bbox 2069 2318 2092 2401; x_wconf 95' lang='lat'><strong>¹)</strong></span> <span class='ocrx_word' id='word_1_193' title='bbox 2115 2340 2169 2384; x_wconf 89' lang='lat' dir='ltr'><strong>eos</strong></span> <span class='ocrx_word' id='word_1_194' title='bbox 2188 2322 2243 2403; x_wconf 91' lang='lat' dir='ltr'><strong>qui</strong></span> <span class='ocrx_word' id='word_1_195' title='bbox 2260 2314 2391 2405; x_wconf 88' lang='lat' dir='ltr'><strong>ignora·</strong></span> 
     </span>
     <span class='ocr_line' id='line_1_15' title="bbox 389 2418 2390 2514; baseline 0.001 -21"><span class='ocrx_word' id='word_1_196' title='bbox 389 2428 554 2510; x_wconf 81' lang='lat' dir='ltr'><strong>Equidem</strong></span> <span class='ocrx_word' id='word_1_197' title='bbox 577 2430 605 2492; x_wconf 91' lang='lat' dir='ltr'><strong>si</strong></span> <span class='ocrx_word' id='word_1_198' title='bbox 627 2435 716 2493; x_wconf 90' lang='lat' dir='ltr'><strong>recta</strong></span> <span class='ocrx_word' id='word_1_199' title='bbox 738 2437 847 2492; x_wconf 89' lang='lat' dir='ltr'><strong>essent</strong></span> <span class='ocrx_word' id='word_1_200' title='bbox 873 2428 1044 2492; x_wconf 90' lang='lat' dir='ltr'><strong>hominum</strong></span> <span class='ocrx_word' id='word_1_201' title='bbox 1065 2428 1198 2507; x_wconf 90' lang='lat' dir='ltr'><strong>iudicia,</strong></span> <span class='ocrx_word' id='word_1_202' title='bbox 1228 2449 1363 2493; x_wconf 90' lang='lat' dir='ltr'><strong>consuc-</strong></span> <span class='ocrx_word' id='word_1_203' title='bbox 1415 2430 1503 2493; x_wconf 90' lang='lat' dir='ltr'><strong>tione</strong></span> <span class='ocrx_word' id='word_1_204' title='bbox 1531 2418 1682 2511; x_wconf 82' lang='lat' dir='ltr'><strong>pec&#39;cant,</strong></span> <span class='ocrx_word' id='word_1_205' title='bbox 1711 2430 1773 2493; x_wconf 85' lang='lat' dir='ltr'><strong>etei</strong></span> <span class='ocrx_word' id='word_1_206' title='bbox 1794 2450 1861 2493; x_wconf 91' lang='lat' dir='ltr'><strong>non</strong></span> <span class='ocrx_word' id='word_1_207' title='bbox 1888 2431 2013 2510; x_wconf 89' lang='lat' dir='ltr'><strong>possint</strong></span> <span class='ocrx_word' id='word_1_208' title='bbox 2035 2430 2123 2493; x_wconf 90' lang='lat' dir='ltr'><strong>omni</strong></span> <span class='ocrx_word' id='word_1_209' title='bbox 2146 2452 2180 2494; x_wconf 91' lang='lat' dir='ltr'><strong>se</strong></span> <span class='ocrx_word' id='word_1_210' title='bbox 2203 2432 2298 2514; x_wconf 87' lang='lat' dir='ltr'><strong>culpa</strong></span> <span class='ocrx_word' id='word_1_211' title='bbox 2320 2434 2390 2496; x_wconf 92' lang='lat' dir='ltr'><strong>exi-</strong></span> 
     </span>
     <span class='ocr_line' id='line_1_16' title="bbox 388 2539 2391 2624; baseline 0.002 -20"><span class='ocrx_word' id='word_1_212' title='bbox 388 2540 467 2605; x_wconf 93' lang='lat' dir='ltr'><strong>tudo</strong></span> <span class='ocrx_word' id='word_1_213' title='bbox 501 2562 520 2604; x_wconf 91' lang='lat' dir='ltr'><strong>a</strong></span> <span class='ocrx_word' id='word_1_214' title='bbox 552 2541 645 2605; x_wconf 90' lang='lat' dir='ltr'><strong>bonis</strong></span> <span class='ocrx_word' id='word_1_215' title='bbox 681 2539 821 2622; x_wconf 89' lang='lat' dir='ltr'><strong>petenda</strong></span> <span class='ocrx_word' id='word_1_216' title='bbox 853 2551 931 2604; x_wconf 82' lang='lat' dir='ltr'><strong>erat</strong></span> <span class='ocrx_word' id='word_1_217' title='bbox 982 2540 1108 2605; x_wconf 92' lang='lat' dir='ltr'><strong>Verum</strong></span> <span class='ocrx_word' id='word_1_218' title='bbox 1140 2539 1237 2622; x_wconf 88' lang='lat' dir='ltr'><strong>longe</strong></span> <span class='ocrx_word' id='word_1_219' title='bbox 1269 2540 1364 2604; x_wconf 89' lang='lat' dir='ltr'><strong>aliter</strong></span> <span class='ocrx_word' id='word_1_220' title='bbox 1415 2562 1519 2617; x_wconf 90' lang='lat' dir='ltr'><strong>mere,</strong></span> <span class='ocrx_word' id='word_1_221' title='bbox 1549 2540 1653 2604; x_wconf 82' lang='lat' dir='ltr'><strong>videri</strong></span> <span class='ocrx_word' id='word_1_222' title='bbox 1683 2548 1794 2604; x_wconf 85' lang='lat' dir='ltr'><strong>tamen</strong></span> <span class='ocrx_word' id='word_1_223' title='bbox 1813 2561 1907 2622; x_wconf 87' lang='lat' dir='ltr'><strong>posse</strong></span> <span class='ocrx_word' id='word_1_224' title='bbox 1929 2541 2151 2623; x_wconf 89' lang='lat' dir='ltr'><strong>quoquomodq</strong></span> <span class='ocrx_word' id='word_1_225' title='bbox 2173 2543 2375 2608; x_wconf 85' lang='lat' dir='ltr'><strong>excusabiles</strong></span> <span class='ocrx_word' id='word_1_226' title='bbox 2382 2568 2391 2624; x_wconf 90' lang='lat'>;</span> 
     </span>
     <span class='ocr_line' id='line_1_17' title="bbox 388 2650 2391 2735; baseline 0 -18"><span class='ocrx_word' id='word_1_227' title='bbox 388 2652 589 2734; x_wconf 80' lang='lat' dir='ltr'><strong>saepiuscule</strong></span> <span class='ocrx_word' id='word_1_228' title='bbox 612 2652 666 2735; x_wconf 88' lang='lat' dir='ltr'><strong>agi</strong></span> <span class='ocrx_word' id='word_1_229' title='bbox 687 2652 855 2735; x_wconf 89' lang='lat' dir='ltr'><strong>contingit.</strong></span> <span class='ocrx_word' id='word_1_230' title='bbox 889 2650 986 2732; x_wconf 78' lang='lat' dir='ltr'><strong>Quod</strong></span> <span class='ocrx_word' id='word_1_231' title='bbox 1007 2653 1096 2716; x_wconf 93' lang='lat' dir='ltr'><strong>enim</strong></span> <span class='ocrx_word' id='word_1_232' title='bbox 1118 2673 1138 2716; x_wconf 92' lang='lat' dir='ltr'><strong>a</strong></span> <span class='ocrx_word' id='word_1_233' title='bbox 1159 2651 1270 2716; x_wconf 92' lang='lat' dir='ltr'><strong>multis</strong></span> <span class='ocrx_word' id='word_1_234' title='bbox 1292 2653 1363 2716; x_wconf 88' lang='lat' dir='ltr'><strong>fieri</strong></span> <span class='ocrx_word' id='word_1_235' title='bbox 1415 2652 1558 2716; x_wconf 90' lang='lat' dir='ltr'><strong>oblatam</strong></span> <span class='ocrx_word' id='word_1_236' title='bbox 1578 2659 1687 2715; x_wconf 90' lang='lat' dir='ltr'><strong>autem</strong></span> <span class='ocrx_word' id='word_1_237' title='bbox 1708 2651 1772 2715; x_wconf 90' lang='lat' dir='ltr'><strong>Dei</strong></span> <span class='ocrx_word' id='word_1_238' title='bbox 1800 2652 1955 2716; x_wconf 90' lang='lat' dir='ltr'><strong>beneficio</strong></span> <span class='ocrx_word' id='word_1_239' title='bbox 1976 2654 2147 2716; x_wconf 86' lang='lat' dir='ltr'><strong>veritatem</strong></span> <span class='ocrx_word' id='word_1_240' title='bbox 2169 2654 2225 2734; x_wconf 92' lang='lat' dir='ltr'><strong>qui</strong></span> <span class='ocrx_word' id='word_1_241' title='bbox 2247 2655 2391 2735; x_wconf 87' lang='lat' dir='ltr'><strong>pertina-</strong></span> 
     </span>
    </p>

    <p class='ocr_par' dir='ltr' id='par_1_5' title="bbox 388 2741 2458 3179">
     <span class='ocr_line' id='line_1_18' title="bbox 388 2741 2458 2863; baseline 0.001 -35"><span class='ocrx_word' id='word_1_242' title='bbox 388 2772 600 2844; x_wconf 87' lang='lat' dir='ltr'><strong>conspectum</strong></span> <span class='ocrx_word' id='word_1_243' title='bbox 619 2771 677 2841; x_wconf 89' lang='lat' dir='ltr'><strong>est,</strong></span> <span class='ocrx_word' id='word_1_244' title='bbox 700 2762 942 2827; x_wconf 89' lang='lat' dir='ltr'><strong>consuetudinis</strong></span> <span class='ocrx_word' id='word_1_245' title='bbox 964 2765 1016 2827; x_wconf 91' lang='lat' dir='ltr'><strong>ius</strong></span> <span class='ocrx_word' id='word_1_246' title='bbox 1038 2785 1114 2827; x_wconf 89' lang='lat' dir='ltr'><strong>mox</strong></span> <span class='ocrx_word' id='word_1_247' title='bbox 1133 2763 1265 2826; x_wconf 92' lang='lat' dir='ltr'><strong>obtinet.</strong></span> <span class='ocrx_word' id='word_1_248' title='bbox 1300 2765 1362 2827; x_wconf 70' lang='lat' dir='ltr'><strong>Aa</strong></span> <span class='ocrx_word' id='word_1_249' title='bbox 1415 2764 1496 2828; x_wconf 89' lang='lat' dir='ltr'><strong>citer</strong></span> <span class='ocrx_word' id='word_1_250' title='bbox 1522 2770 1695 2844; x_wconf 88' lang='lat' dir='ltr'><strong>respuunt,</strong></span> <span class='ocrx_word' id='word_1_251' title='bbox 1726 2762 1811 2863; x_wconf 55' lang='lat' dir='ltr'><strong>nbhss</strong></span> <span class='ocrx_word' id='word_1_252' title='bbox 1838 2763 1959 2827; x_wconf 88' lang='lat' dir='ltr'><strong>habere</strong></span> <span class='ocrx_word' id='word_1_253' title='bbox 1982 2763 2067 2845; x_wconf 93' lang='lat' dir='ltr'><strong>quod</strong></span> <span class='ocrx_word' id='word_1_254' title='bbox 2096 2762 2282 2829; x_wconf 90' lang='lat' dir='ltr'><strong>obtendant.</strong></span> <span class='ocrx_word' id='word_1_255' title='bbox 2327 2765 2391 2830; x_wconf 90' lang='lat' dir='ltr'><strong>Di·</strong></span> <span class='ocrx_word' id='word_1_256' title='bbox 2448 2741 2458 2759; x_wconf 53' lang='lat'><strong>⁹</strong></span> 
     </span>
     <span class='ocr_line' id='line_1_19' title="bbox 389 2873 2392 2957; baseline 0.001 -20"><span class='ocrx_word' id='word_1_257' title='bbox 389 2875 445 2956; x_wconf 92' lang='lat' dir='ltr'><strong>qui</strong></span> <span class='ocrx_word' id='word_1_258' title='bbox 467 2876 524 2939; x_wconf 82' lang='lat' dir='ltr'><strong>vix</strong></span> <span class='ocrx_word' id='word_1_259' title='bbox 546 2895 692 2955; x_wconf 90' lang='lat' dir='ltr'><strong>unquam</strong></span> <span class='ocrx_word' id='word_1_260' title='bbox 721 2882 786 2936; x_wconf 88' lang='lat' dir='ltr'><strong>tam</strong></span> <span class='ocrx_word' id='word_1_261' title='bbox 815 2873 898 2937; x_wconf 89' lang='lat' dir='ltr'><strong>bene</strong></span> <span class='ocrx_word' id='word_1_262' title='bbox 920 2874 1105 2938; x_wconf 90' lang='lat' dir='ltr'><strong>habuerunt</strong></span> <span class='ocrx_word' id='word_1_263' title='bbox 1126 2895 1178 2938; x_wconf 90' lang='lat' dir='ltr'><strong>res</strong></span> <span class='ocrx_word' id='word_1_264' title='bbox 1200 2873 1363 2938; x_wconf 89' lang='lat' dir='ltr'><strong>humanae</strong></span> <span class='ocrx_word' id='word_1_265' title='bbox 1415 2873 1568 2938; x_wconf 88' lang='lat' dir='ltr'><strong>lemmate</strong></span> <span class='ocrx_word' id='word_1_266' title='bbox 1590 2893 1650 2937; x_wconf 92' lang='lat' dir='ltr'><strong>suo</strong></span> <span class='ocrx_word' id='word_1_267' title='bbox 1672 2895 1738 2938; x_wconf 90' lang='lat' dir='ltr'><strong>non</strong></span> <span class='ocrx_word' id='word_1_268' title='bbox 1761 2874 1841 2938; x_wconf 86' lang='lat' dir='ltr'><strong>adeo</strong></span> <span class='ocrx_word' id='word_1_269' title='bbox 1863 2874 2075 2938; x_wconf 85' lang='lat' dir='ltr'><strong>vehementer</strong></span> <span class='ocrx_word' id='word_1_270' title='bbox 2096 2895 2155 2939; x_wconf 90' lang='lat' dir='ltr'><strong>nos</strong></span> <span class='ocrx_word' id='word_1_271' title='bbox 2178 2883 2334 2957; x_wconf 89' lang='lat' dir='ltr'><strong>premunt</strong></span> <span class='ocrx_word' id='word_1_272' title='bbox 2355 2885 2392 2940; x_wconf 94' lang='lat' dir='ltr'><strong>ut</strong></span> 
     </span>
     <span class='ocr_line' id='line_1_20' title="bbox 389 2983 2391 3070; baseline 0 -20"><span class='ocrx_word' id='word_1_273' title='bbox 389 2993 427 3050; x_wconf 91' lang='lat' dir='ltr'><strong>ut</strong></span> <span class='ocrx_word' id='word_1_274' title='bbox 459 2985 606 3068; x_wconf 89' lang='lat' dir='ltr'><strong>pluribus</strong></span> <span class='ocrx_word' id='word_1_275' title='bbox 636 2985 804 3066; x_wconf 88' lang='lat' dir='ltr'><strong>placerent</strong></span> <span class='ocrx_word' id='word_1_276' title='bbox 835 2983 978 3049; x_wconf 90' lang='lat' dir='ltr'><strong>meliora.</strong></span> <span class='ocrx_word' id='word_1_277' title='bbox 1029 2986 1118 3068; x_wconf 91' lang='lat' dir='ltr'><strong>Ergo</strong></span> <span class='ocrx_word' id='word_1_278' title='bbox 1152 3007 1193 3049; x_wconf 89' lang='lat' dir='ltr'><strong>ex</strong></span> <span class='ocrx_word' id='word_1_279' title='bbox 1225 2986 1363 3068; x_wconf 87' lang='lat' dir='ltr'><strong>privatis</strong></span> <span class='ocrx_word' id='word_1_280' title='bbox 1414 2986 1509 3049; x_wconf 86' lang='lat' dir='ltr'><strong>fateri</strong></span> <span class='ocrx_word' id='word_1_281' title='bbox 1531 2984 1674 3068; x_wconf 85' lang='lat' dir='ltr'><strong>adigant,</strong></span> <span class='ocrx_word' id='word_1_282' title='bbox 1693 2986 1746 3048; x_wconf 83' lang='lat' dir='ltr'><strong>vel</strong></span> <span class='ocrx_word' id='word_1_283' title='bbox 1769 2985 1937 3050; x_wconf 90' lang='lat' dir='ltr'><strong>eeclesiam</strong></span> <span class='ocrx_word' id='word_1_284' title='bbox 1956 2986 2056 3050; x_wconf 85' lang='lat' dir='ltr'><strong>fuisse</strong></span> <span class='ocrx_word' id='word_1_285' title='bbox 2068 2986 2270 3070; x_wconf 80' lang='lat' dir='ltr'><strong>aliquamdiu</strong></span> <span class='ocrx_word' id='word_1_286' title='bbox 2287 2987 2391 3051; x_wconf 89' lang='lat' dir='ltr'><strong>inter·</strong></span> 
     </span>
     <span class='ocr_line' id='line_1_21' title="bbox 389 3096 2389 3179; baseline 0.001 -19"><span class='ocrx_word' id='word_1_287' title='bbox 389 3096 568 3160; x_wconf 89' lang='lat' dir='ltr'><strong>multorum</strong></span> <span class='ocrx_word' id='word_1_288' title='bbox 600 3097 689 3160; x_wconf 83' lang='lat' dir='ltr'><strong>vitiis</strong></span> <span class='ocrx_word' id='word_1_289' title='bbox 727 3096 875 3177; x_wconf 93' lang='lat' dir='ltr'><strong>publicus</strong></span> <span class='ocrx_word' id='word_1_290' title='bbox 907 3118 998 3160; x_wconf 90' lang='lat' dir='ltr'><strong>error</strong></span> <span class='ocrx_word' id='word_1_291' title='bbox 1035 3097 1225 3179; x_wconf 85' lang='lat' dir='ltr'><strong>plerumque</strong></span> <span class='ocrx_word' id='word_1_292' title='bbox 1258 3096 1363 3161; x_wconf 87' lang='lat' dir='ltr'><strong>factus</strong></span> <span class='ocrx_word' id='word_1_293' title='bbox 1414 3105 1591 3172; x_wconf 89' lang='lat' dir='ltr'><strong>mortuam,</strong></span> <span class='ocrx_word' id='word_1_294' title='bbox 1620 3097 1673 3161; x_wconf 84' lang='lat' dir='ltr'><strong>vel</strong></span> <span class='ocrx_word' id='word_1_295' title='bbox 1703 3118 1791 3161; x_wconf 92' lang='lat' dir='ltr'><strong>nunc</strong></span> <span class='ocrx_word' id='word_1_296' title='bbox 1820 3105 1895 3163; x_wconf 88' lang='lat' dir='ltr'><strong>cum</strong></span> <span class='ocrx_word' id='word_1_297' title='bbox 1917 3096 2052 3160; x_wconf 88' lang='lat' dir='ltr'><strong>ccclesia</strong></span> <span class='ocrx_word' id='word_1_298' title='bbox 2073 3097 2166 3160; x_wconf 93' lang='lat' dir='ltr'><strong>nobis</strong></span> <span class='ocrx_word' id='word_1_299' title='bbox 2194 3097 2284 3161; x_wconf 91' lang='lat' dir='ltr'><strong>litem</strong></span> <span class='ocrx_word' id='word_1_300' title='bbox 2309 3119 2389 3162; x_wconf 90' lang='lat' dir='ltr'><strong>esse.</strong></span> 
     </span>
    </p>
   </div>
   <div class='ocr_carea' id='block_1_5' title="bbox 389 3206 2505 3290">
    <p class='ocr_par' dir='ltr' id='par_1_6' title="bbox 389 3206 2505 3290">
     <span class='ocr_line' id='line_1_22' title="bbox 389 3206 2505 3290; baseline -0.001 -17"><span class='ocrx_word' id='word_1_301' title='bbox 389 3216 448 3286; x_wconf 89' lang='lat' dir='ltr'><strong>est,</strong></span> <span class='ocrx_word' id='word_1_302' title='bbox 471 3209 524 3272; x_wconf 86' lang='lat' dir='ltr'><strong>vel</strong></span> <span class='ocrx_word' id='word_1_303' title='bbox 546 3208 654 3290; x_wconf 91' lang='lat' dir='ltr'><strong>potius</strong></span> <span class='ocrx_word' id='word_1_304' title='bbox 676 3209 858 3273; x_wconf 90' lang='lat' dir='ltr'><strong>communis</strong></span> <span class='ocrx_word' id='word_1_305' title='bbox 879 3208 1035 3273; x_wconf 84' lang='lat' dir='ltr'><strong>vitiorum</strong></span> <span class='ocrx_word' id='word_1_306' title='bbox 1053 3230 1242 3274; x_wconf 88' lang='lat' dir='ltr'><strong>consensus:</strong></span> <span class='ocrx_word' id='word_1_307' title='bbox 1266 3228 1362 3289; x_wconf 91' lang='lat' dir='ltr'><strong>quem</strong></span> <span class='ocrx_word' id='word_1_308' title='bbox 1415 3208 1510 3271; x_wconf 89' lang='lat' dir='ltr'><strong>Vixit</strong></span> <span class='ocrx_word' id='word_1_309' title='bbox 1531 3229 1609 3272; x_wconf 90' lang='lat' dir='ltr'><strong>sane</strong></span> <span class='ocrx_word' id='word_1_310' title='bbox 1631 3206 1756 3272; x_wconf 80' lang='lat' dir='ltr'><strong>Christi</strong></span> <span class='ocrx_word' id='word_1_311' title='bbox 1778 3207 1927 3285; x_wconf 88' lang='lat' dir='ltr'><strong>ecclesia,</strong></span> <span class='ocrx_word' id='word_1_312' title='bbox 1951 3215 1984 3271; x_wconf 92' lang='lat' dir='ltr'><strong>et</strong></span> <span class='ocrx_word' id='word_1_313' title='bbox 2004 3208 2094 3271; x_wconf 85' lang='lat' dir='ltr'><strong>vivet</strong></span> <span class='ocrx_word' id='word_1_314' title='bbox 2113 3209 2268 3288; x_wconf 92' lang='lat' dir='ltr'><strong>quamdiu</strong></span> <span class='ocrx_word' id='word_1_315' title='bbox 2292 3207 2391 3272; x_wconf 80' lang='lat' dir='ltr'><strong>Chri·</strong></span> <span class='ocrx_word' id='word_1_316' title='bbox 2501 3275 2505 3279; x_wconf 64' lang='grc'>,</span> 
     </span>
    </p>
   </div>
   <div class='ocr_carea' id='block_1_6' title="bbox 378 3317 2407 5654">
    <p class='ocr_par' dir='ltr' id='par_1_7' title="bbox 378 3317 2407 5654">
     <span class='ocr_line' id='line_1_23' title="bbox 389 3317 2390 3402; baseline -0.001 -19"><span class='ocrx_word' id='word_1_317' title='bbox 389 3341 477 3384; x_wconf 91' lang='lat' dir='ltr'><strong>nunc</strong></span> <span class='ocrx_word' id='word_1_318' title='bbox 509 3319 586 3384; x_wconf 91' lang='lat' dir='ltr'><strong>boni</strong></span> <span class='ocrx_word' id='word_1_319' title='bbox 613 3319 667 3384; x_wconf 93' lang='lat' dir='ltr'><strong>isti</strong></span> <span class='ocrx_word' id='word_1_320' title='bbox 693 3319 757 3383; x_wconf 85' lang='lat' dir='ltr'><strong>viri</strong></span> <span class='ocrx_word' id='word_1_321' title='bbox 784 3339 842 3400; x_wconf 91' lang='lat' dir='ltr'><strong>pro</strong></span> <span class='ocrx_word' id='word_1_322' title='bbox 871 3319 944 3402; x_wconf 90' lang='lat' dir='ltr'><strong>lege</strong></span> <span class='ocrx_word' id='word_1_323' title='bbox 971 3341 1042 3385; x_wconf 87' lang='lat' dir='ltr'><strong>esse</strong></span> <span class='ocrx_word' id='word_1_324' title='bbox 1070 3319 1194 3384; x_wconf 85' lang='lat' dir='ltr'><strong>volunt.</strong></span> <span class='ocrx_word' id='word_1_325' title='bbox 1239 3317 1363 3382; x_wconf 85' lang='lat' dir='ltr'><strong>Vident</strong></span> <span class='ocrx_word' id='word_1_326' title='bbox 1414 3328 1485 3384; x_wconf 90' lang='lat' dir='ltr'><strong>stus</strong></span> <span class='ocrx_word' id='word_1_327' title='bbox 1506 3320 1657 3401; x_wconf 89' lang='lat' dir='ltr'><strong>regnabit</strong></span> <span class='ocrx_word' id='word_1_328' title='bbox 1679 3317 1719 3383; x_wconf 92' lang='lat' dir='ltr'><strong>ad</strong></span> <span class='ocrx_word' id='word_1_329' title='bbox 1737 3319 1907 3384; x_wconf 88' lang='lat' dir='ltr'><strong>dexteram</strong></span> <span class='ocrx_word' id='word_1_330' title='bbox 1924 3319 2036 3400; x_wconf 88' lang='lat' dir='ltr'><strong>patris,</strong></span> <span class='ocrx_word' id='word_1_331' title='bbox 2058 3319 2149 3383; x_wconf 91' lang='lat' dir='ltr'><strong>cuius</strong></span> <span class='ocrx_word' id='word_1_332' title='bbox 2171 3341 2272 3382; x_wconf 88' lang='lat' dir='ltr'><strong>manu</strong></span> <span class='ocrx_word' id='word_1_333' title='bbox 2291 3319 2390 3382; x_wconf 90' lang='lat' dir='ltr'><strong>susti-</strong></span> 
     </span>
     <span class='ocr_line' id='line_1_24' title="bbox 390 3429 2390 3513; baseline -0.001 -18"><span class='ocrx_word' id='word_1_334' title='bbox 390 3432 444 3512; x_wconf 92' lang='lat' dir='ltr'><strong>qui</strong></span> <span class='ocrx_word' id='word_1_335' title='bbox 466 3431 575 3495; x_wconf 91' lang='lat' dir='ltr'><strong>oeulos</strong></span> <span class='ocrx_word' id='word_1_336' title='bbox 597 3430 733 3507; x_wconf 88' lang='lat' dir='ltr'><strong>habent,</strong></span> <span class='ocrx_word' id='word_1_337' title='bbox 757 3450 823 3493; x_wconf 91' lang='lat' dir='ltr'><strong>non</strong></span> <span class='ocrx_word' id='word_1_338' title='bbox 845 3452 947 3494; x_wconf 93' lang='lat' dir='ltr'><strong>unum</strong></span> <span class='ocrx_word' id='word_1_339' title='bbox 969 3453 1060 3495; x_wconf 89' lang='lat' dir='ltr'><strong>mare</strong></span> <span class='ocrx_word' id='word_1_340' title='bbox 1082 3432 1243 3495; x_wconf 85' lang='lat' dir='ltr'><strong>malorum</strong></span> <span class='ocrx_word' id='word_1_341' title='bbox 1265 3430 1362 3494; x_wconf 92' lang='lat' dir='ltr'><strong>inun-</strong></span> <span class='ocrx_word' id='word_1_342' title='bbox 1414 3437 1519 3508; x_wconf 89' lang='lat' dir='ltr'><strong>netur,</strong></span> <span class='ocrx_word' id='word_1_343' title='bbox 1542 3431 1634 3495; x_wconf 91' lang='lat' dir='ltr'><strong>cuius</strong></span> <span class='ocrx_word' id='word_1_344' title='bbox 1652 3431 1812 3513; x_wconf 90' lang='lat' dir='ltr'><strong>praesidio</strong></span> <span class='ocrx_word' id='word_1_345' title='bbox 1831 3430 2024 3507; x_wconf 88' lang='lat' dir='ltr'><strong>defenditur,</strong></span> <span class='ocrx_word' id='word_1_346' title='bbox 2045 3430 2137 3493; x_wconf 89' lang='lat' dir='ltr'><strong>euius</strong></span> <span class='ocrx_word' id='word_1_347' title='bbox 2155 3429 2276 3493; x_wconf 85' lang='lat' dir='ltr'><strong>virtute</strong></span> <span class='ocrx_word' id='word_1_348' title='bbox 2294 3450 2390 3493; x_wconf 91' lang='lat' dir='ltr'><strong>suam</strong></span> 
     </span>
     <span class='ocr_line' id='line_1_25' title="bbox 378 3539 2390 3624; baseline -0.001 -17"><span class='ocrx_word' id='word_1_349' title='bbox 378 3540 491 3618; x_wconf 74' lang='lat' dir='ltr'><strong>&#39;deasq</strong></span> <span class='ocrx_word' id='word_1_350' title='bbox 514 3542 635 3607; x_wconf 89' lang='lat' dir='ltr'><strong>multas</strong></span> <span class='ocrx_word' id='word_1_351' title='bbox 652 3542 792 3605; x_wconf 90' lang='lat' dir='ltr'><strong>sonticas</strong></span> <span class='ocrx_word' id='word_1_352' title='bbox 809 3548 918 3624; x_wconf 84' lang='lat' dir='ltr'><strong>pestes</strong></span> <span class='ocrx_word' id='word_1_353' title='bbox 935 3542 1093 3607; x_wconf 87' lang='lat' dir='ltr'><strong>invasisse</strong></span> <span class='ocrx_word' id='word_1_354' title='bbox 1111 3542 1230 3620; x_wconf 90' lang='lat' dir='ltr'><strong>orbem,</strong></span> <span class='ocrx_word' id='word_1_355' title='bbox 1254 3543 1363 3605; x_wconf 89' lang='lat' dir='ltr'><strong>omnia</strong></span> <span class='ocrx_word' id='word_1_356' title='bbox 1413 3541 1669 3607; x_wconf 87' lang='lat' dir='ltr'><strong>incolumitatem</strong></span> <span class='ocrx_word' id='word_1_357' title='bbox 1690 3544 1817 3606; x_wconf 89' lang='lat' dir='ltr'><strong>retinet.</strong></span> <span class='ocrx_word' id='word_1_358' title='bbox 1862 3541 2050 3606; x_wconf 84' lang='lat' dir='ltr'><strong>Praestabit</strong></span> <span class='ocrx_word' id='word_1_359' title='bbox 2071 3541 2158 3603; x_wconf 91' lang='lat' dir='ltr'><strong>enim</strong></span> <span class='ocrx_word' id='word_1_360' title='bbox 2179 3540 2235 3604; x_wconf 92' lang='lat' dir='ltr'><strong>ille</strong></span> <span class='ocrx_word' id='word_1_361' title='bbox 2254 3539 2390 3605; x_wconf 90' lang='lat' dir='ltr'><strong>indubie</strong></span> 
     </span>
     <span class='ocr_line' id='line_1_26' title="bbox 388 3651 2389 3737; baseline 0 -21"><span class='ocrx_word' id='word_1_362' title='bbox 388 3653 422 3717; x_wconf 92' lang='lat' dir='ltr'><strong>in</strong></span> <span class='ocrx_word' id='word_1_363' title='bbox 444 3675 599 3737; x_wconf 87' lang='lat' dir='ltr'><strong>praeceps</strong></span> <span class='ocrx_word' id='word_1_364' title='bbox 620 3674 728 3718; x_wconf 88' lang='lat' dir='ltr'><strong>ruere:</strong></span> <span class='ocrx_word' id='word_1_365' title='bbox 756 3661 794 3716; x_wconf 93' lang='lat' dir='ltr'><strong>ut</strong></span> <span class='ocrx_word' id='word_1_366' title='bbox 813 3663 870 3716; x_wconf 88' lang='lat' dir='ltr'><strong>aut</strong></span> <span class='ocrx_word' id='word_1_367' title='bbox 891 3673 1022 3734; x_wconf 86' lang='lat' dir='ltr'><strong>prorsus</strong></span> <span class='ocrx_word' id='word_1_368' title='bbox 1044 3675 1097 3717; x_wconf 90' lang='lat' dir='ltr'><strong>res</strong></span> <span class='ocrx_word' id='word_1_369' title='bbox 1119 3653 1283 3717; x_wconf 90' lang='lat' dir='ltr'><strong>humanae</strong></span> <span class='ocrx_word' id='word_1_370' title='bbox 1305 3652 1361 3716; x_wconf 90' lang='lat' dir='ltr'><strong>de·</strong></span> <span class='ocrx_word' id='word_1_371' title='bbox 1413 3653 1499 3736; x_wconf 90' lang='lat' dir='ltr'><strong>quod</strong></span> <span class='ocrx_word' id='word_1_372' title='bbox 1521 3654 1622 3718; x_wconf 88' lang='lat' dir='ltr'><strong>semel</strong></span> <span class='ocrx_word' id='word_1_373' title='bbox 1639 3655 1770 3735; x_wconf 86' lang='lat' dir='ltr'><strong>recepit,</strong></span> <span class='ocrx_word' id='word_1_374' title='bbox 1794 3674 1828 3717; x_wconf 93' lang='lat' dir='ltr'><strong>se</strong></span> <span class='ocrx_word' id='word_1_375' title='bbox 1847 3654 2026 3716; x_wconf 88' lang='lat' dir='ltr'><strong>affuturum</strong></span> <span class='ocrx_word' id='word_1_376' title='bbox 2043 3651 2110 3715; x_wconf 90' lang='lat' dir='ltr'><strong>suis</strong></span> <span class='ocrx_word' id='word_1_377' title='bbox 2130 3672 2233 3733; x_wconf 92' lang='lat' dir='ltr'><strong>usque</strong></span> <span class='ocrx_word' id='word_1_378' title='bbox 2252 3651 2294 3715; x_wconf 89' lang='lat' dir='ltr'><strong>ad</strong></span> <span class='ocrx_word' id='word_1_379' title='bbox 2311 3672 2389 3716; x_wconf 92' lang='lat' dir='ltr'><strong>con·</strong></span> 
     </span>
     <span class='ocr_line' id='line_1_27' title="bbox 388 3761 2407 3848; baseline 0.001 -20"><span class='ocrx_word' id='word_1_380' title='bbox 388 3764 564 3848; x_wconf 84' lang='lat' dir='ltr'><strong>plorandae</strong></span> <span class='ocrx_word' id='word_1_381' title='bbox 593 3766 673 3842; x_wconf 89' lang='lat' dir='ltr'><strong>sint,</strong></span> <span class='ocrx_word' id='word_1_382' title='bbox 708 3772 765 3828; x_wconf 90' lang='lat' dir='ltr'><strong>aut</strong></span> <span class='ocrx_word' id='word_1_383' title='bbox 785 3765 886 3829; x_wconf 91' lang='lat' dir='ltr'><strong>tantis</strong></span> <span class='ocrx_word' id='word_1_384' title='bbox 910 3765 1006 3829; x_wconf 90' lang='lat' dir='ltr'><strong>malis</strong></span> <span class='ocrx_word' id='word_1_385' title='bbox 1037 3765 1211 3830; x_wconf 89' lang='lat' dir='ltr'><strong>iniicienda</strong></span> <span class='ocrx_word' id='word_1_386' title='bbox 1233 3785 1359 3840; x_wconf 91' lang='lat' dir='ltr'><strong>manus,</strong></span> <span class='ocrx_word' id='word_1_387' title='bbox 1414 3767 1664 3829; x_wconf 88' lang='lat' dir='ltr'><strong>summationem</strong></span> <span class='ocrx_word' id='word_1_388' title='bbox 1694 3764 1814 3829; x_wconf 89' lang='lat' dir='ltr'><strong>saeculi</strong></span> <span class='ocrx_word' id='word_1_389' title='bbox 1852 3761 1988 3848; x_wconf 88' lang='lat' dir='ltr'><strong>(Matth.</strong></span> <span class='ocrx_word' id='word_1_390' title='bbox 2018 3766 2074 3840; x_wconf 81' lang='lat'><strong>28,</strong></span> <span class='ocrx_word' id='word_1_391' title='bbox 2091 3761 2167 3847; x_wconf 61' lang='grc'><strong>20),</strong></span> <span class='ocrx_word' id='word_1_392' title='bbox 2219 3763 2407 3830; x_wconf 86' lang='lat' dir='ltr'><strong>Adversus</strong></span> 
     </span>
     <span class='ocr_line' id='line_1_28' title="bbox 389 3873 2389 3960; baseline 0 -21"><span class='ocrx_word' id='word_1_393' title='bbox 389 3877 443 3939; x_wconf 87' lang='lat' dir='ltr'><strong>vel</strong></span> <span class='ocrx_word' id='word_1_394' title='bbox 473 3877 580 3958; x_wconf 92' lang='lat' dir='ltr'><strong>potins</strong></span> <span class='ocrx_word' id='word_1_395' title='bbox 608 3877 658 3955; x_wconf 82' lang='lat' dir='ltr'><strong>vis</strong></span> <span class='ocrx_word' id='word_1_396' title='bbox 692 3875 865 3940; x_wconf 81' lang='lat' dir='ltr'><strong>afferenda.</strong></span> <span class='ocrx_word' id='word_1_397' title='bbox 916 3876 963 3939; x_wconf 92' lang='lat' dir='ltr'><strong>Et</strong></span> <span class='ocrx_word' id='word_1_398' title='bbox 996 3875 1138 3960; x_wconf 88' lang='lat' dir='ltr'><strong>abigitur</strong></span> <span class='ocrx_word' id='word_1_399' title='bbox 1169 3876 1359 3952; x_wconf 77' lang='lat' dir='ltr'><strong>remedium,</strong></span> <span class='ocrx_word' id='word_1_400' title='bbox 1413 3899 1486 3941; x_wconf 90' lang='lat' dir='ltr'><strong>eam</strong></span> <span class='ocrx_word' id='word_1_401' title='bbox 1514 3876 1606 3940; x_wconf 90' lang='lat' dir='ltr'><strong>nulla</strong></span> <span class='ocrx_word' id='word_1_402' title='bbox 1633 3897 1721 3940; x_wconf 91' lang='lat' dir='ltr'><strong>nune</strong></span> <span class='ocrx_word' id='word_1_403' title='bbox 1748 3874 1841 3939; x_wconf 91' lang='lat' dir='ltr'><strong>nobis</strong></span> <span class='ocrx_word' id='word_1_404' title='bbox 1868 3895 1981 3957; x_wconf 89' lang='lat' dir='ltr'><strong>pugna</strong></span> <span class='ocrx_word' id='word_1_405' title='bbox 2002 3882 2067 3952; x_wconf 90' lang='lat' dir='ltr'><strong>est,</strong></span> <span class='ocrx_word' id='word_1_406' title='bbox 2096 3873 2256 3956; x_wconf 91' lang='lat' dir='ltr'><strong>siquidem</strong></span> <span class='ocrx_word' id='word_1_407' title='bbox 2278 3876 2389 3939; x_wconf 92' lang='lat' dir='ltr'><strong>Deum</strong></span> 
     </span>
     <span class='ocr_line' id='line_1_29' title="bbox 389 3985 2388 4069; baseline -0.001 -18"><span class='ocrx_word' id='word_1_408' title='bbox 389 4008 455 4051; x_wconf 91' lang='lat' dir='ltr'><strong>non</strong></span> <span class='ocrx_word' id='word_1_409' title='bbox 478 3987 541 4052; x_wconf 87' lang='lat' dir='ltr'><strong>alia</strong></span> <span class='ocrx_word' id='word_1_410' title='bbox 570 3989 697 4051; x_wconf 90' lang='lat' dir='ltr'><strong>ratione</strong></span> <span class='ocrx_word' id='word_1_411' title='bbox 724 3988 788 4052; x_wconf 92' lang='lat' dir='ltr'><strong>nisi</strong></span> <span class='ocrx_word' id='word_1_412' title='bbox 816 3988 891 4068; x_wconf 87' lang='lat' dir='ltr'><strong>quia</strong></span> <span class='ocrx_word' id='word_1_413' title='bbox 917 3987 1110 4069; x_wconf 89' lang='lat' dir='ltr'><strong>iampridem</strong></span> <span class='ocrx_word' id='word_1_414' title='bbox 1132 3988 1227 4052; x_wconf 83' lang='lat' dir='ltr'><strong>maha</strong></span> <span class='ocrx_word' id='word_1_415' title='bbox 1250 4008 1360 4052; x_wconf 88' lang='lat' dir='ltr'><strong>assue-</strong></span> <span class='ocrx_word' id='word_1_416' title='bbox 1413 4009 1517 4052; x_wconf 91' lang='lat' dir='ltr'><strong>unum</strong></span> <span class='ocrx_word' id='word_1_417' title='bbox 1548 3995 1582 4051; x_wconf 92' lang='lat' dir='ltr'><strong>et</strong></span> <span class='ocrx_word' id='word_1_418' title='bbox 1608 3985 1778 4051; x_wconf 81' lang='lat' dir='ltr'><strong>Christum</strong></span> <span class='ocrx_word' id='word_1_419' title='bbox 1812 3986 1978 4051; x_wconf 90' lang='lat' dir='ltr'><strong>dominum</strong></span> <span class='ocrx_word' id='word_1_420' title='bbox 2008 4006 2073 4049; x_wconf 91' lang='lat' dir='ltr'><strong>uno</strong></span> <span class='ocrx_word' id='word_1_421' title='bbox 2102 4006 2277 4062; x_wconf 91' lang='lat' dir='ltr'><strong>consensu,</strong></span> <span class='ocrx_word' id='word_1_422' title='bbox 2312 4007 2388 4050; x_wconf 91' lang='lat' dir='ltr'><strong>eum</strong></span> 
     </span>
     <span class='ocr_line' id='line_1_30' title="bbox 387 4095 2389 4183; baseline -0.001 -20"><span class='ocrx_word' id='word_1_423' title='bbox 387 4100 503 4163; x_wconf 84' lang='lat' dir='ltr'><strong>vimus.</strong></span> <span class='ocrx_word' id='word_1_424' title='bbox 519 4097 543 4183; x_wconf 90' lang='lat'><strong>¹)</strong></span> <span class='ocrx_word' id='word_1_425' title='bbox 587 4096 655 4163; x_wconf 81' lang='lat' dir='ltr'><strong>Sed</strong></span> <span class='ocrx_word' id='word_1_426' title='bbox 681 4099 788 4164; x_wconf 91' lang='lat' dir='ltr'><strong>locum</strong></span> <span class='ocrx_word' id='word_1_427' title='bbox 809 4120 886 4163; x_wconf 92' lang='lat' dir='ltr'><strong>sane</strong></span> <span class='ocrx_word' id='word_1_428' title='bbox 916 4099 1034 4163; x_wconf 90' lang='lat' dir='ltr'><strong>habeat</strong></span> <span class='ocrx_word' id='word_1_429' title='bbox 1060 4099 1095 4162; x_wconf 91' lang='lat' dir='ltr'><strong>in</strong></span> <span class='ocrx_word' id='word_1_430' title='bbox 1116 4099 1285 4163; x_wconf 91' lang='lat' dir='ltr'><strong>hominum</strong></span> <span class='ocrx_word' id='word_1_431' title='bbox 1308 4119 1361 4162; x_wconf 93' lang='lat' dir='ltr'><strong>so-</strong></span> <span class='ocrx_word' id='word_1_432' title='bbox 1413 4100 1503 4162; x_wconf 90' lang='lat' dir='ltr'><strong>omni</strong></span> <span class='ocrx_word' id='word_1_433' title='bbox 1524 4097 1670 4162; x_wconf 91' lang='lat' dir='ltr'><strong>fidelium</strong></span> <span class='ocrx_word' id='word_1_434' title='bbox 1686 4097 1815 4180; x_wconf 92' lang='lat' dir='ltr'><strong>populo,</strong></span> <span class='ocrx_word' id='word_1_435' title='bbox 1838 4098 1976 4163; x_wconf 90' lang='lat' dir='ltr'><strong>colimus</strong></span> <span class='ocrx_word' id='word_1_436' title='bbox 1994 4106 2027 4160; x_wconf 93' lang='lat' dir='ltr'><strong>et</strong></span> <span class='ocrx_word' id='word_1_437' title='bbox 2043 4095 2225 4175; x_wconf 88' lang='lat' dir='ltr'><strong>adoramus,</strong></span> <span class='ocrx_word' id='word_1_438' title='bbox 2249 4097 2389 4179; x_wconf 88' lang='lat' dir='ltr'><strong>qualiter</strong></span> 
     </span>
     <span class='ocr_line' id='line_1_31' title="bbox 388 4206 2388 4293; baseline -0.002 -18"><span class='ocrx_word' id='word_1_439' title='bbox 388 4212 505 4276; x_wconf 85' lang='lat' dir='ltr'><strong>cietate</strong></span> <span class='ocrx_word' id='word_1_440' title='bbox 537 4210 685 4291; x_wconf 89' lang='lat' dir='ltr'><strong>publicus</strong></span> <span class='ocrx_word' id='word_1_441' title='bbox 715 4231 805 4274; x_wconf 89' lang='lat' dir='ltr'><strong>error</strong></span> <span class='ocrx_word' id='word_1_442' title='bbox 812 4233 819 4289; x_wconf 94' lang='lat'>;</span> <span class='ocrx_word' id='word_1_443' title='bbox 858 4211 894 4273; x_wconf 90' lang='lat' dir='ltr'><strong>in</strong></span> <span class='ocrx_word' id='word_1_444' title='bbox 919 4231 1020 4293; x_wconf 87' lang='lat' dir='ltr'><strong>regno</strong></span> <span class='ocrx_word' id='word_1_445' title='bbox 1052 4219 1164 4274; x_wconf 90' lang='lat' dir='ltr'><strong>tamen</strong></span> <span class='ocrx_word' id='word_1_446' title='bbox 1195 4211 1259 4274; x_wconf 91' lang='lat' dir='ltr'><strong>Dei</strong></span> <span class='ocrx_word' id='word_1_447' title='bbox 1292 4210 1361 4274; x_wconf 91' lang='lat' dir='ltr'><strong>sola</strong></span> <span class='ocrx_word' id='word_1_448' title='bbox 1414 4230 1543 4291; x_wconf 89' lang='lat' dir='ltr'><strong>semper</strong></span> <span class='ocrx_word' id='word_1_449' title='bbox 1564 4209 1604 4273; x_wconf 91' lang='lat' dir='ltr'><strong>ab</strong></span> <span class='ocrx_word' id='word_1_450' title='bbox 1627 4210 1778 4273; x_wconf 91' lang='lat' dir='ltr'><strong>omnibus</strong></span> <span class='ocrx_word' id='word_1_451' title='bbox 1799 4211 1861 4291; x_wconf 93' lang='lat' dir='ltr'><strong>piis</strong></span> <span class='ocrx_word' id='word_1_452' title='bbox 1881 4206 2037 4272; x_wconf 88' lang='lat' dir='ltr'><strong>adoratus</strong></span> <span class='ocrx_word' id='word_1_453' title='bbox 2058 4215 2115 4272; x_wconf 88' lang='lat' dir='ltr'><strong>est</strong></span> <span class='ocrx_word' id='word_1_454' title='bbox 2157 4206 2224 4272; x_wconf 83' lang='lat' dir='ltr'><strong>Sed</strong></span> <span class='ocrx_word' id='word_1_455' title='bbox 2246 4228 2312 4272; x_wconf 92' lang='lat' dir='ltr'><strong>non</strong></span> <span class='ocrx_word' id='word_1_456' title='bbox 2329 4229 2388 4289; x_wconf 84' lang='lat' dir='ltr'><strong>pa·</strong></span> 
     </span>
     <span class='ocr_line' id='line_1_32' title="bbox 387 4319 2388 4403; baseline -0.003 -17"><span class='ocrx_word' id='word_1_457' title='bbox 387 4324 456 4387; x_wconf 90' lang='lat' dir='ltr'><strong>eius</strong></span> <span class='ocrx_word' id='word_1_458' title='bbox 496 4329 631 4386; x_wconf 86' lang='lat' dir='ltr'><strong>aeterna</strong></span> <span class='ocrx_word' id='word_1_459' title='bbox 662 4323 784 4388; x_wconf 84' lang='lat' dir='ltr'><strong>veritae</strong></span> <span class='ocrx_word' id='word_1_460' title='bbox 826 4321 987 4385; x_wconf 87' lang='lat' dir='ltr'><strong>audienda</strong></span> <span class='ocrx_word' id='word_1_461' title='bbox 1024 4328 1057 4384; x_wconf 92' lang='lat' dir='ltr'><strong>et</strong></span> <span class='ocrx_word' id='word_1_462' title='bbox 1094 4319 1270 4403; x_wconf 89' lang='lat' dir='ltr'><strong>spectanda</strong></span> <span class='ocrx_word' id='word_1_463' title='bbox 1301 4327 1359 4398; x_wconf 90' lang='lat' dir='ltr'><strong>est,</strong></span> <span class='ocrx_word' id='word_1_464' title='bbox 1413 4342 1487 4384; x_wconf 89' lang='lat' dir='ltr'><strong>rum</strong></span> <span class='ocrx_word' id='word_1_465' title='bbox 1510 4340 1623 4383; x_wconf 89' lang='lat' dir='ltr'><strong>avero</strong></span> <span class='ocrx_word' id='word_1_466' title='bbox 1641 4322 1703 4403; x_wconf 91' lang='lat' dir='ltr'><strong>ipsi</strong></span> <span class='ocrx_word' id='word_1_467' title='bbox 1721 4320 1882 4399; x_wconf 88' lang='lat' dir='ltr'><strong>aberrant,</strong></span> <span class='ocrx_word' id='word_1_468' title='bbox 1902 4319 1981 4383; x_wconf 92' lang='lat' dir='ltr'><strong>dum</strong></span> <span class='ocrx_word' id='word_1_469' title='bbox 1999 4319 2169 4384; x_wconf 88' lang='lat' dir='ltr'><strong>ecclesiam</strong></span> <span class='ocrx_word' id='word_1_470' title='bbox 2187 4339 2252 4382; x_wconf 90' lang='lat' dir='ltr'><strong>non</strong></span> <span class='ocrx_word' id='word_1_471' title='bbox 2270 4337 2388 4399; x_wconf 87' lang='lat' dir='ltr'><strong>agnos·</strong></span> 
     </span>
     <span class='ocr_line' id='line_1_33' title="bbox 386 4424 2387 4514; baseline -0.003 -16"><span class='ocrx_word' id='word_1_472' title='bbox 386 4436 439 4499; x_wconf 91' lang='lat' dir='ltr'><strong>cui</strong></span> <span class='ocrx_word' id='word_1_473' title='bbox 461 4434 553 4498; x_wconf 89' lang='lat' dir='ltr'><strong>nulla</strong></span> <span class='ocrx_word' id='word_1_474' title='bbox 581 4455 740 4497; x_wconf 88' lang='lat' dir='ltr'><strong>annorum</strong></span> <span class='ocrx_word' id='word_1_475' title='bbox 762 4434 860 4511; x_wconf 89' lang='lat' dir='ltr'><strong>serie,</strong></span> <span class='ocrx_word' id='word_1_476' title='bbox 888 4433 980 4496; x_wconf 92' lang='lat' dir='ltr'><strong>nulla</strong></span> <span class='ocrx_word' id='word_1_477' title='bbox 1000 4430 1246 4509; x_wconf 89' lang='lat' dir='ltr'><strong>consuetudine,</strong></span> <span class='ocrx_word' id='word_1_478' title='bbox 1270 4424 1362 4495; x_wconf 89' lang='lat' dir='ltr'><strong>nulla</strong></span> <span class='ocrx_word' id='word_1_479' title='bbox 1414 4440 1493 4496; x_wconf 93' lang='lat' dir='ltr'><strong>eunt</strong></span> <span class='ocrx_word' id='word_1_480' title='bbox 1514 4433 1576 4496; x_wconf 92' lang='lat' dir='ltr'><strong>nisi</strong></span> <span class='ocrx_word' id='word_1_481' title='bbox 1606 4453 1705 4513; x_wconf 90' lang='lat' dir='ltr'><strong>quam</strong></span> <span class='ocrx_word' id='word_1_482' title='bbox 1726 4432 1889 4514; x_wconf 88' lang='lat' dir='ltr'><strong>praesenti</strong></span> <span class='ocrx_word' id='word_1_483' title='bbox 1912 4430 2005 4495; x_wconf 87' lang='lat' dir='ltr'><strong>oculo</strong></span> <span class='ocrx_word' id='word_1_484' title='bbox 2027 4435 2175 4503; x_wconf 89' lang='lat' dir='ltr'><strong>cernant,</strong></span> <span class='ocrx_word' id='word_1_485' title='bbox 2199 4436 2232 4490; x_wconf 90' lang='lat' dir='ltr'><strong>et</strong></span> <span class='ocrx_word' id='word_1_486' title='bbox 2253 4427 2387 4492; x_wconf 87' lang='lat' dir='ltr'><strong>samiis</strong></span> 
     </span>
     <span class='ocr_line' id='line_1_34' title="bbox 387 4538 2387 4627; baseline -0.005 -16"><span class='ocrx_word' id='word_1_487' title='bbox 387 4546 610 4611; x_wconf 90' lang='lat' dir='ltr'><strong>coniuratione</strong></span> <span class='ocrx_word' id='word_1_488' title='bbox 632 4546 808 4627; x_wconf 89' lang='lat' dir='ltr'><strong>praescribi</strong></span> <span class='ocrx_word' id='word_1_489' title='bbox 828 4552 943 4627; x_wconf 88' lang='lat' dir='ltr'><strong>potest.</strong></span> <span class='ocrx_word' id='word_1_490' title='bbox 979 4543 1036 4610; x_wconf 84' lang='lat' dir='ltr'><strong>Sic</strong></span> <span class='ocrx_word' id='word_1_491' title='bbox 1058 4542 1222 4625; x_wconf 90' lang='lat' dir='ltr'><strong>quondam</strong></span> <span class='ocrx_word' id='word_1_492' title='bbox 1243 4542 1360 4607; x_wconf 88' lang='lat' dir='ltr'><strong>electes</strong></span> <span class='ocrx_word' id='word_1_493' title='bbox 1413 4544 1533 4607; x_wconf 90' lang='lat' dir='ltr'><strong>finibus</strong></span> <span class='ocrx_word' id='word_1_494' title='bbox 1560 4544 1823 4608; x_wconf 87' lang='lat' dir='ltr'><strong>circumscribere</strong></span> <span class='ocrx_word' id='word_1_495' title='bbox 1846 4548 2005 4608; x_wconf 88' lang='lat' dir='ltr'><strong>conantur</strong></span> <span class='ocrx_word' id='word_1_496' title='bbox 2026 4541 2144 4622; x_wconf 91' lang='lat' dir='ltr'><strong>quibus</strong></span> <span class='ocrx_word' id='word_1_497' title='bbox 2172 4538 2306 4600; x_wconf 92' lang='lat' dir='ltr'><strong>minime</strong></span> <span class='ocrx_word' id='word_1_498' title='bbox 2334 4538 2387 4601; x_wconf 89' lang='lat' dir='ltr'><strong>in·</strong></span> 
     </span>
     <span class='ocr_line' id='line_1_35' title="bbox 387 4648 2388 4740; baseline -0.003 -19"><span class='ocrx_word' id='word_1_499' title='bbox 387 4659 451 4721; x_wconf 89' lang='lat' dir='ltr'><strong>Dei</strong></span> <span class='ocrx_word' id='word_1_500' title='bbox 474 4655 609 4722; x_wconf 89' lang='lat' dir='ltr'><strong>docebat</strong></span> <span class='ocrx_word' id='word_1_501' title='bbox 628 4657 751 4721; x_wconf 91' lang='lat' dir='ltr'><strong>Iesaias</strong></span> <span class='ocrx_word' id='word_1_502' title='bbox 773 4656 817 4739; x_wconf 83' lang='lat'><strong>(8,</strong></span> <span class='ocrx_word' id='word_1_503' title='bbox 840 4657 903 4740; x_wconf 82' lang='lat'><strong>12),</strong></span> <span class='ocrx_word' id='word_1_504' title='bbox 925 4676 967 4719; x_wconf 90' lang='lat' dir='ltr'><strong>ne</strong></span> <span class='ocrx_word' id='word_1_505' title='bbox 987 4655 1134 4721; x_wconf 89' lang='lat' dir='ltr'><strong>dicerent</strong></span> <span class='ocrx_word' id='word_1_506' title='bbox 1155 4655 1359 4736; x_wconf 90' lang='lat' dir='ltr'><strong>conspiratio,</strong></span> <span class='ocrx_word' id='word_1_507' title='bbox 1414 4654 1505 4719; x_wconf 92' lang='lat' dir='ltr'><strong>clusa</strong></span> <span class='ocrx_word' id='word_1_508' title='bbox 1537 4663 1594 4719; x_wconf 88' lang='lat' dir='ltr'><strong>est</strong></span> <span class='ocrx_word' id='word_1_509' title='bbox 1649 4655 1692 4718; x_wconf 95' lang='lat' dir='ltr'><strong>In</strong></span> <span class='ocrx_word' id='word_1_510' title='bbox 1725 4655 1776 4721; x_wconf 93' lang='lat' dir='ltr'><strong>his</strong></span> <span class='ocrx_word' id='word_1_511' title='bbox 1804 4654 1991 4721; x_wconf 88' lang='lat' dir='ltr'><strong>cardinibus</strong></span> <span class='ocrx_word' id='word_1_512' title='bbox 2019 4648 2241 4715; x_wconf 88' lang='lat' dir='ltr'><strong>controversia</strong></span> <span class='ocrx_word' id='word_1_513' title='bbox 2273 4656 2388 4729; x_wconf 86' lang='lat' dir='ltr'><strong>nostra</strong></span> 
     </span>
     <span class='ocr_line' id='line_1_36' title="bbox 388 4759 2389 4850; baseline -0.003 -20"><span class='ocrx_word' id='word_1_514' title='bbox 388 4767 429 4830; x_wconf 93' lang='lat' dir='ltr'><strong>ad</strong></span> <span class='ocrx_word' id='word_1_515' title='bbox 461 4769 570 4832; x_wconf 88' lang='lat' dir='ltr'><strong>omnia</strong></span> <span class='ocrx_word' id='word_1_516' title='bbox 601 4768 637 4830; x_wconf 94' lang='lat' dir='ltr'><strong>in</strong></span> <span class='ocrx_word' id='word_1_517' title='bbox 670 4768 785 4848; x_wconf 91' lang='lat' dir='ltr'><strong>quibus</strong></span> <span class='ocrx_word' id='word_1_518' title='bbox 819 4767 958 4850; x_wconf 90' lang='lat' dir='ltr'><strong>populus</strong></span> <span class='ocrx_word' id='word_1_519' title='bbox 991 4767 1119 4832; x_wconf 91' lang='lat' dir='ltr'><strong>dicebat</strong></span> <span class='ocrx_word' id='word_1_520' title='bbox 1155 4766 1359 4848; x_wconf 89' lang='lat' dir='ltr'><strong>conspiratio,</strong></span> <span class='ocrx_word' id='word_1_521' title='bbox 1414 4767 1570 4830; x_wconf 83' lang='lat' dir='ltr'><strong>vertitur:</strong></span> <span class='ocrx_word' id='word_1_522' title='bbox 1610 4768 1754 4849; x_wconf 88' lang='lat' dir='ltr'><strong>primum</strong></span> <span class='ocrx_word' id='word_1_523' title='bbox 1785 4766 1871 4849; x_wconf 92' lang='lat' dir='ltr'><strong>quod</strong></span> <span class='ocrx_word' id='word_1_524' title='bbox 1902 4762 2054 4828; x_wconf 82' lang='lat' dir='ltr'><strong>ecelesiae</strong></span> <span class='ocrx_word' id='word_1_525' title='bbox 2092 4759 2231 4822; x_wconf 89' lang='lat' dir='ltr'><strong>formam</strong></span> <span class='ocrx_word' id='word_1_526' title='bbox 2258 4780 2389 4843; x_wconf 89' lang='lat' dir='ltr'><strong>semper</strong></span> 
     </span>
     <span class='ocr_line' id='line_1_37' title="bbox 388 4869 2390 4961; baseline -0.004 -18"><span class='ocrx_word' id='word_1_527' title='bbox 388 4881 449 4944; x_wconf 94' lang='lat' dir='ltr'><strong>hoc</strong></span> <span class='ocrx_word' id='word_1_528' title='bbox 476 4887 541 4957; x_wconf 88' lang='lat' dir='ltr'><strong>est,</strong></span> <span class='ocrx_word' id='word_1_529' title='bbox 570 4900 612 4943; x_wconf 92' lang='lat' dir='ltr'><strong>ne</strong></span> <span class='ocrx_word' id='word_1_530' title='bbox 640 4880 674 4942; x_wconf 92' lang='lat' dir='ltr'><strong>in</strong></span> <span class='ocrx_word' id='word_1_531' title='bbox 704 4879 897 4944; x_wconf 88' lang='lat' dir='ltr'><strong>sceleratum</strong></span> <span class='ocrx_word' id='word_1_532' title='bbox 924 4879 1035 4961; x_wconf 90' lang='lat' dir='ltr'><strong>populi</strong></span> <span class='ocrx_word' id='word_1_533' title='bbox 1067 4900 1259 4943; x_wconf 90' lang='lat' dir='ltr'><strong>consensum</strong></span> <span class='ocrx_word' id='word_1_534' title='bbox 1293 4899 1361 4941; x_wconf 90' lang='lat' dir='ltr'><strong>una</strong></span> <span class='ocrx_word' id='word_1_535' title='bbox 1416 4898 1572 4958; x_wconf 90' lang='lat' dir='ltr'><strong>apparere</strong></span> <span class='ocrx_word' id='word_1_536' title='bbox 1606 4886 1639 4942; x_wconf 89' lang='lat' dir='ltr'><strong>et</strong></span> <span class='ocrx_word' id='word_1_537' title='bbox 1671 4878 1879 4959; x_wconf 89' lang='lat' dir='ltr'><strong>spectabilem</strong></span> <span class='ocrx_word' id='word_1_538' title='bbox 1913 4893 1983 4937; x_wconf 89' lang='lat' dir='ltr'><strong>esse</strong></span> <span class='ocrx_word' id='word_1_539' title='bbox 2021 4869 2237 4949; x_wconf 89' lang='lat' dir='ltr'><strong>contendunt,</strong></span> <span class='ocrx_word' id='word_1_540' title='bbox 2272 4871 2390 4936; x_wconf 90' lang='lat' dir='ltr'><strong>deinde</strong></span> 
     </span>
     <span class='ocr_line' id='line_1_38' title="bbox 386 4981 2390 5074; baseline -0.005 -20"><span class='ocrx_word' id='word_1_541' title='bbox 386 4993 451 5074; x_wconf 87' lang='lat' dir='ltr'><strong>ipsi</strong></span> <span class='ocrx_word' id='word_1_542' title='bbox 481 4991 720 5074; x_wconf 89' lang='lat' dir='ltr'><strong>conspirarent,</strong></span> <span class='ocrx_word' id='word_1_543' title='bbox 755 5012 837 5054; x_wconf 85' lang='lat' dir='ltr'><strong>neve</strong></span> <span class='ocrx_word' id='word_1_544' title='bbox 864 4991 1015 5055; x_wconf 91' lang='lat' dir='ltr'><strong>timorem</strong></span> <span class='ocrx_word' id='word_1_545' title='bbox 1041 4991 1110 5055; x_wconf 89' lang='lat' dir='ltr'><strong>eius</strong></span> <span class='ocrx_word' id='word_1_546' title='bbox 1142 4991 1295 5054; x_wconf 88' lang='lat' dir='ltr'><strong>timerent</strong></span> <span class='ocrx_word' id='word_1_547' title='bbox 1323 5011 1361 5055; x_wconf 92' lang='lat' dir='ltr'><strong>ac</strong></span> <span class='ocrx_word' id='word_1_548' title='bbox 1414 4988 1501 5069; x_wconf 93' lang='lat' dir='ltr'><strong>quod</strong></span> <span class='ocrx_word' id='word_1_549' title='bbox 1532 4989 1671 5053; x_wconf 85' lang='lat' dir='ltr'><strong>formam</strong></span> <span class='ocrx_word' id='word_1_550' title='bbox 1703 4989 1808 5071; x_wconf 90' lang='lat' dir='ltr'><strong>ipsam</strong></span> <span class='ocrx_word' id='word_1_551' title='bbox 1840 4988 1875 5049; x_wconf 90' lang='lat' dir='ltr'><strong>in</strong></span> <span class='ocrx_word' id='word_1_552' title='bbox 1903 4981 1978 5046; x_wconf 88' lang='lat' dir='ltr'><strong>sede</strong></span> <span class='ocrx_word' id='word_1_553' title='bbox 2005 5003 2158 5046; x_wconf 87' lang='lat' dir='ltr'><strong>romanae</strong></span> <span class='ocrx_word' id='word_1_554' title='bbox 2180 4982 2333 5047; x_wconf 88' lang='lat' dir='ltr'><strong>ecclesiae</strong></span> <span class='ocrx_word' id='word_1_555' title='bbox 2355 4988 2390 5045; x_wconf 92' lang='lat' dir='ltr'><strong>et</strong></span> 
     </span>
     <span class='ocr_line' id='line_1_39' title="bbox 385 5094 2390 5183; baseline -0.006 -16"><span class='ocrx_word' id='word_1_556' title='bbox 385 5102 613 5180; x_wconf 84' lang='lat' dir='ltr'><strong>formidarent,</strong></span> <span class='ocrx_word' id='word_1_557' title='bbox 647 5101 704 5166; x_wconf 92' lang='lat' dir='ltr'><strong>sed</strong></span> <span class='ocrx_word' id='word_1_558' title='bbox 737 5104 844 5183; x_wconf 88' lang='lat' dir='ltr'><strong>potius</strong></span> <span class='ocrx_word' id='word_1_559' title='bbox 875 5108 913 5165; x_wconf 93' lang='lat' dir='ltr'><strong>ut</strong></span> <span class='ocrx_word' id='word_1_560' title='bbox 945 5100 1126 5165; x_wconf 90' lang='lat' dir='ltr'><strong>Dominum</strong></span> <span class='ocrx_word' id='word_1_561' title='bbox 1159 5102 1360 5166; x_wconf 82' lang='lat' dir='ltr'><strong>exercituum</strong></span> <span class='ocrx_word' id='word_1_562' title='bbox 1413 5101 1602 5180; x_wconf 86' lang='lat' dir='ltr'><strong>praesulum</strong></span> <span class='ocrx_word' id='word_1_563' title='bbox 1626 5120 1762 5165; x_wconf 90' lang='lat' dir='ltr'><strong>suorum</strong></span> <span class='ocrx_word' id='word_1_564' title='bbox 1789 5096 1900 5161; x_wconf 92' lang='lat' dir='ltr'><strong>ordine</strong></span> <span class='ocrx_word' id='word_1_565' title='bbox 1928 5094 2138 5157; x_wconf 89' lang='lat' dir='ltr'><strong>constituunt.</strong></span> <span class='ocrx_word' id='word_1_566' title='bbox 2183 5095 2215 5158; x_wconf 94' lang='lat' dir='ltr'>N</span> <span class='ocrx_word' id='word_1_567' title='bbox 2217 5115 2252 5158; x_wconf 90' lang='lat' dir='ltr'><strong>cs</strong></span> <span class='ocrx_word' id='word_1_568' title='bbox 2274 5099 2390 5159; x_wconf 88' lang='lat' dir='ltr'><strong>contra</strong></span> 
     </span>
     <span class='ocr_line' id='line_1_40' title="bbox 387 5204 2387 5295; baseline -0.007 -17"><span class='ocrx_word' id='word_1_569' title='bbox 387 5214 643 5292; x_wconf 88' lang='lat' dir='ltr'><strong>sanctificarent,</strong></span> <span class='ocrx_word' id='word_1_570' title='bbox 672 5220 705 5276; x_wconf 91' lang='lat' dir='ltr'><strong>et</strong></span> <span class='ocrx_word' id='word_1_571' title='bbox 730 5213 800 5294; x_wconf 89' lang='lat' dir='ltr'><strong>ipse</strong></span> <span class='ocrx_word' id='word_1_572' title='bbox 822 5221 907 5277; x_wconf 92' lang='lat' dir='ltr'><strong>esset</strong></span> <span class='ocrx_word' id='word_1_573' title='bbox 934 5214 1033 5277; x_wconf 89' lang='lat' dir='ltr'><strong>timor</strong></span> <span class='ocrx_word' id='word_1_574' title='bbox 1052 5234 1165 5276; x_wconf 89' lang='lat' dir='ltr'><strong>eorum</strong></span> <span class='ocrx_word' id='word_1_575' title='bbox 1187 5220 1221 5275; x_wconf 91' lang='lat' dir='ltr'><strong>et</strong></span> <span class='ocrx_word' id='word_1_576' title='bbox 1249 5234 1359 5295; x_wconf 90' lang='lat' dir='ltr'><strong>pavor.</strong></span> <span class='ocrx_word' id='word_1_577' title='bbox 1414 5212 1603 5289; x_wconf 83' lang='lat' dir='ltr'><strong>asserimus,</strong></span> <span class='ocrx_word' id='word_1_578' title='bbox 1628 5218 1661 5275; x_wconf 90' lang='lat' dir='ltr'><strong>et</strong></span> <span class='ocrx_word' id='word_1_579' title='bbox 1683 5209 1850 5275; x_wconf 89' lang='lat' dir='ltr'><strong>ecclesiam</strong></span> <span class='ocrx_word' id='word_1_580' title='bbox 1872 5204 1970 5269; x_wconf 66' lang='lat' dir='ltr'><strong>nulla*</strong></span> <span class='ocrx_word' id='word_1_581' title='bbox 1984 5213 2160 5287; x_wconf 88' lang='lat' dir='ltr'><strong>apparente</strong></span> <span class='ocrx_word' id='word_1_582' title='bbox 2182 5206 2288 5269; x_wconf 87' lang='lat' dir='ltr'><strong>forma</strong></span> <span class='ocrx_word' id='word_1_583' title='bbox 2309 5223 2387 5267; x_wconf 90' lang='lat' dir='ltr'><strong>con·</strong></span> 
     </span>
     <span class='ocr_line' id='line_1_41' title="bbox 385 5313 2386 5406; baseline -0.006 -18"><span class='ocrx_word' id='word_1_584' title='bbox 385 5324 484 5389; x_wconf 90' lang='lat' dir='ltr'><strong>Nunc</strong></span> <span class='ocrx_word' id='word_1_585' title='bbox 501 5324 618 5405; x_wconf 88' lang='lat' dir='ltr'><strong>itaque,</strong></span> <span class='ocrx_word' id='word_1_586' title='bbox 637 5332 675 5388; x_wconf 88' lang='lat' dir='ltr'><strong>ut</strong></span> <span class='ocrx_word' id='word_1_587' title='bbox 691 5324 811 5401; x_wconf 82' lang='lat' dir='ltr'><strong>volent,</strong></span> <span class='ocrx_word' id='word_1_588' title='bbox 830 5332 862 5386; x_wconf 89' lang='lat' dir='ltr'><strong>et</strong></span> <span class='ocrx_word' id='word_1_589' title='bbox 878 5326 1055 5406; x_wconf 88' lang='lat' dir='ltr'><strong>praeterita</strong></span> <span class='ocrx_word' id='word_1_590' title='bbox 1070 5323 1201 5388; x_wconf 87' lang='lat' dir='ltr'><strong>saecula</strong></span> <span class='ocrx_word' id='word_1_591' title='bbox 1217 5330 1250 5387; x_wconf 89' lang='lat' dir='ltr'><strong>et</strong></span> <span class='ocrx_word' id='word_1_592' title='bbox 1266 5345 1361 5406; x_wconf 88' lang='lat' dir='ltr'><strong>prae·</strong></span> <span class='ocrx_word' id='word_1_593' title='bbox 1414 5330 1501 5387; x_wconf 86' lang='lat' dir='ltr'><strong>stare</strong></span> <span class='ocrx_word' id='word_1_594' title='bbox 1531 5344 1638 5406; x_wconf 89' lang='lat' dir='ltr'><strong>posse,</strong></span> <span class='ocrx_word' id='word_1_595' title='bbox 1678 5341 1737 5384; x_wconf 89' lang='lat' dir='ltr'><strong>nec</strong></span> <span class='ocrx_word' id='word_1_596' title='bbox 1772 5319 1910 5381; x_wconf 87' lang='lat' dir='ltr'><strong>formam</strong></span> <span class='ocrx_word' id='word_1_597' title='bbox 1942 5326 2078 5382; x_wconf 87' lang='lat' dir='ltr'><strong>externo</strong></span> <span class='ocrx_word' id='word_1_598' title='bbox 2115 5316 2171 5379; x_wconf 91' lang='lat' dir='ltr'><strong>illo</strong></span> <span class='ocrx_word' id='word_1_599' title='bbox 2204 5313 2386 5395; x_wconf 90' lang='lat' dir='ltr'><strong>splendore,</strong></span> 
     </span>
     <span class='ocr_line' id='line_1_42' title="bbox 386 5434 1361 5517; baseline 0 -18"><span class='ocrx_word' id='word_1_600' title='bbox 386 5436 493 5500; x_wconf 89' lang='lat' dir='ltr'><strong>sentia</strong></span> <span class='ocrx_word' id='word_1_601' title='bbox 514 5436 664 5517; x_wconf 85' lang='lat' dir='ltr'><strong>exempla</strong></span> <span class='ocrx_word' id='word_1_602' title='bbox 691 5434 786 5499; x_wconf 92' lang='lat' dir='ltr'><strong>nobis</strong></span> <span class='ocrx_word' id='word_1_603' title='bbox 808 5434 986 5511; x_wconf 89' lang='lat' dir='ltr'><strong>obiectent,</strong></span> <span class='ocrx_word' id='word_1_604' title='bbox 1016 5435 1044 5499; x_wconf 92' lang='lat' dir='ltr'><strong>si</strong></span> <span class='ocrx_word' id='word_1_605' title='bbox 1064 5435 1245 5498; x_wconf 90' lang='lat' dir='ltr'><strong>Dominum</strong></span> <span class='ocrx_word' id='word_1_606' title='bbox 1267 5456 1361 5499; x_wconf 88' lang='lat' dir='ltr'><strong>exer·</strong></span> 
     </span>
     <span class='ocr_line' id='line_1_43' title="bbox 1483 5575 2387 5654; baseline -0.011 -16"><span class='ocrx_word' id='word_1_607' title='bbox 1483 5586 1511 5654; x_wconf 89' lang='lat'><strong>1)</strong></span> <span class='ocrx_word' id='word_1_608' title='bbox 1534 5587 1620 5654; x_wconf 83' lang='lat' dir='ltr'><strong>Epist.</strong></span> <span class='ocrx_word' id='word_1_609' title='bbox 1639 5583 1664 5638; x_wconf 88' lang='grc'><strong>3.</strong></span> <span class='ocrx_word' id='word_1_610' title='bbox 1682 5585 1743 5637; x_wconf 88' lang='lat' dir='ltr'><strong>libr.</strong></span> <span class='ocrx_word' id='word_1_611' title='bbox 1762 5583 1786 5638; x_wconf 83' lang='lat'><strong>2.</strong></span> <span class='ocrx_word' id='word_1_612' title='bbox 1813 5590 1841 5636; x_wconf 87' lang='lat' dir='ltr'><strong>et</strong></span> <span class='ocrx_word' id='word_1_613' title='bbox 1858 5584 1886 5636; x_wconf 93' lang='lat' dir='ltr'><strong>in</strong></span> <span class='ocrx_word' id='word_1_614' title='bbox 1910 5583 1987 5651; x_wconf 85' lang='lat' dir='ltr'><strong>epist.</strong></span> <span class='ocrx_word' id='word_1_615' title='bbox 2011 5582 2045 5633; x_wconf 84' lang='lat' dir='ltr'><strong>ad</strong></span> <span class='ocrx_word' id='word_1_616' title='bbox 2067 5580 2201 5633; x_wconf 87' lang='lat' dir='ltr'><strong>Iulianum</strong></span> <span class='ocrx_word' id='word_1_617' title='bbox 2227 5575 2260 5628; x_wconf 88' lang='lat' dir='ltr'><strong>de</strong></span> <span class='ocrx_word' id='word_1_618' title='bbox 2282 5576 2387 5629; x_wconf 86' lang='lat' dir='ltr'><strong>haeret.</strong></span> 
     </span>
    </p>
   </div>
   <div class='ocr_carea' id='block_1_7' title="bbox 457 5670 2181 5818">
    <p class='ocr_par' dir='ltr' id='par_1_8' title="bbox 457 5670 2181 5818">
     <span class='ocr_line' id='line_1_44' title="bbox 457 5670 1571 5741; baseline -0.003 -14"><span class='ocrx_word' id='word_1_619' title='bbox 457 5674 486 5740; x_wconf 83' lang='lat'><strong>1)</strong></span> <span class='ocrx_word' id='word_1_620' title='bbox 505 5674 612 5729; x_wconf 78' lang='lat' dir='ltr'><strong>Decrct.</strong></span> <span class='ocrx_word' id='word_1_621' title='bbox 630 5675 692 5728; x_wconf 84' lang='lat' dir='ltr'><strong>dist.</strong></span> <span class='ocrx_word' id='word_1_622' title='bbox 709 5673 734 5728; x_wconf 85' lang='lat'><strong>8.</strong></span> <span class='ocrx_word' id='word_1_623' title='bbox 753 5691 775 5728; x_wconf 83' lang='lat' dir='ltr'><strong>c</strong></span> <span class='ocrx_word' id='word_1_624' title='bbox 793 5675 838 5727; x_wconf 89' lang='lat' dir='ltr'><strong>fin.</strong></span> <span class='ocrx_word' id='word_1_625' title='bbox 856 5677 927 5726; x_wconf 86' lang='lat' dir='ltr'><strong>extr.</strong></span> <span class='ocrx_word' id='word_1_626' title='bbox 945 5671 979 5724; x_wconf 92' lang='lat' dir='ltr'><strong>de</strong></span> <span class='ocrx_word' id='word_1_627' title='bbox 996 5677 1115 5724; x_wconf 84' lang='lat' dir='ltr'><strong>consuet.</strong></span> <span class='ocrx_word' id='word_1_628' title='bbox 1412 5673 1512 5741; x_wconf 83' lang='lat' dir='ltr'><strong>baptia.</strong></span> <span class='ocrx_word' id='word_1_629' title='bbox 1530 5670 1571 5724; x_wconf 74' lang='lat'><strong>73.</strong></span> 
     </span>
     <span class='ocr_line' id='line_1_45' title="bbox 1012 5764 2181 5818; baseline -0.002 -25"><span class='ocrx_word' id='word_1_630' title='bbox 1012 5775 1021 5793; x_wconf 45' lang='lat' dir='ltr'><strong>i</strong></span> <span class='ocrx_word' id='word_1_631' title='bbox 2143 5764 2181 5818; x_wconf 72' lang='lat'><strong>2.</strong></span> 
     </span>
    </p>
   </div>
   <div class='ocr_carea' id='block_1_8' title="bbox 0 0 2804 6807">
    <p class='ocr_par' dir='ltr' id='par_1_9' title="bbox 0 0 2804 6807">
     <span class='ocr_line' id='line_1_46' title="bbox 0 0 2804 6807; baseline 0 0"><span class='ocrx_word' id='word_1_632' title='bbox 0 0 2804 6807; x_wconf 95' lang='lat' dir='ltr'><strong> </strong></span> 
     </span>
    </p>
   </div>
  </div>
 </body>
</html>
