5600 6809
433 745 513 808 1051
1079 738 1346 807 memorio
1366 738 1472 804 But.
1494 735 1676 805 CHRIS'P.
1701 742 1793 803 1559.
2358 741 2447 804 1052

429 932 650 997 mentiebatur
674 931 812 1009 Paulus,
852 951 955 1013 quum
987 929 1116 995 dicebat
1144 928 1341 1006 Corinthiis,
1372 950 1408 993 se
1460 926 1649 1010 quotidiano
1670 949 1733 992 usu
1755 927 1909 1010 colligere
1937 926 2023 993 lieet.
2068 926 2177 1008 Quam
2199 928 2284 994 51555
2313 929 2445 995 radioes

430 1018 591 1099 accepisse
624 1039 643 1080 a
670 1016 815 1081 Domino
848 1017 935 1099 quod
967 1015 1033 1081 illis
1068 1015 1269 1080 tradiderat?
1319 1015 1408 1080 Nam
1459 1014 1570 1078 fixerit
1592 1013 1673 1076 haec
1694 1014 1805 1094 pestis,
1828 1013 1908 1092 scio;
1936 1020 2059 1097 quanta
2080 1016 2140 1080 sub
2162 1015 2269 1098 specie
2292 1015 2369 1079 boni
2391 1015 2444 1080 la-

429 1113 541 1185 postea
575 1102 785 1167 traditionem
818 1102 978 1180 declarat,
1011 1109 1048 1165 ut
1077 1122 1190 1165 omnes
1225 1103 1407 1182 promiscue
1460 1106 1540 1176 teat3
1562 1107 1599 1162 nt
1621 1120 1740 1163 nomen
1759 1097 1885 1162 Christi
1906 1101 2078 1181 praeferat,
2101 1108 2139 1164 ut
2159 1122 2226 1165 uno
2243 1101 2361 1167 missae
2379 1123 2444 1166 no-

428 1195 568 1269 5515555
595 1187 745 1273 symbolo
772 1191 1056 1253 communicarent.
1109 1185 1207 1267 Quod
1234 1187 1263 1251 si
1290 1209 1310 1251 a
1337 1189 1408 1251 Do·
1460 1186 1549 1248 mine
1575 1190 1677 1247 55555
1699 1184 1777 1248 fidei
1798 1204 1960 1249 summam
1988 1186 2160 1273 complecti
2187 1208 2222 1251 se
2249 1187 2345 1251 multi
2366 1208 2444 1253 cre-

428 1274 519 1338 mino
541 1274 667 1339 Paulus
690 1284 874 1357 acceperat,
904 1296 1017 1338 omnes
1045 1274 1116 1338 sine
1139 1273 1327 1338 discrimine
1350 1273 1407 1337 ad·
1461 1269 1548 1334 dant.
1595 1267 1662 1334 Sed
1690 1270 1747 1333 ubi
1776 1270 1876 1334 verbo
1898 1270 1963 1334 Dei
1989 1272 2169 1337 clarissime
2191 1274 2445 1354 comprobatum

428 1361 621 1439 mittendos,
644 1359 779 1426 videant
803 1383 822 1424 a
844 1382 908 1443 quo
930 1359 1114 1442 acceperint
1142 1360 1197 1442 qui
1218 1361 1408 1423 universam
1460 1357 1575 1434 fuerit,
1609 1355 1694 1419 hanc
1722 1356 1934 1438 quantumvis
1960 1358 2103 1422 fucatam
2130 1367 2163 1422 et
2195 1358 2401 1440 splendidam
2413 1361 2443 1442 ¹)

428 1468 534 1529 paene
555 1447 620 1511 Dei
641 1446 769 1529 plebem
793 1446 931 1529 abigunt
938 1469 946 1525 ;
975 1445 1104 1527 quando
1126 1447 1193 1508 iam
1214 1445 1326 1509 Deum
1349 1465 1408 1508 au·
1460 1442 1583 1524 insigni
1611 1442 1806 1506 contumelia
1834 1441 2005 1507 Christum
2033 1445 2176 1521 afficere,
2210 1464 2340 1509 crucem
2367 1447 2444 1510 5155

428 1541 535 1597 55155
567 1533 781 1614 praetendere
813 1554 880 1595 non
911 1540 1062 1614 possunt,
1097 1531 1185 1614 apud
1214 1552 1312 1613 quem
1340 1539 1407 1594 non
1460 1527 1599 1611 sepelire
1627 1536 1660 1591 55
1688 1529 1887 1610 opprimere,
1920 1538 2059 1593 mortem
2081 1531 2151 1595 eius
2178 1531 2214 1594 in
2239 1530 2443 1596 oblivionem

429 1625 479 1681 est
501 1625 552 1682 est
574 1625 608 1681 et
627 1639 703 1682 non.
747 1619 793 1681 Et
820 1618 928 1682 adhuc
957 1617 1039 1682 tales
1068 1618 1326 1683 abominationes
1348 1637 1407 1680 no·
1460 1613 1607 1691 tradere,
1635 1615 1778 1678 fructum
1800 1616 1855 1696 qui
1884 1636 1926 1678 ex
1954 1637 1993 1679 ea
2020 1615 2114 1680 nobis
2141 1615 2354 1698 proveniebat
2374 1617 2443 1681 tol-

428 1704 519 1766 mine
546 1704 699 1768 eeclesiae
726 1709 913 1787 praetexere
939 1704 1067 1781 5551555,
1096 1711 1130 1766 55
1151 1703 1212 1768 hoo
1233 1711 1408 1784 praetextu
1459 1700 1535 1778 lere,
1560 1707 1809 1779 sacramentum,
1833 1720 1897 1782 quo
1915 1702 2030 1766 mortis
2048 1702 2207 1766 memoria
2223 1702 2340 1768 relicta
2356 1711 2441 1782 erat,

430 1788 615 1868 defcndere;
651 1789 744 1871 quasi
772 1810 850 1853 vero
879 1797 937 1853 ant
965 1791 1020 1854 isti
1054 1788 1240 1854 antichristi
1273 1788 1408 1853 ecclesia
1459 1807 1617 1850 enervare
1645 1792 1678 1848 et
1703 1785 1873 1869 dissipare:
1904 1807 1947 1849 55
1974 1797 2072 1851 51555
2098 1787 2184 1852 51155
2206 1796 2274 1852 tam
2300 1790 2441 1870 profun-

429 1875 509 1952 sint‚
532 1875 588 1956 qui
610 1873 736 1938 Christi
762 1875 942 1940 doctrinam
965 1882 999 1939 et
1024 1875 1248 1940 institutiones
1275 1882 1407 1939 555155

428 1959 515 2025 facili
537 1966 723 2040 proterunt,
747 1959 923 2044 dissipant,
948 1960 1124 2045 abrogant,
1150 1967 1207 2024 aut
1228 1960 1407 2042 apostolica

428 2045 564 2110 ecelesia
596 2045 732 2111 ecclesia
761 2068 829 2110 non
856 2047 970 2124 155115,
999 2048 1034 2110 15
1062 2067 1127 2129 555
1154 2053 1224 2110 tota
1250 2046 1302 2111 vis
1329 2046 1406 2110 reli-

428 2132 533 2216 gionis
556 2131 707 2196 effloruit.

739 2420 892 2488 51555
913 2421 1046 2487 5551
1062 2422 1086 2507 1)

428 2584 495 2664 De
536 2582 666 2664 missa
711 2580 885 2695 papali,
923 2610 1007 2690 quo
1053 2581 1276 2692 sacrilegio
1321 2612 1406 2664 non

428 2701 553 2784 modo
593 2702 815 2812 profanata
852 2700 936 2781 fuit
972 2730 1101 2783 coena
1132 2701 1293 2784 Christi
1330 2702 1406 2785 sed

677 2821 722 2901 in
752 2820 930 2902 nihilum
964 2821 1144 2903 redacta.

517 2991 543 3051 1.
588 2987 652 3052 His
679 2995 713 3051 55
737 2985 897 3052 similibus
930 2987 1073 3052 inventis
1105 2995 1242 3053 conatus
1270 2995 1321 3053 est
1352 3010 1405 3054 sae

428 3080 502 3152 tan,
529 3072 621 3139 velut
642 3073 758 3137 offirsis
784 3070 943 3151 tenebris,
971 3094 1099 3138 sacram
1121 3073 1248 3139 Christi
1270 3095 1405 3139 coenam

427 3159 591 3225 infuscare
624 3165 658 3221 et
682 3158 871 3241 inquinare,
906 3179 949 3222 ne
977 3158 1095 3224 saltem
1122 3159 1193 3225 eius
1215 3162 1342 3243 puritas
1368 3161 1406 3224 in

428 3245 564 3310 ecelesia
591 3246 797 3309 retineretur.
849 3242 915 3309 Sed
945 3244 1128 3310 horrendae
1155 3246 1405 3311 abominationis

427 3338 526 3415 caput
553 3332 632 3410 fuit,
660 3352 763 3413 quum
791 3330 924 3413 signum
951 3331 1084 3408 extulit,
1118 3352 1181 3413 quo
1215 3352 1283 3395 non
1309 3331 1405 3396 modo

427 3417 657 3482 obscuraretur
678 3423 712 3481 et
731 3422 986 3499 perverteretur,
1010 3417 1068 3482 sed
1085 3418 1215 3498 penitus
1233 3416 1406 3483 obliterata

427 3509 461 3567 et
488 3503 611 3568 abohta
638 3509 861 3580 evanesceret,
890 3509 923 3566 et
945 3502 1023 3587 551)
1050 3503 1220 3566 hominum
1247 3505 1406 3567 memoria

427 3588 606 3655 excideret:
641 3609 759 3670 nempe
786 3609 889 3672 quum
921 3587 1189 3671 pestilentissimo
1216 3609 1325 3654 errore
1354 3596 1405 3654 to-

351 3711 355 3737 ·
426 3681 499 3739 tum
526 3696 630 3757 paene
663 3674 776 3739 orbem
801 3673 1001 3754 obcaecavit,
1031 3682 1070 3738 55
1095 3673 1243 3740 crederet
1269 3677 1406 3740 missam

427 3761 624 3825 sacrificium
647 3767 681 3824 et
702 3759 900 3825 oblationem
918 3781 990 3824 esse
1010 3760 1052 3825 ad
1069 3760 1313 3844 impetrandam
1329 3783 1405 3844 pee-

427 3854 576 3911 catorum
597 3847 831 3911 remissionem.
869 3843 1042 3925 Quomodo
1063 3847 1158 3910 initio
1181 3847 1300 3930 dogma
1315 3847 1405 3912 istud

429 3933 614 4013 acceperint
642 3932 787 3996 saniores
815 3930 1025 4010 Scholastiei,
1058 3933 1145 3997 nihil
1172 3954 1290 3999 moror.
1335 3934 1405 3998 Va·

399 4022 411 4050 '⁸
427 4015 519 4082 leant
544 4017 608 4099 ipsi
629 4037 705 4081 cnm
725 4010 865 4099 ‘spinosis
887 4018 955 4082 suis
983 4020 1136 4102 argutiis:
1165 4040 1263 4101 5555,
1287 4025 1405 4085 55555-

449 4124 491 4167 55
518 4103 702 4169 cavillando
735 4102 865 4168 defendi
898 4111 1032 4186 queant,
1065 4101 1138 4171 ideo
1169 4113 1280 4170 tamen
1307 4127 1405 4189 repu-

427 4123 568 4254 diandae
591 4198 669 4253 sunt
690 4189 783 4254 bonis
805 4190 966 4269 omnibus,
990 4189 1076 4272 quod
1098 4192 1183 4255 nihil
1204 4212 1304 4274 quam
1333 4213 1406 4257 coo-

427 4295 489 4340 nae
512 4275 696 4340 claritatem
718 4275 831 4340 multis
853 4276 998 4340 tenebris
1019 4275 1190 4342 inducunt.
1230 4277 1303 4342 Illis
1328 4298 1406 4361 ergo

426 4361 536 4426 valere
564 4362 677 4439 iussis,
712 4360 868 4445 congredi
896 4382 949 4425 me
971 4362 1026 4427 hio
1054 4363 1191 4427 lectores
1217 4363 1407 4446 intelligant

427 4468 502 4511 oum
542 4467 581 4511 ea
618 4449 774 4530 opinione
807 4467 871 4529 qua
909 4467 1066 4512 romanus
1110 4448 1324 4514 antichristus
1368 4469 1407 4513 ao

427 4531 497 4596 eius
518 4534 698 4615 prophetae
716 4540 822 4597 totum
839 4532 951 4597 orbem
970 4534 1169 4612 imbuerunt,
1193 4555 1310 4618 nempe
1327 4535 1407 4600 mis-

428 4638 500 4683 sam
522 4639 594 4682 esse
616 4640 697 4701 opus
719 4640 783 4702 quo
806 4617 958 4685 sacerdos
980 4620 1038 4702 551
1056 4619 1227 4685 Christum
1246 4621 1351 4700 offert,
1374 4627 1408 4685 ot

428 4703 484 4768 alii
512 4705 568 4785 qui
595 4705 630 4768 15
657 4705 822 4777 oblatione
849 4706 1060 4788 participant,
1084 4706 1195 4771 Deum
1217 4728 1408 4790 promeren-

427 4794 497 4867 tur,
526 4790 574 4853 oel
600 4791 809 4873 555151511515
837 4812 902 4855 esse
930 4793 1105 4872 victimam,
1134 4814 1197 4874 qao
1218 4793 1281 4857 sibi
1303 4793 1409 4859 Deum

427 4874 628 4939 1555551555.
672 4877 789 4959 Neque
817 4876 852 4941 id
880 4878 1044 4942 communi
1071 4885 1202 4943 tantum
1224 4878 1316 4962 vulgi
1337 4879 1407 4961 opi-

426 4959 525 5023 nione
553 4967 722 5043 receptum
750 4968 813 5040 est,
843 4961 900 5027 sed
924 4963 996 5045 ipsa
1019 4986 1146 5047 quoque
1168 4965 1258 5029 actio·
1283 4965 1329 5029 sio
1357 4972 1409 5029 est

427 5044 594 5124 instituta,
618 5053 656 5110 ut
677 5069 781 5131 genus
803 5049 846 5113 sit
871 5049 1063 5132 placationis
1085 5072 1149 5133 quo
1174 5072 1233 5133 pro
1255 5050 1407 5115 vivorum

349 5206 353 5211 ,
427 5138 463 5196 55
489 5137 694 5198 mortuorum
721 5134 906 5218 expiatione
933 5134 1007 5199 Deo
1036 5138 1184 5201 satisfiat.
1233 5135 1306 5200 Hoc
1327 5155 1407 5218 quo-

396 5250 399 5257 *
428 5236 491 5299 que
524 5226 644 5283 sonant
673 5219 774 5286 verba
807 5221 924 5303 quibus
957 5228 1098 5287 utuntur
1104 5246 1112 5302 ;
1147 5244 1208 5288 nec
1241 5219 1333 5287 alind
1364 5242 1406 5285 ex

500 5525 529 5593 1)
557 5526 611 5579 Est
633 5528 771 5593 posterior
796 5541 869 5593 pars
895 5525 960 5593 Gap.
986 5525 1107 5582 XVIII.
1139 5529 1180 5582 ed.
1210 5531 1405 5597 5155555εηί55,

427 5593 492 5646 fade
509 5612 534 5648 5.
554 5595 577 5660 5.
597 5594 640 5647 49.
658 5595 697 5648 od
714 5597 736 5661 ς.
756 5593 797 5648 70.
826 5594 874 5647 sed
890 5596 968 5647 corte
985 5603 1089 5652 mutato
1107 5599 1202 5652 ordine
1219 5600 1406 5653 materiarum.

425 5657 456 5726 2)
476 5678 509 5714 55
528 5665 610 5718 omitt.
630 5662 705 5716 1617.
725 5664 801 5718 1654.
821 5662 895 5717 1667.

1460 1870 1520 1936 (155
1543 1870 1669 1936 radices
1692 1893 1773 1952 5555
1794 1893 1862 1935 555
1884 1871 2087 1937 validissima
2106 1873 2188 1939 haec
2210 1875 2342 1953 5555115,
2361 1895 2441 1941 ver-

1458 1957 1539 2021 bum
1561 1957 1697 2038 inquam
1718 1955 1798 2034 Dei,
1826 1957 2016 2022 conscindat
2038 1966 2071 2023 et
2099 1959 2245 2024 evertat?
2289 1961 2348 2024 An
2368 1961 2442 2026 ulla

1458 2049 1529 2106 tam
1550 2043 1695 2124 speciosa
1714 2044 1813 2108 facies
1835 2042 1896 2107 551)
1918 2064 1982 2125 555
2003 2045 2110 2110 latens
2130 2045 2254 2110 55155
2275 2046 2335 2110 lux
2355 2046 2440 2113 haec

1459 2149 1527 2192 non
1548 2127 1687 2210 prodat?

1546 2218 1574 2276 2.
1627 2212 1849 2280 Ostendemus
1876 2236 1953 2300 ergo
1978 2216 2064 2303 quod
2090 2217 2196 2298 primo
2222 2218 2292 2282 loco
2316 2238 2440 2300 propo-

1460 2299 1561 2363 situm
1583 2307 1647 2378 est,
1674 2300 1911 2366 intolerabilem
1939 2301 2006 2366 illio
2033 2302 2272 2384 blasphemiam
2293 2325 2331 2369 ao
2358 2325 2438 2369 oon·

1459 2385 1629 2449 tumeliam
1650 2384 1783 2450 Christo
1811 2387 1959 2471 irrogari.
2005 2385 2166 2453 Sacerdos
2190 2389 2278 2453 enim
2299 2396 2333 2454 et
2354 2411 2438 2472 pon·

1458 2471 1540 2535 tifex
1562 2492 1582 2534 a
1603 2480 1695 2552 patre
1716 2480 1924 2538 consecratus
1947 2481 2011 2551 est,
2033 2496 2099 2539 non
2121 2473 2163 2537 ad
2184 2481 2328 2557 tempus,
2353 2497 2438 2557 quo·

1457 2556 1554 2620 modo
1578 2557 1628 2619 illi
1653 2557 1690 2620 in
1717 2558 1821 2622 veteri
1847 2566 2046 2624 testamento
2073 2560 2243 2625 constituti
2268 2560 2437 2644 leguntur,

1457 2663 1596 2724 quorum
1618 2663 1719 2724 quum
1740 2645 1809 2708 vita
1837 2646 1986 2710 mortalis
2008 2654 2108 2725 esset,
2130 2645 2351 2711 sacerdotium
2372 2647 2437 2712 im·
2507 2646 2510 2650 ’

1457 2728 1596 2792 mortale
1624 2749 1694 2793 esse
1721 2750 1789 2793 non
1816 2738 1953 2814 poterat.
1999 2729 2111 2811 Quare
2139 2739 2173 2796 et
2194 2734 2438 2799 successoribus

1457 2834 1539 2896 opus
1561 2822 1633 2878 erat
1654 2815 1710 2896 qui
1724 2859 1726 2867 ›
1739 2816 1878 2880 subinde
1903 2819 1938 2881 in
1961 2817 2206 2883 demortuorum
2229 2818 2336 2884 locum
2357 2818 2437 2885 sub-

1457 2907 1661 2982 rogarentur.
1714 2902 1762 2965 At
1784 2901 1933 2982 Christo,
1961 2905 2016 2985 qni
2043 2905 2238 2969 immortalis
2260 2906 2437 2983 5555155-

1456 2985 1543 3049 rium
1565 2985 1719 3051 substitui
1749 2988 1885 3053 minime
1907 3010 2040 3063 necesse
2061 2998 2119 3054 555.
2163 2989 2277 3072 Itaque
2298 2996 2437 3072 epatre

1457 3070 1649 3155 designatus
1671 3080 1721 3136 est
1744 3074 1893 3140 sacerdos
1913 3076 1949 3139 in
1971 3083 2157 3153 aeternum,
2180 3075 2360 3141 secundum
2381 3098 2438 3141 or·

1458 3156 1570 3222 dinem
1590 3158 1823 3224 Melchisedec:
1847 3167 1886 3224 ut
1902 3167 2074 3226 aeternum
2095 3163 2309 3243 permanente
2327 3183 2438 3228 sacer-

1459 3241 1552 3309 dotio<
1574 3244 1770 3327 fungeretur
1798 3245 1915 3329 (Hebr.
1941 3248 1970 3326 5,
1993 3252 2020 3311 5.
2044 3251 2083 3311 10
2107 3255 2141 3312 55
2165 3253 2193 3327 7,
2216 3252 2264 3313 17.
2283 3252 2322 3310 21
2348 3255 2385 3313 55
2406 3253 2438 3328 9,

1461 3334 1497 3392 11
1522 3335 1624 3407 5510,
1647 3334 1705 3409 21;
1727 3332 1815 3397 Ρ551.
1838 3336 1907 3411 110,
1927 3339 1962 3413 4;
1986 3333 2070 3398 Gen.
2093 3337 2140 3412 14,
2163 3333 2226 3418 18).
2267 3334 2341 3400 Η55
2362 3354 2438 3418 my-

1459 3416 1597 3481 sterium
1617 3416 1654 3481 15
1671 3416 1890 3485 Melchisedec
1908 3427 1986 3483 ante
2002 3419 2106 3483 multo
2123 3421 2303 3503 figuratum
2319 3421 2437 3500 fuerat

1458 3522 1555 3583 quem
1582 3501 1640 3566 ubi
1667 3505 1831 3587 scriptura
1858 3506 1959 3569 semel
1986 3505 2120 3569 induxit
2146 3506 2352 3571 sacerdotem
2371 3507 2440 3573 Dei

1457 3588 1614 3666 viventis,
1644 3610 1814 3672 nunquam
1841 3598 1954 3673 postea
1975 3592 2045 3655 eius
2066 3592 2232 3670 meminit,
2256 3612 2294 3657 ac
2315 3592 2439 3671 sinul-

1458 3673 1527 3738 lum
1549 3673 1637 3738 vitae
1658 3676 1759 3739 finem
1781 3675 1958 3742 habuisset
2002 3677 2076 3741 Η55
2103 3676 2439 3745 5151115551550151·

1458 3765 1529 3825 stus
1558 3759 1739 3824 secundum
1765 3762 1837 3826 eius
1871 3762 2021 3827 ordinem
2055 3763 2204 3828 sacerdos
2237 3763 2344 3828 dictus
2377 3771 2437 3831 555
2530 3806 2538 3811 -

1457 3843 1531 3909 155
1557 3867 1635 3910 vero
1663 3846 1720 3928 qui
1747 3847 1896 3929 quotidie.
1919 3849 2115 3928 sacrificant,
2143 3849 2363 3915 oblationibus
2383 3873 2438 3917 sa·

1457 3928 1605 3996 cerdotes
1623 3932 1815 4013 praeficiant
1836 3955 1968 3999 necesse
1989 3942 2054 4013 555,
2067 3978 2069 3982 ,
2082 3956 2163 4018 quos
2185 3933 2321 3999 Christo
2343 3937 2438 4002 velut

1458 4036 1661 4082 successores
1681 4025 1715 4082 55
1732 4019 1873 4083 vicarios
1891 4020 2079 4104 subrogent.
2116 4018 2193 4100 Qua
2205 4022 2439 4105 subrogatione

1458 4124 1525 4168 non
1542 4102 1639 4167 modo
1662 4101 1835 4169 Christum
1862 4127 1921 4171 555
1942 4107 2066 4172 1155515
2094 4107 2237 4189 spoliant
2257 4115 2291 4172 55
2312 4109 2439 4174 aeterni

1459 4188 1632 4254 sacerdotii
1652 4192 1916 4275 praerogativam
1936 4192 1986 4256 illi
2007 4193 2157 4276 rapiunt,
2180 4193 2238 4258 sed
2260 4216 2278 4258 e
2300 4194 2437 4259 dextera

1458 4275 1561 4358 patris
1584 4274 1758 4342 deturbare
1779 4278 1889 4360 ipsum
1910 4287 2081 4355 conantur,
2104 4280 2139 4342 in
2161 4300 2226 4361 qua
2244 4279 2354 4345 sedere
2370 4281 2435 4344 im-

1458 4361 1608 4427 mortalis
1637 4383 1704 4427 non
1732 4370 1839 4446 potest
1866 4366 1945 4447 quin
1977 4365 2076 4431 simul
2106 4372 2257 4430 aeternus
2283 4364 2436 4431 sacerdos

1458 4454 1601 4512 maneat
1650 4449 1766 4532 Neque
1793 4459 1983 4529 causentur,
2012 4472 2079 4515 non
2105 4453 2212 4516 suffici
2233 4472 2305 4516 suos
2333 4452 2438 4517 sacri-

1459 4533 1573 4599 ficulos
1607 4532 1741 4600 Christo
1774 4538 1868 4618 quasi
1899 4536 2082 4616 demortuo,
2123 4537 2181 4602 sed
2213 4537 2438 4621 suffraganeos

1460 4620 1624 4685 duntaxat
1645 4642 1716 4686 esse
1738 4624 1864 4686 aeterni
1883 4624 1953 4688 eius
1970 4622 2144 4688 sacerdotii
2161 4623 2249 4705 quod
2266 4632 2438 4706 propterea

1460 4711 1548 4771 staro
1576 4728 1644 4770 non
1672 4706 1802 4772 desinit.
1846 4708 1966 4773 Verbis
1995 4709 2083 4773 enim
2110 4709 2248 4791 apostoli
2270 4709 2388 4795 (Hebr.
2407 4715 2436 4789 7,

1460 4793 1517 4875 23)
1549 4792 1668 4857 fortius
1701 4792 1972 4875 constringuntur
1998 4813 2096 4876 quam
2117 4802 2156 4858 55
2181 4796 2229 4860 515
2250 4794 2335 4860 elabi
2360 4817 2438 4880 pos·

1460 4878 1540 4942 sint:
1563 4899 1682 4960 nempe
1704 4877 1785 4942 alios
1806 4878 1918 4961 plures
1940 4899 2012 4944 osso
2032 4880 2135 4945 factos
2157 4881 2343 4946 sacerdotes
2359 4883 2439 4965 qnia

1459 4970 1567 5027 morte
1588 4963 1825 5045 impedirentur
1846 4982 2047 5046 permanere.
2093 4966 2247 5032 Christus
2269 4988 2357 5050 ergo,
2380 4968 2438 5050 qni

1460 5054 1566 5112 mo'rte
1588 5071 1654 5113 non
1673 5048 1866 5132 impeditur,
1894 5073 1980 5117 unus
2003 5060 2137 5119 estnec
2159 5053 2364 5119 consortibus
2384 5055 2438 5119 in·

1460 5133 1559 5214 diget
1608 5135 1693 5216 0555
1714 5141 1818 5202 tomen
1840 5157 1947 5203 eoram
1972 5144 2018 5204 ast
2038 5139 2237 5220 improbitas,
2264 5140 2307 5204 od
2327 5140 2438 5221 impio·

1459 5223 1551 5283 tatem
1577 5241 1672 5286 soom
1698 5225 1846 5301 tuendam
1866 5225 2003 5307 5555515
2024 5225 2227 5291 Mactata
2246 5246 2280 5290 se
2301 5231 2436 5291 5155555.

1463 5306 1547 5388 Quia
1575 5309 1659 5373 caim
1685 5308 1831 5375 5715571555
1856 5310 1975 5376 datar
1998 5331 2119 5393 panea
2145 5317 2174 5377 ot
2202 5312 2326 5392 515551,
2352 5311 2438 5378 55711-

1528 5598 1559 5661 1)
1581 5600 1662 5654 Adde
1678 5602 1803 5664 missam,
1846 5601 1901 5656 uod
1917 5618 1972 5655 voc.
1989 5605 2046 5656 iam
2064 5619 2091 5658 o.
2109 5602 2178 5657 1550
2194 5605 2289 5659 or'ts'oae
2306 5604 2438 5660 omum

1460 5684 1479 5720 a
1496 5667 1522 5720 ll.
1541 5670 1736 5723 recentionbas
1753 5671 1830 5723 oma'
1896 5671 1978 5725 55555.
