5600 6809
549 885 613 945 aas
1196 872 1463 941 menmrre
1485 873 1590 940 ann.
1613 871 1794 939 cucur.
1821 877 1912 936 1559.
2325 824 2327 833 ’
2504 874 2569 937 see

551 1069 768 1153 praeferatur,
807 1071 865 1129 aut
898 1064 992 1148 quasi
1024 1065 1060 1129 in
1094 1064 1197 1131 aliurn
1228 1066 1329 1129 finem
1360 1063 1532 1129 distinctae
1672 1064 1720 1124 17.
1766 1060 1912 1127 'landem
1945 1062 2089 1139 Phocas,
2123 1061 2180 1143 qui
2212 1082 2305 1127 caeso
2338 1060 2498 1125 Mauritio
2529 1061 2570 1127 in

551 1154 619 1219 illio
641 1158 751 1218 essent
777 1150 997 1233 patriarchiae
1023 1171 1121 1233 quam
1148 1151 1280 1234 politiae
1307 1169 1414 1215 eausa.
1460 1149 1532 1214 Soi-
1583 1147 1654 1212 eius
1682 1146 1791 1212 lecum
1818 1148 1975 1212 suffectus
2002 1155 2052 1211 est
2080 1146 2203 1232 (nescio
2225 1168 2291 1230 qua
2313 1146 2353 1212 de
2373 1167 2477 1212 eausa
2497 1146 2570 1212 Bo-

512 1290 517 1301 .
550 1259 625 1304 mus
652 1246 762 1303 autem
789 1236 938 1320 politiam
966 1257 1025 1320 pro
1050 1237 1209 1301 varietate
1237 1243 1424 1317 temporum
1451 1236 1532 1300 reoi-
1584 1234 1692 1298 manis
1725 1234 1868 1312 amicior,
1897 1234 1961 1297 ime
1990 1233 2067 1314 quio
2093 1233 2159 1297 illie
2186 1233 2300 1313 absque
2325 1232 2497 1297 certaeuue
2522 1251 2570 1299 cc-

550 1346 643 1408 pere,
667 1324 733 1388 imo
762 1324 893 1407 exigere
916 1323 1024 1387 varias
1045 1323 1251 1386 mutationes.
1295 1321 1408 1386 Futile
1430 1321 1533 1405 igitur
1555 1256 1559 1393 l
1583 1324 1714 1384 renatus
1738 1318 1859 1402 fueret)
1886 1319 2057 1384 Bonifacie
2083 1320 2178 1383 tertio
2205 1316 2363 1384 concessit
2392 1316 2483 1401 quod
2506 1318 2568 1383 mi·

551 1419 603 1477 est
624 1409 711 1494 qued
733 1408 881 1474 obtendit
902 1409 986 1487 Leo,
1012 1429 1079 1472 non
1101 1429 1171 1473 osse
1193 1406 1406 1473 deferendum
1429 1407 1532 1471 hono-
1584 1405 1673 1469 nime
1706 1405 1893 1487 postulabat
1919 1405 2116 1488 Gregorius,
2149 1411 2187 1469 ut
2212 1405 2321 1470 Roma
2352 1412 2455 1487 caput
2482 1414 2569 1471 emet

551 1518 621 1562 rem
649 1494 1019 1576 constantinopolitanae
1045 1493 1115 1559 sedi
1143 1494 1199 1576 qui
1231 1492 1348 1579 synodi
1375 1493 1532 1558 nicaenae
1585 1491 1732 1554 omnium
1767 1492 1988 1557 ecclesiarum.
2039 1490 2081 1553 In
2115 1490 2204 1556 huno
2233 1491 2368 1555 modum
2400 1490 2510 1555 direm
2534 1496 2569 1555 ta

550 1582 726 1647 autoritate
748 1577 982 1646 alexandrinae
1004 1579 1100 1644 datus
1121 1580 1213 1644 foret.
1258 1579 1333 1644 Hoc
1352 1579 1442 1643 eninr
1464 1578 1532 1647 die
1584 1586 1634 1640 est
1656 1578 1884 1641 controversia.
1929 1576 2043 1659 Neque
2065 1582 2175 1640 tamen
2202 1576 2282 1641 adeo
2304 1576 2485 1659 profuisset
2506 1512 2568 1644 leo

549 1676 600 1732 tat
621 1666 804 1734 communis
821 1687 945 1743 sensus,
967 1665 1068 1730 fuisse
1085 1664 1244 1731 eiusmodi
1262 1662 1429 1729 decretum
1446 1663 1532 1747 quod
1584 1661 1790 1743 imperatoris
1815 1662 2009 1727 beneficium
2036 1660 2106 1727 sedi
2133 1683 2300 1740 romanae,
2328 1662 2393 1727 nisi
2415 1662 2485 1726 alia
2512 1663 2568 1727 de·

551 1775 611 1837 pro
630 1762 815 1835 temporum
832 1751 959 1815 ratione
976 1751 1046 1815 tolli
1064 1759 1182 1835 posset.
1211 1749 1301 1831 Quid
1320 1750 1406 1832 quod
1424 1750 1532 1815 erien-
1584 1747 1660 1812 inde
1682 1749 1902 1813 accessissent.
1950 1749 2037 1812 Nam
2059 1747 2201 1813 Graecia
2220 1758 2253 1812 et
2274 1755 2343 1813 tota
2364 1748 2448 1812 Asia
2470 1747 2568 1831 paule

551 1839 669 1904 talium
689 1858 785 1902 nemo
801 1838 1017 1921 repugnabat,
1039 1857 1179 1920 quorum
1199 1838 1358 1901 intererat
1378 1836 1413 1900 id
1424 1837 1533 1899 maxi·
1583 1841 1659 1916 post
1685 1834 1726 1898 ab
1754 1836 1823 1899 eius
1856 1835 2084 1899 communione
2117 1834 2278 1898 abscissae
2314 1846 2402 1898 sunt.
2457 1834 2568 1899 Gallia

553 1925 628 1990 me?
673 1922 798 1987 Aderat
820 1930 908 1987 certe
929 1924 1108 2001 Pretorius,
1131 1944 1229 2004 quem
1250 1922 1475 1987 Alexandriae
1496 1924 1533 1985 in
1584 1921 1630 1985 sic
1658 1920 1767 2003 ipsum
1793 1920 2019 1991 reverebatur,
2047 1930 2085 1984 ut
2113 1941 2180 1984 nen
2206 1936 2336 2002 pareret
2362 1920 2430 1985 nisi
2460 1919 2567 2003 quoad

501 2011 506 2019 ’
553 2005 660 2075 locum
692 2008 843 2073 Dioscori
875 2009 1112 2091 praefecerant
1141 2008 1279 2073 aderant
1308 2008 1363 2073 alii
1391 2008 1531 2090 patriar·
1583 2005 1714 2070 libebat.
1760 2006 1853 2071 'luno
1879 2027 1958 2071 vero
1983 2006 2127 2088 primum
2155 2005 2192 2069 in
2218 2007 2413 2071 servitutem
2436 2005 2568 2073 redae&

552 2096 650 2173 chae,
699 2115 819 2159 uorum
847 2093 952 2158 honor
978 2095 1243 2159 imminuebatur.
1293 2093 1433 2159 Illorum
1462 2102 1533 2158 erat
1584 2098 1635 2155 est
1671 2090 1727 2155 ubi
1754 2092 1894 2174 Pipinus
1934 2112 2075 2179 regnum
2109 2092 2287 2173 occupavit.
2343 2090 2434 2156 Nam
2467 2112 2566 2175 quum

551 2116 769 2257 intercedere,
799 2201 867 2244 non
888 2181 1026 2259 Leonis,
1055 2180 1112 2263 qui
1140 2201 1199 2244 suo
1220 2179 1290 2244 loco
1311 2180 1441 2264 integer
1461 2202 1532 2244 ma·
1584 2177 1769 2255 Zacharias,
1792 2178 1938 2261 pontifex
1965 2198 2134 2254 romanus,
2165 2178 2195 2241 ei
2223 2177 2352 2245 adiutor
2379 2177 2504 2242 fuisset
2529 2176 2566 2242 ad

552 2267 660 2332 nebat.
705 2264 819 2346 Quum
847 2287 925 2329 vero
958 2273 1069 2331 tacent
1100 2266 1148 2329 illi
1175 2287 1303 2338 omnes,
1337 2266 1403 2329 imo
1430 2287 1532 2347 quum
1583 2263 1754 2344 perfidiam
1785 2284 1822 2327 ae
1853 2263 2081 2337 latrocinium,
2116 2272 2153 2327 ut
2182 2263 2275 2345 pulso
2306 2263 2460 2347 legitimo
2494 2284 2566 2347 rege

552 2352 792 2429 assentiuntur,
821 2373 909 2416 unus
931 2372 1086 2417 romanus
1107 2352 1243 2431 resistit,
1271 2361 1461 2433 promptum
1483 2362 1534 2415 est
1585 2370 1724 2430 rognum
1745 2350 1838 2431 quasi
1860 2349 1999 2431 praedae
2022 2351 2208 2432 expositum
2235 2358 2373 2432 raperet,
2394 2347 2462 2414 hoe
2484 2370 2565 2414 rnen

550 2438 694 2503 iudicare
728 2436 886 2519 quidnam
915 2459 991 2501 enm
1017 2446 1161 2503 moveat:
1191 2437 1314 2503 scilieet
1340 2437 1534 2519 providebat
1585 2434 1672 2500 cedis
1694 2434 1785 2513 tulit,
1814 2442 1852 2498 ιιῖ
1879 2437 1912 2499 in
1936 2435 2087 2502 ecclesias
2108 2435 2285 2519 gallicanas
2306 2434 2566 2501 iurisdictionem

552 2522 639 2607 qued
671 2543 737 2586 non
764 2522 869 2586 multo
897 2532 971 2605 post
1002 2523 1134 2599 accidit,
1174 2523 1380 2588 decrescente
1413 2525 1533 2587 veteris
1586 2519 1721 2584 haberet
1754 2542 1889 2586 romana
1919 2522 2021 2586 sedes.
2072 2519 2357 2602 Quemadmodum
2385 2519 2565 2604 praedones

552 2611 678 2674 Romae
696 2608 809 2692 gloria,
827 2609 897 2672 fore
915 2616 954 2672 ut
971 2607 1280 2690 Constantinopolis,
1299 2609 1442 2674 secundo
1463 2609 1533 2673 loob
1585 2627 1758 2670 commune
1779 2607 1918 2689 spolium
1936 2608 2042 2672 solent
2058 2607 2229 2690 partiendo
2247 2606 2401 2688 diripere,
2426 2607 2476 2671 ita
2495 2607 2565 2673 boni

553 2716 620 2759 non
640 2700 808 2769 contenta,
838 2693 877 2757 de
899 2695 1043 2776 primatu
1064 2715 1140 2760 oum
1159 2714 1199 2758 ea
1219 2694 1373 2777 litigaret.
1418 2694 1533 2776 Neque
1585 2692 1640 2755 isti
1651 2692 1715 2757 viri
1728 2693 1814 2756 inter
1826 2713 1861 2757 se
1872 2702 2114 2775 compararunt,
2133 2701 2172 2756 ut
2183 2693 2302 2775 Pipino
2318 2691 2459 2775 quidem
2477 2691 2564 2759 cede·

553 2789 666 2844 tamen
695 2779 865 2844 clamando
893 2786 1024 2843 tantum
1051 2780 1187 2863 profecit
1208 2780 1286 2862 quin
1316 2788 1425 2843 ratum
1447 2789 1534 2844 esset
1585 2788 1637 2840 ret
1653 2788 1821 2841 terrenum
1840 2800 1877 2844 ac
1896 2778 1991 2844 civile
2010 2778 2201 2856 dominium,
2221 2778 2361 2860 spoliato
2381 2798 2465 2843 vero
2476 2798 2564 2862 rege;

553 2865 683 2931 concilii
706 2865 881 2930 decretum.
930 2864 1047 2947 Itaque
1076 2885 1277 2930 successores
1310 2866 1395 2942 cius,
1430 2887 1531 2947 quum
1585 2863 1762 2929 Zacharias
1785 2872 1896 2928 autem
1924 2874 2022 2946 caput
2044 2866 2138 2929 fieret
2160 2865 2307 2928 omnium
2329 2865 2564 2947 episocporuua,

553 2952 673 3016 fractos
695 2972 730 3015 se
753 2950 916 3027 viderent,
941 2951 982 3015 ab
1003 2950 1061 3014 illa
1082 2951 1267 3033 pervicacia
1278 2951 1304 3035 ¹)
1326 2951 1453 3034 placide
1475 2951 1531 3016 de-
1585 2971 1622 3013 ao
1640 2949 1844 3032 spiritualem
1855 2958 2051 3034 potestatem
2062 2949 2205 3014 haberet.
2241 2948 2339 3030 Quae
2356 2969 2464 3032 quum
2474 2950 2565 3015 initio

552 3037 716 3100 stiterunt
771 3035 934 3100 luerunt
964 3037 1054 3102 enim
1080 3047 1118 3100 ut
1150 3036 1312 3102 secundus
1345 3037 1532 3118 patriarcha
1584 3034 1715 3099 infirma
1740 3035 1824 3099 foret
1851 3036 1904 3119 (ut
1931 3035 2013 3101 solet
2040 3058 2103 3101 usu
2129 3037 2242 3101 venire
2264 3036 2300 3098 in
2323 3035 2425 3100 rebus
2444 3034 2564 3119 noris),

550 3120 734 3186 haberetur.
1584 3120 1693 3185 Caroli
1727 3121 1804 3186 inde
1836 3123 2014 3186 autoritate
2043 3122 2237 3188 confirmata
2263 3122 2341 3199 fuit,
2373 3120 2469 3185 simili
2495 3121 2566 3187 fere

641 3210 688 3270 16.
733 3206 861 3271 Verum
882 3205 1075 3290 paulopost
1096 3228 1237 3289 eousque
1255 3209 1365 3290 erupit
1379 3208 1530 3286 Ioannes,
1584 3206 1624 3271 de
1652 3227 1761 3275 eausa.
1803 3209 1888 3272 Erat
1909 3209 1998 3272 enim
2055 3229 2090 3273 se
2112 3227 2239 3291 quoque
2261 3227 2401 3272 romano
2419 3206 2565 3289 pontifici

550 3293 606 3375 qui
625 3291 779 3375 Gregorii
796 3299 942 3375 tempore
960 3293 1348 3374 constantinopolitanam
1361 3295 1531 3360 ecclesiam
1583 3293 1754 3372 obnoxius,
1773 3294 1860 3376 qnod
1878 3293 1948 3360 eius
1965 3231 2071 3359 stodlo
2093 3294 2135 3359 ad
2158 3294 2317 3357 honorem
2338 3293 2473 3377 imperii
2492 3312 2564 3376 per·

550 3377 685 3463 regebat
706 3387 744 3443 ut
764 3398 800 3443 se
818 3378 1038 3444 universalem
1055 3379 1278 3460 patriarcham
1297 3378 1428 3445 diceret.
1464 3381 1531 3447 Hic
1583 3386 1727 3444 venerat.
1764 3378 1963 3463 Quanquam
1981 3389 2092 3445 sutem
2109 3378 2263 3445 credibile
2280 3386 2339 3457 est,
2359 3379 2456 3461 prius
2473 3376 2562 3445 valde

550 3464 748 3548 Gregorius,
783 3485 825 3528 ne
859 3465 894 3528 in
922 3465 1045 3547 optima
1073 3485 1173 3530 causa
1200 3465 1285 3530 sedis
1313 3486 1390 3531 suae
1419 3463 1530 3532 deson·
1584 3465 1779 3530 deformatas
1811 3466 1911 3530 fuisse
1945 3466 2065 3549 ubique
2097 3466 2264 3542 ecclesias,
2298 3471 2432 3531 constat
2453 3474 2561 3529 tamm

549 3549 675 3634 sioni2)
708 3549 850 3626 deesset,
885 3557 1074 3615 constanter
1107 3571 1141 3614 se
1171 3551 1330 3633 opposuit.
1381 3553 1428 3616 Et
1460 3561 1532 3617 erat
1583 3562 1729 3616 veterem
1757 3552 1911 3617 ecclesiae
1940 3554 2079 3617 formam
2107 3560 2188 3616 tune
2220 3549 2356 3616 demum
2391 3551 2428 3616 in
2460 3549 2560 3617 Gallie

548 3643 637 3701 certe
663 3636 879 3702 intolerabilis
908 3657 992 3715 cum,
1009 3635 1162 3718 superbia
1188 3646 1260 3700 tum
1282 3638 1411 3702 insania
1432 3637 1530 3703 Ioan-
1583 3646 1616 3702 et
1643 3638 1824 3703 Germania
1849 3638 1950 3702 fuisse
1985 3659 2120 3720 prorsus
2154 3636 2370 3701 obliteratam
2423 3637 2560 3703 ursae

549 3722 615 3799 nis,
644 3722 700 3804 qui
727 3723 931 3805 episcopatus
958 3722 1010 3786 sui
1036 3722 1120 3786 fines
1141 3741 1282 3806 aequare
1303 3722 1433 3805 imperii
1455 3725 1530 3788 fini·
1584 3723 1690 3789 adhue
1717 3724 1753 3786 in
1780 3723 1923 3788 archivis
1952 3725 2061 3788 curiae
2089 3723 2277 3806 parisiensis
2296 3723 2417 3788 breves
2436 3722 2558 3788 illorum

549 3808 611 3871 bus
632 3805 769 3873 volebat.
813 3808 929 3891 Neque
956 3816 1068 3873 tamen
1089 3807 1178 3891 quod
1205 3808 1300 3873 alteri
1322 3817 1423 3892 negat
1444 3810 1530 3875 Gre-
1583 3816 1768 3892 temporum
1789 3811 2024 3887 commentarii,
2048 3810 2112 3891 qui,
2136 3810 2192 3874 ubi
2214 3807 2255 3874 de
2276 3809 2377 3874 rebus
2398 3808 2558 3876 ecclesus

549 3893 669 3973 gorius,
687 3891 749 3955 sibi
766 3894 829 3975 ipsi
846 3892 1015 3973 vendicat;
1037 3892 1095 3959 sed
1107 3914 1221 3960 vocem
1235 3894 1335 3973 illam,
1355 3916 1529 3977 aqueeun·
1582 3895 1656 3960 tieis
1677 3896 1796 3978 agitur,
1818 3896 2017 3959 mentionem
2040 3896 2230 3978 pactionum
2249 3896 2386 3973 faciunt,
2415 3904 2493 3961 tum
2510 3893 2557 3961 Pi·

549 3995 611 4058 que
636 3976 769 4041 tandem
795 3988 988 4060 usurpetur,
1016 3990 1054 4044 ut
1080 3980 1252 4046 scelestam
1280 3987 1314 4044 θῖ
1339 3981 1475 4064 impiam
1498 3998 1531 4048 et
1570 3981 1651 4066 pini
1674 3991 1746 4043 tum
1768 3980 1894 4058 Caroli,
1925 4001 2001 4046 cum
2029 4002 2164 4046 romano
2185 3981 2348 4064 pontifice.
2394 3980 2484 4047 Inde
2503 3978 2557 4049 eal·

549 4058 723 4124 nefandam
745 4060 957 4129 abominatur.
997 4065 1087 4146 Quin
1109 4067 1210 4131 etiam
1231 4066 1373 4151 Eulogio
1394 4068 1529 4134 alexan·
1582 4067 1685 4150 ligere
1708 4065 1791 4143 licet,
1815 4069 1935 4132 laeum
1957 4075 2035 4133 tunc
2057 4068 2156 4133 finsse
2183 4068 2304 4132 veteris
2326 4075 2440 4133 status
2463 4072 2557 4133 muh-

549 4145 643 4210 drino
679 4146 828 4229 episcopo
862 4148 978 4213 alicubi
1010 4161 1195 4229 succenset,
1211 4153 1240 4236 ⁸)
1274 4175 1293 4218 a
1326 4174 1389 4235 quo
1422 4155 1530 4220 firerat
1581 4153 1713 4216 tionem.

529 4231 709 4303 ,eiusmodi
730 4232 826 4297 titulo
848 4234 1036 4301 honoratus.
1081 4238 1177 4315 Ecce,
1200 4239 1321 4322 inquit,
1345 4240 1380 4304 in
1402 4242 1530 4323 praefa—
1672 4244 1719 4302 18.
1764 4240 1818 4303 Er
1847 4260 1884 4303 eo
1912 4248 2072 4321 tempore,
2102 4258 2203 4321 quum
2230 4259 2283 4302 res
2305 4239 2434 4322 passim
2454 4237 2489 4303 in
2509 4236 2558 4302 de·

547 4318 637 4383 tione
666 4317 837 4401 epistolae,
866 4340 965 4401 quam
993 4321 1035 4385 ad
1063 4343 1116 4387 mc
1138 4325 1263 4408 ipsum,
1287 4326 1344 4408 qui
1366 4327 1529 4408 prohibui,
1584 4325 1684 4389 terius
1712 4324 1854 4407 quotidie
1882 4324 2145 4408 prolaberentur,
2177 4323 2319 4388 stabilita
2341 4344 2469 4408 quoque
2486 4320 2558 4387 sub·

548 4404 723 4483 direxistis,
745 4405 904 4487 superbae
921 4424 963 4489 ap
986 4406 1148 4473 ollatiouis
1165 4411 1312 4488 verbum,
1335 4432 1455 4494 papam
1476 4434 1530 4477 me
1582 4411 1659 4475 inde
1692 4420 1725 4474 et
1759 4419 1856 4475 aucta
1888 4421 1938 4476 est
1972 4431 2127 4475 romanae
2154 4410 2239 4474 sedis
2266 4412 2433 4494 tyrannim
2463 4405 2559 4491 idque

547 4491 769 4589 universalem
798 4427 1008 4574 appellandb,
1035 4493 1224 4574 imprimere
1250 4499 1404 4577 curastis3
1433 4497 1529 4581 qued,
1582 4498 1806 4579 episcoporum
1829 4498 1949 4579 partim
1971 4497 2114 4574 inscitia,
2143 4496 2265 4578 partim
2288 4497 2433 4580 ignaria
2473 4492 2560 4559 Nam

549 4583 632 4659 peto,
655 4583 811 4643 sanot1tas
832 4584 944 4642 vestra
963 4576 1102 4643 ulterius
1120 4601 1186 4644 non
1207 4581 1320 4661 faeiat;
1343 4585 1420 4666 quia
1437 4584 1530 4650 vobis
1582 4605 1684 4666 quum
1711 4605 1795 4648 unus
1823 4584 1934 4648 omnia
1961 4583 2023 4647 sibi
2051 4588 2209 4659 sumeret,
2239 4602 2276 4646 ae
2303 4582 2376 4647 sine
2407 4578 2502 4647 modo
2528 4598 2558 4645 se

548 4663 769 4741 subtrahitur,
797 4662 885 4746 qued
907 4663 1001 4728 alteri
1022 4664 1097 4746 plus
1119 4686 1218 4747 quam
1239 4669 1343 4751 exigit
1364 4671 1449 4734 ratio
1472 4669 1529 4734 da·
1582 4680 1696 4734 contra
1723 4670 1776 4734 ius
1804 4677 1837 4732 et
1863 4670 1912 4734 fas
1940 4668 2098 4734 extollere
2126 4668 2231 4751 magis
2252 4668 2430 4750 magisque
2451 4684 2558 4752 perge·

549 4755 616 4813 tur:
640 4769 701 4832 ege
723 4749 881 4814 honorem
899 4770 968 4813 nen
989 4748 1120 4832 deputo,
1143 4752 1179 4814 in
1201 4761 1264 4834 que
1282 4754 1421 4818 fratrum
1441 4777 1529 4820 meo·
1582 4763 1646 4834 rot,
1674 4777 1735 4819 nee
1761 4756 1830 4820 zelo
1852 4776 1916 4837 quo
1945 4754 2143 4830 debuerant,
2172 4754 2397 4819 incubuerunt
2426 4748 2558 4838 episoqi

549 4854 625 4898 rum
654 4835 810 4900 honorem
837 4835 943 4899 minui
971 4835 1082 4916 video;
1108 4858 1202 4901 meus
1229 4839 1318 4902 enim
1343 4840 1448 4905 honor
1480 4848 1531 4906 ost
1582 4840 1624 4904 ad
1651 4841 1826 4905 arcendam
1853 4842 1923 4904 eius
1943 4840 2122 4917 libidinem,
2156 4850 2253 4923 atque
2279 4847 2316 4902 ut
2345 4840 2481 4906 animus
2501 4856 2558 4903 non

550 4919 654 4983 honor
676 4921 871 4987 universalis
893 4921 1057 5000 eeclesiae,
1079 4923 1282 5004 fratrumque
1306 4946 1455 4990 meorum
1478 4948 1530 4991 so·
1582 4925 1752 5006 defuisset,
1792 4926 2056 4991 destituebantur
2088 4936 2199 4990 tamen
2232 4946 2311 4991 vera
2343 4925 2501 4991 doct-rina
2532 4930 2559 4989 st

549 5003 636 5067 lidus
656 5006 765 5088 rigon
787 5008 815 5072 si
835 5015 946 5071 autem
965 5009 1185 5073 universalem
1201 5030 1255 5074 me
1272 5031 1391 5092 papam
1409 5014 1530 5079 saneti·
1582 5014 1714 5096 peritia,
1737 5022 1775 5077 ut
1793 5012 1834 5076 ad
1852 5019 1981 5076 tantam
1998 5032 2069 5075 rem
2086 5010 2279 5075 tentandam
2303 5022 2420 5077 essent
2432 5011 2559 5077 minine

550 5096 602 5152 tas
622 5098 733 5154 vestra
754 5091 841 5171 dicit,
863 5100 964 5176 negat
991 5116 1026 5160 se
1048 5094 1110 5159 hoc
1132 5115 1204 5159 esse
1226 5095 1312 5177 quod
1334 5119 1387 5162 me
1409 5099 1531 5163 fatetur
1581 5099 1699 5164 idonei.
1743 5100 1860 5180 Itaque
1888 5098 2038 5163 videmus
2065 5098 2170 5180 qualis
2192 5098 2299 5161 fuerit
2312 5103 2347 5161 et
2367 5119 2475 5181 quam
2496 5116 2560 5183 pre·

551 5174 750 5239 universum.
794 5177 889 5242 Bona
908 5166 1040 5260 quidem
1062 5189 1134 5246 erat
1160 5189 1194 5246 et
1215 5181 1355 5247 honesta
1377 5183 1531 5268 Gregorii
1581 5186 1706 5269 digiosa
1727 5186 1853 5250 Romae
1874 5185 2020 5249 omnium
2046 5204 2214 5249 sacrorum
2235 5183 2437 5265 profanatio,
2466 5191 2502 5253 et
2519 5189 2560 5249 te·

549 5279 665 5358 causa}
682 5258 739 5325 sed
756 5260 906 5359 Ioannes,
924 5265 1072 5331 Mauritii
1089 5267 1420 5350 imperatorisfavore
1437 5269 1530 5335 adiu-
1581 5272 1648 5337 tius
1674 5270 1884 5337 ecclesiastici
1911 5269 2034 5335 ordinis
2060 5269 2228 5352 dissipatio
2250 5269 2425 5336 Bernardi
2454 5276 2561 5337 ceta&

549 5354 614 5424 tus,
634 5344 794 5411 dimoveri
816 5350 1017 5430 apropesito
1033 5373 1101 5418 non
1163 5354 1235 5419 tuit
1271 5352 1432 5440 (lyriaous
1450 5377 1530 5440 quo-
1582 5356 1803 5441 Oonqueritur
1820 5354 1844 5441 ¹)
1872 5377 1915 5421 ex
1942 5363 2010 5421 tote
2037 5356 2115 5421 orbe
2142 5355 2285 5420 Romam
2306 5356 2482 5423 confluere
2502 5374 2563 5422 en·

550 5451 613 5514 que
636 5432 706 5533 eius
728 5452 897 5498 successor
917 5456 1085 5518 nunquam
1107 5374 1207 5504 dboea
1225 5462 1262 5506 re
1282 5461 1401 5524 passus
1422 5449 1474 5508 est
1495 5465 1530 5508 se
1582 5443 1730 5523 bitiesos,
1752 5463 1881 5522 avares,
1908 5443 2118 5519 simoniacos,
2146 5439 2336 5523 sacrilegos,
2367 5443 2564 5511 concubina·

548 5538 686 5583 exorari.
1581 5531 1657 5608 n'os,
1678 5530 1891 5607 incestuosos,
1914 5535 1947 5593 et
1967 5548 2114 5610 quaeque
2134 5524 2321 5592 istiusmodi
2342 5533 2565 5609 monstrant

554 5742 560 5759 .
621 5723 651 5786 1)
669 5724 809 5792 provincia
832 5721 1024 5779 1592-1637.
1093 5728 1124 5795 ¹2)
1143 5728 1197 5785 Ed.
1220 5730 1289 5784 1607
1305 5733 1402 5788 mim
1419 5735 1530 5803 mm
1741 5706 1744 5711 .
1783 5705 1786 5711 ,

551 5788 726 5855 descensioni,
746 5792 811 5847 inde
828 5792 896 5846 1617
912 5793 1082 5846 dimensioni.
1152 5796 1182 5865 8)
1200 5800 1275 5854 Libr.
1294 5799 1318 5853 l.
1336 5802 1415 5869 epist
1433 5801 1476 5858 80.
1650 5803 1680 5871 1)
1697 5804 1772 5856 Lib„
1792 5802 1813 5852 1¹
1833 5799 1867 5849 ,10
1886 5802 2018 5855 consider.
2037 5801 2073 5853 nd
2090 5799 2248 5870 Eugenium·
