5600 6809
387 806 448 867 653
626 799 716 865 IdB.
739 799 804 864 111.
848 800 912 865 DE
934 796 1070 864 MODO
1091 796 1443 866 PEROIPIENDAE
1466 797 1656 866 OHRIS'PI
1678 797 1897 866 annm.
1942 786 2041 865 OAP.
2065 799 2144 864 XX.
2325 803 2388 865 654

387 1011 527 1056 emenus
548 988 654 1070 (uenti
669 987 858 1068 posthabitis
874 987 1016 1051 omnibus
1038 986 1207 1067 saemfimis
1232 1009 1254 1051 a
1275 987 1363 1052 nobis
1413 1007 1501 1066 mus,
1530 991 1686 1068 acceptum
1711 986 1842 1067 suentes
1869 988 1937 1051 eius
1966 988 2148 1052 liberalitati
2169 987 2324 1069 quidquid
2345 990 2389 1053 ad

389 1077 443 1142 boc
459 1077 589 1157 putatis
609 1074 747 1155 officium
768 1074 878 1156 eciqit)
906 1092 966 1135 non
994 1073 1062 1136 sine
1082 1072 1246 1153 manifesto
1265 1073 1363 1137 sacri-
1414 1093 1470 1137 nos
1487 1072 1634 1137 bonorum
1652 1074 1802 1152 peruenit.
1842 1072 1956 1154 Itaque
1972 1073 2055 1138 duas
2071 1074 2150 1137 istos
2162 1079 2273 1152 partes
2289 1075 2388 1139 simul

389 1163 466 1245 topia
484 1162 652 1226 mationem
668 1159 711 1223 ad
728 1159 809 1223 alios
826 1158 933 1240 diripi.
966 1156 1051 1221 Unde
1068 1158 1163 1223 etiam
1179 1159 1214 1221 in
1234 1157 1362 1222 Psalmo
1414 1159 1590 1239 complosus
1603 1163 1648 1223 est
1663 1157 1774 1222 Dauid
1790 1158 1892 1242 (Psal.
1915 1164 1964 1236 50,
1991 1157 2061 1239 15):
2081 1160 2190 1224 inoooa
2210 1178 2259 1222 me
2280 1159 2316 1223 in
2335 1161 2388 1225 die

391 1248 462 1332 (44,
487 1247 543 1329 21)
570 1246 704 1311 dieitur:
732 1245 763 1308 si
790 1245 1001 1323 expandimus
1026 1262 1140 1306 monus
1167 1248 1291 1308 nostros
1320 1243 1362 1308 ad
1414 1245 1619 1310 necessitatis:
1646 1263 1756 1307 emtam
1781 1249 1822 1322 tc,
1851 1243 2088 1326 etqlorifieabis
2108 1264 2165 1310 me.
2217 1243 2388 1326 Utrumque

389 1335 481 1399 deum
513 1333 665 1407 alienum,
697 1350 798 1395 nonne
827 1329 915 1394 Deus
947 1330 1080 1408 requiret
1111 1328 1197 1392 isto?
1238 1327 1362 1394 Deinde
1414 1330 1503 1394 nobis
1529 1331 1714 1393 continenter
1740 1329 1776 1393 in
1803 1350 1865 1393 usu
1892 1350 1957 1394 esse
1988 1351 2050 1396 non
2081 1329 2137 1394 obs
2169 1351 2203 1393 rc
2228 1331 2388 1411 praecipit

388 1439 486 1501 quum
508 1417 598 1481 Deus
618 1416 744 1480 nonnisi
770 1436 808 1478 en
834 1415 897 1495 fide
922 1413 996 1478 oelit
1022 1415 1177 1492 invocari,
1203 1415 1363 1478 etdmute
1414 1418 1582 1495 scriptura.
1628 1414 1764 1479 Tantam
1790 1416 1874 1478 enim
1899 1421 2039 1481 nostram
2059 1437 2123 1481 csse
2145 1416 2288 1494 inopiam
2309 1416 2387 1480 alibi

391 1505 434 1570 ad
455 1504 608 1568 amussim
628 1501 712 1566 oerbi
732 1502 784 1565 sui
807 1501 960 1564 oratiories
979 1500 1117 1580 formari
1138 1499 1255 1578 iubeat,
1277 1500 1363 1564 deni-
1414 1501 1571 1577 diximus,
1598 1520 1649 1564 res
1675 1520 1746 1565 nero
1767 1501 1840 1579 ipsa
1866 1500 1980 1565 clamat
2005 1507 2046 1564 tot
2071 1521 2109 1565 ac
2137 1502 2234 1565 tantis
2254 1520 2310 1564 nos
2331 1522 2387 1566 am

391 1610 449 1671 que
470 1609 567 1670 quum
585 1587 672 1667 fides,
694 1589 729 1651 in
743 1585 832 1650 uerbo
852 1586 1003 1667 fundata,
1031 1586 1074 1650 sit
1095 1590 1193 1651 rectae
1213 1585 1363 1649 orationis
1413 1587 1528 1668 qustiis
1547 1586 1686 1665 undique
1707 1587 1814 1667 urqeri
1835 1607 1872 1650 ac
1887 1587 2006 1667 muni,
2034 1593 2070 1651 ut
2096 1589 2178 1651 satis
2205 1587 2247 1651 sit
2273 1606 2388 1652 causae

391 1680 505 1740 mater:
533 1674 667 1738 simulac
688 1693 709 1736 a
730 1671 818 1737 uerbo
846 1672 1026 1750 deflectitur,
1054 1672 1225 1735 orationem
1245 1670 1362 1734 adulte·
1415 1671 1564 1749 mnibus
1587 1691 1643 1734 cur
1664 1671 1792 1736 assidue
1816 1677 1941 1753 panant
1968 1678 1996 1736 et
2022 1675 2181 1752 suspirent
2210 1672 2252 1736 ad
2273 1671 2388 1752 Deum,

390 1762 463 1825 rari
480 1780 598 1824 nuesse
616 1763 667 1822 est.
699 1758 800 1838 Atqui
817 1759 883 1822 iem
900 1761 1055 1821 onmium
1070 1761 1122 1832 est,
1145 1756 1175 1820 si
1191 1755 1363 1821 connititur
1414 1758 1631 1840 supplicesque
1657 1777 1727 1820 eum
1752 1756 1926 1836 implorent.
1971 1758 2058 1822 Nam
2086 1758 2143 1823 etsi
2169 1757 2308 1821 erebus
2333 1759 2389 1822 od·

391 1851 454 1911 toto
481 1846 646 1925 scripturo,
669 1843 735 1908 illie
756 1842 837 1907 buno
858 1842 1002 1907 bonmem
1022 1841 1082 1906 soli
1103 1841 1171 1906 Deo
1192 1842 1362 1907 vendicari.
1413 1843 1513 1908 uerus
1534 1844 1599 1906 sint
1620 1844 1790 1921 immunes,
1818 1844 2032 1908 sanctissimos
2052 1849 2154 1908 tamm
2182 1862 2316 1923 quasque
2335 1844 2389 1908 sti·

395 1931 483 2013 Quod
504 1932 548 1995 ad
567 1929 795 1994 intercessionis
816 1948 931 1993 munus
949 1929 1088 2007 pertinet,
1109 1929 1203 1992 etiam
1224 1928 1363 1992 uidimus
1414 1929 1535 1994 mutare
1556 1926 1639 1992 debet
1659 1928 1809 1993 sederam
1830 1948 1960 1992 suorum
1979 1930 2081 2009 culpa,
2102 1928 2389 1995 mediterranea·
2442 1972 2449 1995 .

394 2015 516 2081 Gliristo
541 2014 702 2094 peculiare
733 2035 815 2092 esse,
848 2034 902 2078 nee
930 2014 1030 2078 ullam
1057 2012 1273 2096 Deo'pratom
1299 2032 1364 2077 esse
1413 2016 1615 2078 tentationum
1646 2013 1791 2092 insrdtus,
1818 2014 1861 2078 ad
1889 2016 2088 2095 eupetendnun
2119 2014 2295 2078 remedium.
2346 2013 2389 2077 In

387 2102 594 2184 precationem
620 2101 686 2164 nisi
714 2120 809 2181 quam
834 2101 985 2165 mediator
1010 2099 1065 2164 ille
1091 2099 1270 2179 sordificat.
1313 2098 1364 2163 de
1414 2100 1571 2181 sauitino
1599 2104 1701 2163 autem
1727 2099 1835 2164 landis
1868 2105 1896 2163 et
1925 2102 2105 2182 pretiorum
2136 2099 2268 2164 actionis
2299 2098 2388 2167 reuda

390 2188 514 2252 tametsi
539 2187 645 2267 fideles
671 2185 754 2250 ultro
781 2185 916 2266 citroque
938 2205 1046 2264 preces
1073 2186 1160 2265 apind
1181 2184 1285 2248 Deum
1301 2204 1363 2266 pro
1414 2206 1480 2250 esse
1495 2190 1601 2265 potest=
1616 2186 1684 2251 sine
1705 2186 1815 2250 scelere
1835 2186 2037 2265 interruptio,⁴
2064 2185 2189 2265 quondo
2209 2204 2270 2248 non
2291 2190 2389 2249 ussat

390 2272 544 2353 fratribins
562 2273 702 2352 offerunt,
724 2271 779 2336 loe
794 2271 875 2335 nileil
895 2273 1006 2334 urticae
1019 2269 1136 2335 Geren
1153 2270 1363 2358 intercessioni
1415 2270 1505 2335 Deus
1526 2272 1593 2336 alia
1614 2272 1691 2335 aliis
1711 2271 1857 2351 leuticia
1883 2271 2056 2350 mmulare,
2083 2276 2119 2333 ut
2145 2290 2216 2347 nos,
2244 2271 2389 2350 quamvis

389 2360 538 2440 deroqare
554 2358 757 2422 ostendimus:
778 2357 854 2436 quio
871 2376 974 2420 omnes
990 2356 1085 2421 simul
1102 2377 1139 2420 eo
1156 2356 1282 2420 adiici
1299 2360 1363 2419 tam
1415 2359 1510 2422 lenus
1527 2357 1685 2439 etpiqros,
1708 2357 1751 2420 ad
1765 2356 1989 2439 qratitudinem
2006 2362 2100 2440 capot.
2130 2356 2274 2435 Denique
2293 2362 2388 2420 tanta

390 2464 423 2541 se
451 2444 664 2593 q'beemboeabwb
672 2442 744 2593 ¹Dilo
753 2442 1088 2592 magnammdongtmdd
1109 2441 1182 2505 baec
1202 2442 1363 2590 delinimus
1415 2450 1542 2592 aleta?
1563 2442 1668 2592 {gum
1688 2442 1932 2592 laerglelacterutpr
1953 2444 2020 2541 eius
2046 2442 2182 2590 largit&
2204 2460 2265 2503 nos
2283 2460 2387 2521 paene

390 2549 470 2593 mser
606 2549 643 2590 ra
665 2550 714 2592 co
834 2548 899 2606 uos,
920 2549 963 2607 qu
1051 2546 1210 2608 'nusquam
1257 2545 1364 2609 pimus
1414 2550 1537 2604 orm,
1635 2549 1673 2592 ae
1783 2549 1884 2610 ingen
1912 2545 2023 2592 aelus
2044 2547 2145 2591 mnae
2181 2547 2215 2603 a,
2242 2546 2386 2607 quaqua·

390 2615 575 2678 mandatum
601 2633 667 2678 esse
687 2617 722 2677 nt
736 2633 800 2694 pro
820 2613 908 2679 nobie
928 2619 1020 2678 orent.
1066 2611 1166 2694 Saepe
1186 2633 1242 2677 nos
1264 2614 1362 2694 scrip-
1415 2635 1547 2679 versum
1569 2620 1704 2695 spectes,
1726 2622 1916 2691 cernuntur,
1938 2620 1977 2677 ut
1996 2634 2166 2695 nunquam
2187 2611 2280 2675 nobis
2303 2610 2388 2674 desit

389 2704 466 2764 turo
486 2699 627 2763 bortatnr
649 2700 692 2764 ad
711 2703 838 2763 mertuos
858 2698 955 2762 buius
975 2697 1072 2779 oflicii
1097 2700 1194 2776 eices;
1219 2698 1257 2763 de
1282 2718 1363 2763 mor·
1413 2698 1520 2765 laudis
1548 2699 1791 2783 gratiarumque
1813 2700 1948 2763 aetionis
1970 2705 2202 2781 argumentum
2224 2717 2262 2760 ae
2283 2702 2387 2761 mate·

389 2786 454 2849 tuis
480 2806 518 2849 ne
544 2783 666 2865 syllaba
693 2784 825 2865 quidem.
870 2783 940 2848 Ima
968 2782 1099 2848 Iambus
1127 2783 1177 2865 (5,
1204 2783 1267 2868 16),
1287 2783 1362 2848 baec
1414 2788 1472 2850 ria
1516 2787 1642 2867 Atque,
1670 2791 1709 2847 ut
1729 2783 1810 2849 haee
1832 2784 1962 2865 planius
1985 2785 2151 2866 aliquante
2172 2782 2386 2863 explicentur,

389 2871 450 2935 duo
477 2870 676 2952 ooniunpons,
708 2874 744 2933 ut
770 2868 970 2949 mefiteamur
990 2874 1118 2950 peecata
1144 2874 1252 2934 nostra
1279 2871 1362 2935 iuter
1413 2892 1515 2955 quum
1538 2872 1584 2936 sie
1605 2871 1642 2934 in
1663 2870 1734 2933 Deo
1756 2890 1831 2951 spes
1851 2889 1964 2933 omnes
1986 2889 2126 2951 opesque
2148 2874 2280 2932 nostrae
2305 2868 2388 2932 sitae

387 2975 456 3033 nos,
485 2960 514 3020 et
534 2955 675 3020 uenum
696 2955 756 3019 alii
771 2975 835 3034 pro
856 2955 933 3018 aliis
953 2975 1088 3034 menas,
1114 2959 1251 3020 modios
1271 2957 1362 3021 tacite
1414 2958 1482 3023 sint
1503 2955 1694 3042 (quodiam
1716 2962 1812 3018 antea
1833 2955 1912 3019 satis
1934 2953 2108 3037 probatum
2130 2955 2204 3035 est),
2226 2959 2388 3034 utusque

386 3041 530 3106 maledi.
575 3039 717 3106 Proinde
737 3041 780 3105 ad
802 3039 884 3104 bunc
905 3060 1040 3104 errorem
1061 3041 1277 3106 damnandum
1297 3042 1363 3122 suf-
1413 3063 1489 3121 nos,
1515 3063 1621 3123 neque
1649 3048 1762 3105 nostra
1783 3040 1893 3105 omnia
1911 3060 2065 3122 prospere
2087 3037 2209 3103 habere
2230 3038 2295 3101 nisi
2317 3039 2387 3102 eius

386 3126 452 3206 ficit
478 3147 545 3191 una
570 3125 628 3190 illa
653 3127 749 3205 ratio,
782 3126 945 3190 aemilium
974 3128 1034 3190 rite
1064 3127 1179 3191 mandi
1206 3127 1295 3191 nasci
1323 3146 1362 3192 cn
1413 3128 1636 3194 benedietione
1667 3127 1847 3208 possimus,
1888 3124 2017 3190 assidue
2057 3145 2117 3189 nos
2150 3124 2180 3187 ei
2212 3131 2387 3203 nostraque

385 3210 463 3290 fide,
488 3211 582 3291 idun
607 3232 678 3277 oero
707 3231 772 3277 esse
792 3231 831 3275 ee
852 3212 964 3276 andiu
983 3212 1067 3276 oerbi
1089 3211 1168 3290 Dei,
1194 3211 1250 3276 ubi
1270 3211 1362 3277 nulla
1413 3214 1523 3278 omnia
1544 3219 1672 3295 oportet
1692 3211 1964 3276 commendemus.
1999 3209 2129 3275 Deinde
2151 3207 2308 3291 quidquid
2331 3207 2387 3272 de-

386 3296 515 3377 fictitiae
546 3298 773 3362 intercessionis
804 3299 935 3377 nurtio;
966 3299 1045 3379 quio
1076 3302 1184 3362 umus
1210 3302 1362 3378 patronos
1412 3300 1605 3374 liberamus,
1640 3298 1817 3379 loquimur,
1850 3297 1993 3381 murus,
2027 3296 2088 3361 sub
2120 3296 2190 3360 eius
2218 3315 2320 3358 manu
2348 3315 2387 3360 ao

386 3382 449 3447 sibi
476 3383 586 3447 mcioit
611 3384 806 3464 superstitio,
832 3384 888 3463 qui
915 3384 1069 3449 diuinitus
1094 3384 1162 3448 dati
1181 3403 1244 3448 non
1264 3388 1360 3448 eam.
1413 3384 1676 3462 voluntatssub
1699 3404 1756 3466 spe
1778 3383 1916 3465 denique
1938 3381 2053 3448 auxilii
2070 3382 2140 3447 eius
2158 3378 2385 3460 deliberemus,

389 3468 477 3533 Nam
498 3488 595 3550 quum
616 3468 724 3533 multis
739 3468 894 3548 precandi
911 3468 1024 3549 formis
1050 3468 1167 3551 referta
1194 3470 1237 3533 sit
1263 3470 1362 3548 strip
1412 3471 1600 3553 loquamur,
1627 3490 1772 3553 agamus
1817 3467 1942 3534 Omnes
1968 3469 2059 3533 enim
2081 3487 2101 3530 a
2120 3466 2195 3532 Deo
2219 3465 2386 3531 maledieti

387 3560 475 3632 nara,
502 3554 626 3618 nudum
652 3557 809 3634 reperitur
829 3555 1002 3635 euernplurn
1022 3554 1120 3619 buius
1140 3554 1360 3633 minume,
1412 3556 1681 3640 pronuntiantur,
1704 3556 1761 3638 qui
1782 3556 1833 3620 sui
1854 3555 2029 3619 alteriusve
2051 3552 2234 3635 cuiuspiam
2254 3551 2384 3630 fiducia,

386 3641 456 3705 sine
483 3661 546 3721 qua
573 3642 610 3704 in
631 3645 756 3720 papatu
783 3639 874 3705 nulla
901 3640 1036 3705 oroditm
1061 3660 1127 3705 esse
1153 3641 1261 3706 oratio.
1304 3639 1361 3706 Aa
1412 3641 1549 3708 consilia
1569 3641 1699 3726 agitant
1720 3662 1758 3705 aa
1778 3647 1929 3706 statuunt
1950 3640 2031 3789 lm
2054 3644 2091 3718 4,
2118 3643 2174 3718 143
2197 3638 2259 3703 Ies.
2284 3642 2341 3717 30,
2367 3642 2381 3700 l

386 3723 460 3792 baec
481 3727 729 3805 superstitionun
750 3725 830 3790 bone
850 3731 967 3790 constat
987 3745 1026 3791 en
1046 3725 1225 3806 diffidentia
1251 3731 1361 3791 mmm
1412 3736 1446 3792 et
1468 3731 1524 3806 31,
1551 3728 1597 3809 l);
1624 3729 1681 3809 qui
1708 3735 1802 3791 extra
1823 3726 1894 3790 eius
1916 3746 1957 3791 vo
1971 3730 2132 3803 untatem,
2160 3726 2296 3807 ipsoque
2317 3744 2385 3788 non

386 3831 465 3876 esse:
486 3812 562 3892 qnia
579 3811 626 3876 oel
645 3809 768 3876 Obruta
789 3812 983 3891 deprecatore
1003 3812 1132 3877 umenti
1151 3830 1214 3876 non
1233 3812 1359 3893 fuerirrt,
1410 3814 1572 3892 invocata,
1594 3811 1772 3896 quidquam
1793 3811 1975 3876 moliuntur
1992 3818 2050 3876 aut
2069 3811 2224 3875 inchoare
2245 3815 2383 3873 tentant

384 3897 433 3961 vel
460 3917 531 3961 eum
557 3898 680 3961 annino
706 3896 909 3978 spoliaverint
934 3897 992 3961 boc
1026 3897 1126 3962 uude.
1169 3898 1274 3980 Atque
1305 3896 1361 3963 boe
1410 3899 1457 3964 Et
1476 3920 1578 3982 quum
1598 3901 1666 3964 iam
1681 3898 1848 3979 aliquoties
1868 3897 1990 3963 dictum
2013 3897 2065 3975 sit,
2087 3897 2170 3960 inito
2187 3914 2258 3959 eum
2273 3893 2385 3960 bonne

381 3984 539 4062 posterius
560 4004 599 4046 ere
619 4001 725 4047 eonem
745 3983 938 4062 impudentia
957 3983 1051 4063 faede
1066 3985 1262 4066 comquitur:
1283 3984 1360 4064 quio
1411 3986 1498 4067 affici
1517 3985 1573 4050 ubi
1598 3985 1759 4050 bonorum
1787 3984 1936 4047 omnium
1960 3989 2056 4046 autor
2083 3981 2284 4066 agnoscitur,
2313 3979 2386 4044 inde

384 4088 447 4132 non
467 4068 530 4132 alio
552 4068 705 4132 validm
726 4073 905 4150 argumento
920 4075 1073 4150 puqnant,
1095 4088 1173 4150 opus
1190 4070 1278 4135 nobis
1295 4089 1359 4133 esse
1410 4072 1634 4152 consequitur,
1658 4071 1705 4135 sie
1726 4090 1768 4133 ex
1789 4089 1891 4133 manu
1913 4069 1984 4133 eius
2004 4066 2213 4150 suseipienda
2234 4087 2306 4130 esse
2326 4064 2385 4130 illa

383 4159 562 4218 sanderum
583 4154 776 4234 patrocinio,
804 4173 899 4234 quam
925 4155 1002 4219 dnm
1029 4153 1190 4233 obiiciunt,
1217 4175 1273 4218 nos
1294 4175 1359 4220 esse
1410 4157 1535 4234 omnia,
1563 4163 1601 4220 ut
1629 4154 1761 4220 assidua
1781 4153 1962 4238 gratiarum
1983 4152 2112 4230 senone
2133 4170 2384 4236 prosequamur;

383 4239 530 4322 indipnos
550 4239 710 4321 familiari
727 4237 893 4303 adiDeum
911 4259 1042 4305 ocussu.
1077 4240 1165 4320 Quod
1186 4261 1243 4305 nos
1263 4242 1359 4305 ocris-
1410 4242 1600 4324 nullamque
1622 4262 1693 4307 esse
1713 4241 1834 4305 iustam
1855 4240 2017 4304 rationem
2044 4259 2111 4321 qua
2137 4239 2207 4302 eius
2229 4235 2386 4300 beneficia

383 4326 500 4389 amum
518 4327 644 4407 quidem
661 4344 726 4389 esse
744 4324 891 4405 fatunm,
912 4327 974 4390 sed
987 4324 1061 4389 inde
1077 4325 1260 4408 eollipimus,
1277 4324 1359 4390 nibil
1409 4347 1621 4410 usurpemus,
1653 4347 1737 4410 quae
1767 4346 1835 4390 non
1868 4325 1932 4390 alio
1964 4326 2030 4390 fine
2063 4324 2104 4389 ab
2132 4324 2203 4387 eius
2230 4320 2243 4384 l
2306 4320 2385 4384 'tate

383 4431 433 4475 eos
462 4410 585 4477 Cbristo
616 4411 775 4492 reliquum
804 4411 907 4491 facem
938 4413 994 4492 qui
1018 4431 1082 4490 pro
1112 4410 1212 4476 nibilo
1243 4412 1359 4476 ducum
1410 4412 1504 4478 nobis
1520 4415 1692 4495 profluunt
1712 4432 1750 4477 ae
1771 4412 1985 4494 proveniunt,
2016 4411 2080 4475 nisi
2109 4409 2209 4473 etiam
2229 4406 2267 4470 in
2288 4403 2385 4502 ,aude

383 4498 451 4560 eius
472 4498 733 4574 intercessionum,
760 4497 827 4560 nisi
849 4498 992 4564 accedant
1016 4497 1169 4580 Georgius
1189 4502 1217 4561 et
1237 4496 1359 4578 Hippo
1410 4501 1481 4564 eius
1513 4498 1698 4565 confitenda
1730 4504 1764 4561 et
1796 4497 1911 4581 gratiis
1945 4495 2081 4578 agendis
2113 4491 2236 4558 assidui
2270 4511 2382 4555 armus

383 4581 475 4662 lptus,
498 4589 554 4648 out
575 4584 696 4649 sirniles
718 4583 834 4648 larvae.
1409 4584 1536 4650 Paulus
1557 4586 1655 4664 enim,
1678 4585 1758 4648 dum
1780 4589 1920 4648 testatur
1942 4583 1974 4665 (l
2000 4582 2082 4644 Tim.
2108 4587 2137 4656 4,
2155 4576 2206 4675 ⁸5),
2228 4596 2289 4674 per
2310 4596 2385 4675 ver·

470 4670 521 4732 28.
552 4669 657 4750 ¹)Etsi
675 4674 778 4734 autem
795 4669 896 4735 aratio
906 4670 1039 4749 proprie
1056 4669 1099 4734 ad
1120 4672 1190 4733 vota
1206 4673 1234 4732 u
1250 4688 1360 4749 preces
1409 4671 1488 4735 bum
1515 4678 1549 4735 et
1575 4672 1754 4736 orationem
1781 4667 1992 4743 sanedfieari,
2025 4662 2122 4730 simul
2153 4667 2278 4738 mnurt,
2312 4681 2384 4726 srne

383 4753 598 4835 restrinqitur,
626 4760 714 4820 tanta
741 4760 786 4820 est
813 4760 914 4819 tamen
942 4756 1023 4820 inter
1037 4754 1220 4835 petitionem
1240 4760 1269 4820 et
1285 4775 1359 4838 qro-
1410 4756 1510 4821 verbo
1528 4765 1562 4822 et
1581 4758 1726 4823 oratione
1746 4756 1881 4819 minime
1901 4763 2014 4818 saneta
2035 4754 2062 4815 et
2077 4768 2166 4846 pura
2187 4745 2383 4845 nobis'essm

383 4839 503 4902 tiorum
531 4840 679 4903 actionem
705 4840 862 4920 affinitas,
894 4845 929 4905 nt
960 4841 1112 4907 commode
1144 4840 1203 4905 sub
1236 4843 1359 4905 nomine
1409 4864 1468 4924 per
1497 4841 1634 4908 verbum
1662 4841 1785 4908 seilicet
1811 4839 1911 4904 fidem
1938 4841 2157 4919 metonymian
2186 4831 2382 4916 intelligens

382 4944 445 4987 uno
462 4922 676 5004 comprehendi
692 4932 813 5005 queant.
848 4927 935 4993 Nam
954 4948 1035 5010 quas
1055 4927 1180 4992 Paulus
1200 4931 1361 4993 enumerat
1408 4928 1553 4993 Proinde
1580 4928 1747 5012 eleganter
1773 4922 1885 4991 David
1911 4921 2013 5005 (Psal.
2037 4925 2092 4999 40,
2116 4920 2167 4999 4),
2202 4917 2281 4982 dum
2308 4938 2382 5000 per·

383 5010 513 5089 species,
545 5008 602 5072 sub
630 5011 728 5088 prius
752 5011 924 5078 menbrum
950 5013 1048 5079 buius
1069 5014 1255 5096 portitoris
1282 5013 1358 5079 reci·
1409 5021 1503 5097 nepta
1519 5013 1657 5079 Domini
1676 5011 1871 5089 liberalitate
1888 5006 2002 5072 datum
2019 5007 2081 5071 sibi
2102 5006 2139 5069 in
2160 5026 2196 5070 os
2218 5003 2382 5068 senticum

382 5097 469 5160 dunt.
515 5094 666 5177 Roqando
698 5099 725 5159 et
750 5098 909 5176 precando
940 5099 1098 5164 desideria
1129 5104 1238 5164 nostra
1269 5097 1358 5181 apud
1409 5121 1532 5167 novum
1560 5099 1734 5183 praedicat
1780 5093 1854 5175 Quo
1888 5092 2011 5158 scilieet
2041 5092 2165 5169 innuit,
2199 5089 2382 5173 malignum

382 5180 489 5245 Deum
506 5181 704 5262 effundimus,
722 5187 885 5259 poscentes
901 5187 966 5246 tam
982 5204 1062 5264 quae
1081 5186 1203 5265 faciunt
1223 5186 1267 5250 od
1281 5205 1357 5265 pro-
1408 5207 1479 5251 esse
1506 5187 1688 5262 silentium,
1717 5183 1745 5248 si
1766 5178 1853 5263 quod
1875 5179 1945 5243 cius
1966 5177 2161 5243 beneficium
2188 5176 2258 5240 sine
2283 5173 2382 5238 laude

377 5268 564 5350 papandom
590 5267 659 5331 eius
684 5266 820 5350 ploriam
847 5271 874 5330 et
901 5267 1129 5332 illustrandum
1149 5271 1218 5334 uus
1238 5291 1355 5349 nomen,
1407 5272 1637 5354 praeterimus;
1659 5288 1762 5352 quum
1783 5267 1879 5330 toties
1900 5261 2110 5330 benedicendi
2130 5260 2303 5327 materiam
2320 5278 2381 5322 no-

347 5370 350 5375 ·
382 5373 478 5433 quom
506 5351 651 5432 beneficia
679 5372 760 5435 quae
781 5352 857 5415 nari
876 5355 980 5416 nostro
1000 5352 1178 5418 oondueunt.
1225 5354 1357 5420 Gratias
1408 5358 1459 5422 bis
1482 5356 1643 5434 exhibeat,
1668 5354 1795 5437 quoties
1819 5351 1986 5416 benefacit.
2033 5349 2121 5415 Sicrd
2144 5348 2237 5412 etiam
2255 5344 2382 5411 Iesaias

381 5439 514 5521 aperio,
544 5437 700 5521 bmesaem
727 5440 796 5504 eim
822 5457 898 5521 erpa
924 5456 981 5502 nos
1008 5439 1094 5502 iusta
1115 5437 1208 5502 wude
1228 5439 1356 5504 eelemo-
1409 5442 1555 5527 (4210),
1576 5441 1767 5525 sinpularem
1788 5436 1853 5503 Dei
1870 5437 2010 5521 qratiam
2024 5435 2225 5518 praedicans,
2247 5431 2289 5495 ad
2309 5450 2381 5494 eam

380 5577 584 5588 ..ww
1408 5527 1504 5592 tuum
1529 5546 1643 5591 norum
1673 5530 1701 5591 et
1731 5545 1793 5590 non
1823 5523 1951 5607 mlpare
1981 5522 2124 5587 bomatm
2152 5517 2269 5614 fideles
2314 5515 2381 5597 Qua

1295 5740 1299 5747 i
1533 5746 1541 5775 ‚
2241 5737 2248 5752 .
