5600 6809
291 816 297 826 ,
411 747 469 809 197
774 741 863 807 LIB.
887 742 932 807 Π.
976 743 1040 807 DE
1063 739 1351 809 coeNffloNu
1374 742 1458 808 DEI
1480 743 1825 810 REDElffvORIS.
1872 745 1971 812 OAP.
1993 747 2039 813 [L
2346 756 2409 817 198

406 953 473 996 non
500 932 548 995 ita
575 929 706 1013 stupida
732 936 783 995 est
810 931 888 1013 quin
916 932 1072 1014 exiguum
1099 930 1255 1013 quiddam
1284 933 1377 998 et-de
1429 932 1491 996 bus
1517 930 1680 996 discendis
1707 930 1832 1011 idonei,
1861 935 1941 998 satis
1969 942 2079 1000 tamen
2108 939 2291 1004 communis
2312 961 2408 1004 ener-

405 1016 630 1101 superioribus
651 1015 778 1094 delibet,
798 1023 965 1098 utcunque
982 1016 1202 1100 neghgentius
1220 1017 1285 1082 illis
1303 1040 1377 1102 per·
1429 1018 1503 1100 giae
1525 1026 1650 1081 certum
1671 1017 1836 1099 specimen
1860 1028 1918 1094 est,
1942 1020 2027 1101 quod
2049 1043 2145 1086 nemo
2165 1045 2266 1106 prope
2284 1027 2408 1108 reperi·

405 1101 576 1168 contendis
607 1110 714 1180 vacet;
753 1123 818 1167 non
850 1101 883 1165 id
914 1100 1046 1184 quidem
1078 1124 1181 1185 aequa
1212 1105 1375 1169 facultate.
1429 1111 1485 1166 tur
1506 1103 1598 1168 cuius
1615 1102 1650 1167 in
1669 1112 1738 1167 arte
1757 1104 1866 1185 eliqua
1882 1107 2112 1187 perspicientia
2129 1130 2196 1172 non
2214 1131 2248 1175 se
2266 1120 2406 1176 exserat

405 1190 492 1254 Nam
516 1209 619 1270 quum
647 1207 748 1269 supra
773 1189 860 1253 vitae
888 1189 1068 1270 praesentis
1095 1190 1236 1271 spatium
1266 1191 1377 1256 evehi·
1428 1189 1542 1270 Neque
1571 1189 1640 1252 sola
1669 1190 1814 1271 suppetit
1836 1189 1878 1252 ad
1900 1189 2090 1255 discendum
2118 1197 2251 1277 energia
2273 1203 2306 1259 et
2328 1197 2406 1262 faoi-

405 1283 471 1349 tur,
499 1281 573 1337 tum.
591 1274 765 1356 praecipue
788 1273 919 1338 demum
948 1274 1151 1339 convincitur
1173 1296 1251 1340 suae
1273 1275 1376 1339 imbe·
1428 1274 1511 1352 litas,
1535 1272 1592 1339 sed
1610 1274 1651 1337 ad
1669 1274 1921 1356 excogitandum
1938 1276 1973 1339 in
1986 1298 2181 1360 unaquaque
2198 1290 2266 1345 arte
2281 1304 2405 1347 novum

404 1361 557 1424 cillitatis.
602 1357 727 1439 Quare,
756 1367 795 1422 ut
815 1361 932 1424 melius
953 1361 1188 1442 perspiciamus
1210 1383 1377 1444 quousque
1428 1358 1559 1442 ahquid,
1582 1360 1635 1423 vel
1656 1360 1921 1441 amplificandum
1938 1370 1972 1425 11
1989 1362 2218 1445 expoliendum
2236 1366 2322 1448 quod
2341 1368 2405 1434 alio

403 1467 463 1528 pro
486 1444 640 1528 gradibus
668 1466 746 1510 suae
774 1445 939 1510 facultatis
966 1446 1001 1508 in
1028 1467 1221 1528 unaquaque
1244 1470 1279 1512 re
1301 1469 1376 1531 pro-
1426 1454 1604 1528 praeeunte
1633 1445 1793 1508 didiceris.
1845 1445 1941 1526 Quod
1969 1456 2008 1511 ut
2032 1447 2207 1513 Platonem
2232 1472 2405 1534 perperam

404 1531 507 1609 cedat,
532 1530 770 1595 distinctionem
789 1532 883 1596 nobis
904 1535 1084 1615 proponere
1102 1553 1219 1614 operae
1232 1535 1374 1616 pretium
1426 1531 1558 1613 impulit
1579 1540 1616 1594 11
1638 1530 1782 1594 traderet
1804 1533 2127 1614 comprehensionem
2145 1535 2302 1600 eiusmodi
2318 1538 2404 1603 nihil

403 1625 462 1681 est
508 1614 563 1682 Sit
591 1636 668 1699 ergo
693 1616 774 1680 haec
800 1615 981 1695 distinctio,
1015 1637 1085 1682 esse
1113 1618 1211 1682 aliam
1244 1620 1375 1701 quidem
1427 1639 1497 1681 esse
1525 1636 1621 1698 quam
1649 1615 1922 1695 recordationem,
1956 1619 2003 1683 ite
2031 1641 2092 1683 nos
2124 1621 2247 1702 optima
2279 1623 2409 1688 ratione

403 1723 516 1767 rerum
538 1709 744 1766 terrenarum
764 1702 1026 1786 intelligentiam,
1051 1703 1148 1767 aliam
1170 1726 1248 1769 vero
1270 1705 1374 1770 coele·
1427 1703 1515 1785 cogit
1542 1703 1652 1779 fateri,
1687 1723 1758 1766 esse
1785 1703 1970 1786 ingenitum
1997 1704 2142 1770 humano
2173 1707 2305 1790 ingenio
2334 1709 2405 1773 eius

404 1789 513 1853 stium
558 1787 626 1851 Res
643 1795 790 1851 terrenas
812 1808 902 1866 voco,
925 1810 1008 1870 quae
1029 1789 1070 1852 ad
1089 1790 1197 1854 Deum
1219 1812 1374 1874 regnum-
1426 1788 1631 1871 principium.
1675 1787 1769 1852 Haec
1791 1810 1869 1871 ergo
1892 1788 2087 1855 documenta
2109 1800 2220 1874 aperte
2241 1800 2406 1859 testantur

403 1894 467 1958 que
488 1875 566 1952 eius,
591 1872 633 1937 ad
654 1893 767 1937 veram
789 1874 958 1952 iustitiam,
977 1873 1018 1938 ad
1040 1876 1171 1940 futurae
1192 1874 1280 1941 vitae
1298 1878 1374 1941 bea·
1426 1873 1647 1939 universalem
1669 1874 1805 1936 rationis
1826 1879 1859 1938 et
1879 1875 2118 1959 intelligentiae
2142 1878 2404 1961 comprehensio-

403 1959 577 2025 titudinem
603 1979 669 2022 non
696 1960 905 2042 pertingunt,
934 1960 991 2024 sed
1012 1981 1087 2025 cum
1113 1962 1181 2026 vita
1209 1963 1374 2046 praesenti
1426 1982 1504 2023 nom
1525 1980 1596 2023 esse
1618 1958 1804 2023 hominibus
1826 1961 2022 2025 naturaliter
2037 1961 2184 2027 inditam.
2219 1962 2277 2028 Sic
2294 1971 2405 2030 tamen

402 2045 563 2109 rationem
584 2044 838 2127 relationemque
860 2044 990 2122 habent,
1014 2058 1047 2109 et
1069 2045 1305 2128 quodammodo
1323 2049 1374 2112 in·
1426 2044 1611 2110 universale
1634 2055 1684 2109 est
1705 2044 1843 2123 bonum,
1873 2055 1911 2108 ut
1938 2047 1974 2109 in
1995 2069 2032 2111 eo
2053 2068 2113 2130 pro
2135 2071 2170 2112 se
2189 2050 2326 2131 quisque
2347 2073 2405 2134 pe-

401 2138 454 2195 tra
482 2131 551 2194 eius
583 2131 667 2194 fines
699 2131 916 2195 continentur.
961 2132 1030 2195 Res
1052 2133 1223 2212 coelestes,
1252 2154 1374 2215 param
1427 2132 1583 2195 culiarem
1604 2130 1669 2194 Dei
1697 2132 1839 2213 gratiam
1864 2151 2039 2213 agnoscere
2061 2133 2183 2199 debeat
2228 2135 2283 2199 Ad
2305 2158 2405 2218 quam

402 2216 1103 2295 111111ίὸ11111,1111111111111111111111,
1131 2238 1171 2283 ac
1187 2220 1282 2303 regni
1303 2241 1374 2285 eoe-
1427 2216 1666 2300 gratitudinem
1692 2237 1752 2280 nos
1779 2215 1908 2312 abunde
1934 2220 2154 2301 expergefecit
2180 2221 2248 2302 ipse
2272 2227 2405 2286 naturae

401 2302 492 2367 lestis
513 2302 678 2386 mysteria.
712 2302 752 2365 In
769 2303 878 2384 priore
899 2324 1018 2386 genere
1041 2313 1118 2368 sunt
1138 2305 1258 2387 politia,
1282 2326 1374 2370 oeeo-
1426 2303 1568 2377 omae,
1590 2301 1667 2365 dum
1689 2302 1852 2366 moriones
1869 2310 1967 2381 creat,
1990 2303 2026 2367 in
2047 2304 2164 2386 quibus
2181 2315 2405 2388 repraesentat

402 2389 519 2465 nomia,
544 2396 632 2453 artes
654 2408 766 2452 omnes
782 2389 999 2467 mechanicae,
1023 2389 1277 2473 disciplinaeque
1294 2391 1374 2455 libe-
1426 2389 1543 2471 quibus
1576 2387 1715 2451 excellat
1747 2386 1875 2452 dotibus
1908 2388 2049 2453 hominis
2082 2390 2205 2468 anima,
2240 2393 2303 2455 nisi
2332 2394 2403 2458 eius

400 2473 495 2538 rales.
540 2473 582 2536 In
611 2471 762 2550 secundo,
790 2474 854 2538 Dei
881 2494 918 2537 ac
946 2475 1076 2540 divinae
1098 2476 1276 2540 voluntatis
1299 2498 1374 2559 cog·
1425 2474 1548 2538 lumine
1570 2473 1716 2557 pertusa
1747 2472 1833 2554 quod
1846 2473 1871 2556 ¹)
1894 2475 1940 2537 sic
1962 2475 2112 2540 naturale
2135 2478 2222 2540 inest
2243 2478 2402 2557 omnibus,

400 2559 499 2636 nitio,
535 2567 569 2621 et
594 2559 681 2623 vitae
714 2558 894 2623 secundum
926 2581 998 2624 eam
1032 2561 1221 2626 formandae
1249 2562 1372 2645 regula.
1423 2568 1462 2624 ut
1482 2580 1616 2642 prorsus
1637 2560 1820 2641 gratuitum
1842 2561 1885 2624 sit
1908 2581 1987 2643 erga
2004 2561 2152 2644 singulos
2169 2563 2402 2628 beneficentiae

398 2643 453 2710 De
475 2645 577 2726 priori
598 2652 706 2707 autem
729 2645 775 2710 sie
795 2644 976 2710 fatendum:
1005 2648 1158 2728 quoniam
1182 2648 1280 2712 homo
1303 2649 1372 2712 ani·
1426 2648 1496 2710 eius
1524 2666 1652 2709 munus.
1697 2645 1850 2727 Ipsarum
1883 2665 1980 2726 porro
2014 2649 2133 2710 artium
2164 2648 2312 2713 inventio
2346 2657 2403 2714 aut

398 2730 466 2793 mal
496 2739 548 2793 est
574 2736 693 2793 natura
720 2730 851 2807 sociale,
885 2731 1029 2795 naturali
1057 2753 1183 2815 quoque
1204 2734 1371 2811 instinctu,
1424 2730 1609 2796 methodica
1630 2729 1771 2806 traditio,
1795 2736 1853 2794 aut
1873 2731 2010 2795 interior
2032 2740 2064 2796 et
2085 2734 2306 2815 praestantior
2327 2755 2402 2817 cog-

400 2814 442 2880 ad
463 2814 638 2878 fovendam
661 2815 981 2899 conservandamque
1002 2838 1075 2882 eam
1093 2819 1280 2884 societatem
1298 2840 1373 2902 pro·
1425 2816 1508 2880 nitio
1535 2816 1632 2900 (quae
1654 2815 1785 2896 propria
1807 2824 1857 2880 est
1878 2818 2071 2902 paucorum)
2098 2840 2166 2882 non
2193 2829 2244 2882 est
2270 2820 2403 2901 quidem

400 2899 536 2984 pendet;
569 2900 706 2982 ideoque
733 2901 838 2966 civilis
871 2900 1040 2967 cuiusdam
1067 2910 1100 2968 11
1131 2904 1312 2970 honestatis
1340 2913 1372 2968 et
1425 2901 1566 2967 solidum
1595 2909 1825 2984 argumentum
1855 2905 2036 2967 communis
2063 2905 2294 2987 perspicaciae;
2325 2906 2403 2988 quia

400 2985 524 3050 ordinis
546 2986 749 3051 universales
771 2987 1002 3070 impressiones
1019 2988 1125 3053 inesse
1147 2991 1294 3054 omnium
1309 2988 1372 3054 ho-
1425 2998 1535 3053 tamen
1557 2987 1740 3069 promiscue
1762 2987 1923 3069 contingit
1944 2987 2007 3068 piis
2028 2997 2062 3051 et
2083 2990 2201 3072 impiis,
2224 2991 2296 3055 iure
2317 2993 2404 3057 inter

399 3073 527 3136 minum
549 3073 667 3137 animis
688 3073 914 3155 conspicimus.
959 3073 1049 3139 Hinc
1075 3076 1114 3138 fit
1142 3084 1181 3138 ut
1202 3096 1299 3141 nemo
1321 3097 1373 3140 re·
1425 3072 1592 3139 naturales
1614 3071 1705 3136 dotes
1726 3086 1929 3135 numeratur.

400 3158 546 3241 periatur
573 3158 628 3239 qui
650 3178 716 3221 non
737 3158 914 3242 intelligat,
945 3167 1093 3242 oportere
1115 3162 1247 3242 quosvis
1269 3161 1374 3225 homi-
1516 3163 1562 3221 15.
1608 3156 1744 3237 Quoties
1773 3178 1850 3240 ergo
1877 3159 1913 3221 in
1941 3159 2093 3239 profanos
2122 3161 2296 3242 scriptores
2319 3161 2401 3227 inei·

400 3265 480 3308 num
512 3252 621 3308 coetus
651 3242 779 3326 legibus
812 3245 987 3322 contineri,
1022 3246 1140 3328 quique
1168 3267 1234 3310 non
1261 3268 1374 3311 earum
1426 3245 1549 3322 dimus,
1572 3243 1629 3307 illa
1650 3265 1732 3325 quae
1755 3243 1956 3309 admirabilis
1977 3245 2011 3307 in
2033 3245 2075 3308 iis
2097 3245 2234 3327 affulget
2254 3245 2403 3313 veritatis

400 3329 512 3413 legum
531 3329 691 3412 principia
711 3336 820 3394 mente
841 3329 1081 3413 complectatur.
1115 3331 1205 3397 Hinc
1224 3332 1280 3396 ille
1301 3355 1375 3415 per·
1425 3331 1498 3396 luce
1525 3329 1773 3407 admoneamur,
1802 3337 1948 3394 mentem
1977 3330 2132 3409 hominis,
2166 3331 2407 3411 quantumlibet

325 3412 330 3419 ’
400 3423 518 3498 petuas
549 3422 619 3479 tam
651 3417 799 3498 gentium
833 3416 993 3493 omnium,
1034 3438 1131 3498 quem
1171 3418 1375 3501 singulorum
1427 3418 1467 3481 ab
1490 3416 1678 3499 integritate
1708 3436 1768 3479 sua
1790 3414 1966 3498 collapsam
1994 3424 2027 3480 et
2048 3438 2252 3499 perversam,
2277 3417 2408 3482 eximiis

399 3501 586 3566 mortalium
608 3501 642 3565 in
662 3500 752 3584 leges
774 3523 960 3579 consensus,
984 3503 1064 3584 quia
1080 3503 1181 3568 insita
1201 3510 1280 3568 sunt
1301 3504 1376 3568 uni-
1427 3511 1539 3566 tamen
1569 3502 1751 3565 etiamnum
1772 3501 1837 3565 Dei
1866 3501 1960 3566 donis
1981 3503 2134 3568 vestitam
2156 3523 2226 3566 esse
2256 3509 2407 3567 111111·-

400 3587 512 3665 versis,
536 3586 656 3669 absque
677 3588 834 3671 magistro
856 3587 1050 3670 legislatore,
1072 3589 1219 3671 ipsarum
1240 3591 1374 3654 semina.
1427 3597 1548 3652 natam.
1603 3584 1642 3651 Si
1670 3588 1803 3652 unicum
1837 3588 1985 3652 veritatis
2012 3588 2135 3652 fontem
2163 3588 2226 3651 Dei
2253 3588 2406 3670 spiritum

399 3672 516 3755 Neque
529 3694 638 3737 moror
656 3672 873 3738 dissensiones
886 3681 1058 3756 etpugnas
1076 3695 1159 3756 quao
1176 3697 1376 3740 1111111111-
1428 3696 1499 3739 esse
1521 3681 1728 3756 reputamus,
1756 3671 1930 3737 veritatem
1950 3674 2057 3755 ipsam
2078 3694 2183 3755 neque
2206 3695 2406 3756 respuemus,

400 3766 498 3841 gunt,
523 3758 602 3823 dum
624 3759 679 3823 alii
701 3760 839 3841 cupiunt
859 3760 909 3822 ius
937 3767 971 3822 et
995 3759 1045 3825 ias
1072 3780 1169 3825 omne
1196 3763 1374 3840 inversum,
1428 3781 1533 3842 neque
1554 3767 1809 3835 contemnemus,
1832 3758 2017 3840 ubicunque
2038 3758 2217 3841 apparebit,
2240 3759 2407 3824 11111111-

399 3844 507 3910 seluta
538 3844 649 3927 legum
681 3845 852 3928 repagula,
883 3844 1053 3910 libidinem
1087 3846 1192 3911 solam
1218 3868 1278 3931 pro
1305 3848 1376 3912 iure
1428 3868 1502 3914 mus
1529 3847 1564 3909 in
1594 3845 1744 3926 spiritum
1766 3844 1831 3908 Dei
1858 3844 2084 3909 contumeliosi
2113 3866 2196 3924 esse;
2226 3866 2292 3909 non
2319 3847 2408 3909 enim

400 3930 558 4013 grassari,
583 3937 620 3994 ut
636 3932 724 3995 fines
742 3940 776 3994 et
792 3930 949 4011 latrones;
977 3932 1032 3995 alii
1050 3930 1150 4015 (quod
1167 3933 1283 3997 vitium
1301 3932 1376 4015 plus
1429 3931 1515 3996 dona
1542 3931 1689 4014 spiritus,
1723 3931 1792 3992 sine
1820 3929 1922 4012 ipsius
1952 3937 2140 4013 contemptu
2168 3937 2202 3994 et
2223 3930 2406 4014 opprobrio,

401 4034 501 4097 qnam
526 4016 663 4099 vulgare
689 4016 753 4101 111)
781 4017 928 4098 iniquum
955 4039 1026 4082 esse
1052 4026 1172 4099 putant
1203 4018 1289 4100 quod
1317 4040 1376 4101 pro
1429 4016 1686 4099 vilipenduntur.
1732 4013 1820 4095 Quid
1849 4014 2000 4107 autern?x
2029 4016 2214 4080 Veritatem
2245 4017 2407 4082 affidsisse

399 4121 504 4183 aequo
525 4102 565 4166 ab
588 4102 660 4167 aliis
682 4103 838 4181 sancitur,
861 4110 974 4166 contra
993 4102 1156 4167 laudabile
1174 4103 1378 4168 contendunt
1430 4103 1571 4184 antiquis
1593 4101 1822 4165 iureconsultis
1840 4101 2033 4184 negabimus
2055 4103 2108 4185 qui
2132 4110 2226 4166 tanta
2245 4103 2407 4185 aequitate

399 4186 486 4268 quod
509 4187 550 4251 ab
572 4188 644 4252 aliis
666 4197 807 4252 vetatur.
842 4186 1012 4270 Siquidem
1033 4189 1081 4251 illi
1103 4210 1171 4252 non
1192 4189 1266 4253 ideo
1287 4190 1376 4273 leges
1429 4188 1560 4253 civilem
1589 4183 1736 4250 ordinem
1763 4195 1797 4251 11
1818 4186 2023 4270 disciplinam
2043 4187 2279 4270 prodiderunt?
2324 4188 2406 4252 Phi-

398 4271 540 4337 oderunt
564 4273 649 4356 quod
676 4275 829 4357 ignorent
856 4274 956 4338 bonas
984 4282 1018 4338 et
1044 4282 1173 4338 sanctas
1202 4296 1287 4354 esse;
1320 4275 1377 4340 sed
1428 4273 1581 4355 losophos
1608 4273 1785 4338 caecutisse
1813 4271 1958 4337 dicemus
1987 4294 2063 4339 eum
2091 4275 2126 4338 in
2156 4274 2315 4355 exquisita
2341 4273 2407 4335 ista

398 4360 570 4442 praecipiti
591 4360 767 4441 cupiditate
789 4360 933 4423 furentes
958 4380 1034 4423 cum
1056 4361 1230 4424 manifesta
1251 4362 1376 4425 ratione
1429 4368 1566 4424 naturae
1584 4358 1865 4441 contemplatione,
1883 4367 1955 4422 tum
1972 4360 2146 4424 artificiosa
2164 4355 2404 4437 descriptione?

399 4451 564 4528 pugnant,
587 4454 634 4523 et,
657 4445 744 4528 qued
765 4445 884 4509 mentis
905 4444 1123 4527 intelligentia
1140 4446 1294 4527 probant,
1317 4468 1376 4528 pro
1428 4447 1585 4511 Dicemus
1612 4453 1756 4508 mentem
1782 4445 1848 4509 illis
1871 4443 2024 4521 (11111111,
2055 4446 2109 4525 qui
2134 4458 2203 4507 arte
2226 4440 2406 4503 disserendi

398 4551 459 4594 sua
486 4530 620 4595 libidine
648 4531 886 4596 abominantur.
931 4530 1100 4595 Posterius
1125 4541 1290 4596 certamen
1311 4532 1376 4596 1111
1429 4531 1620 4610 constituta,
1650 4551 1709 4594 nos
1738 4550 1813 4594 cum
1835 4531 1961 4595 ratione
1988 4530 2076 4611 loqui
2098 4523 2299 4592 docuerunt?
2343 4525 2406 4589 Di·

399 4624 466 4693 est,
497 4623 536 4680 ut
584 4618 704 4680 rimam
725 4617 816 4680 illam
837 4617 1081 4698 conceptionem
1108 4617 1281 4700 aequitatis
1308 4639 1376 4681 non
1428 4640 1539 4684 cemus
1571 4638 1626 4681 eos
1657 4617 1844 4694 insaniisse,
1886 4617 1941 4698 qui
1977 4613 2172 4678 medicinam
2205 4609 2405 4690 excudendo,

398 4699 539 4767 dirimat.
562 4638 734 4784 biquidem
756 4702 797 4766 de
818 4702 929 4786 logum
952 4703 1111 4785 capitibus
1134 4703 1213 4766 dum
1235 4705 1320 4767 inter
1342 4725 1376 4768 sc
1429 4725 1523 4768 suam
1549 4703 1746 4768 industriam
1768 4703 1861 4767 nobis
1881 4700 2120 4794 impenderunt
2167 4694 2406 4794 (1111111111-

397 4786 583 4870 disceptant
605 4789 761 4867 homines,
783 4789 818 4851 in
841 4786 1005 4870 quandam
1024 4789 1195 4870 aequitatis
1214 4809 1376 4853 summam
1428 4798 1518 4854 mata
1539 4787 1671 4854 omnia?
1698 4789 1927 4871 putabimusne
1953 4791 2131 4880 1111111111
2153 4781 2289 4845 dehne?
2334 4782 2407 4847 Imo

397 4875 615 4940 consentiunt.
650 4874 690 4938 In
712 4896 775 4956 quo
795 4873 944 4939 debilitas
967 4883 1053 4939 certe
1074 4875 1240 4939 humanae
1257 4878 1376 4939 mentis
1428 4897 1469 4940 ne
1492 4876 1562 4939 sine
1584 4875 1712 4957 ingenti
1734 4873 1864 4957 quidem
1887 4870 2101 4936 admiratrone
2119 4877 2267 4931 veterum
2285 4869 2408 4952 scripta

396 4961 558 5043 arguitur,
581 4981 664 5042 quae
686 4961 785 5024 etiam
808 4960 885 5024 dum
903 4962 991 5025 viem
1013 4964 1103 5044 sequi
1125 4961 1264 5039 videtur,
1287 4962 1375 5026 clau·
1427 4961 1537 5043 legere
1559 4960 1599 5025 de
1622 4960 1673 5023 his
1695 4961 1793 5024 rebus
1810 4958 2003 5041 poterimus3
2027 4950 2262 5018 admirabimur
2283 4963 2403 5034 autem,

395 5043 486 5110 dicat
507 5055 540 5111 et
557 5046 696 5112 vacillat.
731 5047 846 5110 Manet
862 5054 972 5111 tamen
991 5047 1080 5123 illud,
1103 5048 1289 5130 inspersum
1305 5068 1375 5111 esse
1428 5048 1504 5129 quia
1525 5044 1702 5129 praeclara,
1726 5058 1762 5108 ut
1784 5051 1871 5121 sunt,
1894 5057 2048 5122 cogemur
2069 5059 2252 5122 agnoscere.
2298 5040 2404 5104 Porro

396 5132 562 5197 universis
585 5153 696 5197 semen
718 5130 849 5212 aliquod
870 5132 994 5198 ordinis
1016 5134 1146 5215 politici.
1181 5135 1291 5216 Atque
1313 5133 1375 5198 hoc
1427 5132 1633 5197 laudabilene
1650 5129 1772 5213 aliquid
1790 5139 1847 5191 aut
1862 5124 2068 5208 praeclarum
2087 5126 2299 5203 censebimus,
2318 5125 2405 5208 quod

394 5219 544 5300 amplum
568 5224 799 5301 argumentum
826 5225 888 5294 est,
918 5218 953 5281 in
980 5219 1078 5284 huius
1106 5220 1193 5284 vitae
1217 5221 1375 5284 constitu·
1428 5240 1493 5283 non
1523 5235 1791 5300 recognoscamus
1821 5213 1933 5276 aDeo
1955 5211 2150 5293 provenire?
2195 5211 2324 5275 Pudeat
2346 5230 2405 5273 nos

395 5303 488 5368 tione
509 5303 637 5368 nullum
659 5302 791 5366 destitui
812 5300 884 5365 luce
905 5304 1040 5369 rationis
1063 5304 1238 5370 hominem.
1428 5314 1540 5368 tantae
1562 5297 1806 5384 ingratitudinis
1827 5299 1861 5361 iu
1879 5317 1979 5379 quam
1995 5317 2062 5360 non
2078 5297 2264 5363 inciderunt
2280 5294 2405 5358 ethnici

487 5393 536 5452 14.
582 5388 774 5471 Sequuntur
802 5395 890 5449 artes
918 5395 990 5450 tum
1011 5389 1177 5467 liberales,
1205 5400 1276 5454 tum
1305 5410 1375 5453 ma·
1428 5400 1550 5472 poetae,
1579 5386 1635 5469 qui
1656 5393 1689 5447 11
1710 5383 1962 5467 philosophiam,
1985 5390 2019 5447 11
2039 5383 2137 5466 leges,
2160 5390 2193 5446 et
2214 5381 2314 5444 bonas
2335 5399 2404 5442 om·

394 5476 550 5555 naariae,
577 5475 695 5558 quibus
724 5470 885 5538 discendis
906 5473 982 5553 quia
1002 5475 1089 5536 inest
1109 5475 1259 5537 omnibus
1281 5475 1376 5538 nobis
2123 5487 2128 5506 ‘

395 5560 559 5645 quaedam
582 5559 739 5644 aptitudo,
764 5560 799 5623 in
820 5559 867 5621 eis
888 5558 988 5621 etiam
1010 5566 1145 5640 apparet
1166 5559 1215 5621 vis
1237 5559 1376 5622 humani
1430 5565 1520 5570 —
1592 5559 1633 5565 “

395 5648 571 5713 acuminis.
606 5645 804 5728 Quanquam
826 5652 936 5708 autem
952 5663 1018 5708 non
1036 5649 1116 5708 sunt
1136 5662 1249 5706 omnes
1271 5644 1375 5706 omni-
1501 5660 1529 5726 1)
1549 5642 1722 5711 111111111
1739 5656 1814 5712 edic.
1831 5659 1980 5713 1111111111
1997 5655 2156 5710 1111111111
2175 5653 2255 5721 quoa
2291 5722 2297 5741 ⁸

2145 5737 2199 5791 13·
