5600 6809
383 712 444 774 981
722 707 816 775 Ι1ΙΒ.·
834 708 895 773 IV.
939 707 1003 772 DE
1026 703 1263 774 EX'PERNIS
1284 707 1452 779 MDDHS
1474 708 1540 775 AD
1561 706 1792 777 anunm
1838 709 1936 777 OAP.
1959 710 2056 777 XVI,
2326 718 2389 782 982

383 886 524 974 (111111
540 918 608 962 non
626 905 659 961 et
676 895 718 960 ad
737 896 935 979 baptismum
955 897 1066 979 recipi,
1090 897 1277 982 symbolum
1299 918 1359 962 no·
1411 897 1499 981 apud
1533 898 1714 982 simplicem
1736 898 1875 982 vulgum
1906 898 2137 979 disseminant,
2166 901 2300 985 longam
2327 925 2389 969 an-

382 990 471 1049 strae
500 1003 576 1048 cum
602 981 737 1047 Christo
763 982 1002 1048 communionis
1036 1004 1073 1047 ac
1102 982 1284 1048 societatis?
1320 981 1359 1048 Si
1410 1004 1529 1049 norum
1561 985 1682 1050 seriem
1700 993 1775 1067 post
1797 983 1923 1050 Christi
1944 985 2217 1051 resurrectionem
2239 997 2389 1070 praeter·

382 1090 498 1134 eorum
515 1076 566 1134 est
582 1089 723 1152 regnum
744 1068 917 1145 coelorum,
940 1090 999 1134 cur
1019 1069 1151 1152 signum
1172 1068 1358 1152 negabitur,
1412 1069 1504 1148 iisse,
1538 1071 1657 1152 quibus
1692 1070 1879 1154 incognitus
1912 1079 1983 1136 erat
2011 1071 2328 1155 praedobaptismus,
2351 1075 2388 1140 in

383 1176 447 1237 quo
474 1154 568 1220 velut
596 1153 704 1218 aditus
731 1154 878 1237 aperitur
903 1155 940 1218 in
968 1154 1146 1232 ecclesiam,
1170 1157 1359 1219 utineam
1411 1177 1449 1220 eo
1489 1155 1674 1221 foedissime
1713 1157 1928 1221 mentiuntur.
1974 1154 2146 1239 Siquidem
2184 1158 2297 1224 nullus
2336 1168 2388 1226 est

382 1242 525 1324 cooptati
557 1239 752 1311 haeredibus
789 1240 885 1322 ‚regni
921 1240 1069 1305 coelestis
1102 1239 1356 1306 adscribantur?
1411 1242 1550 1323 scriptor
1582 1251 1651 1306 tam
1683 1249 1832 1307 vetustus
1866 1243 1921 1324 qui
1957 1263 2024 1306 non
2057 1241 2128 1307 eins
2155 1244 2317 1327 originem
2344 1244 2387 1310 ad

383 1324 492 1405 Quam
513 1326 621 1408 iniqui
642 1326 775 1404 erimus,
798 1327 825 1390 si
845 1323 1015 1409 abigamus
1037 1346 1118 1407 quos
1140 1325 1293 1391 Christus
1316 1325 1358 1390 ad
1411 1327 1632 1409 apostolorum
1655 1328 1823 1394 saeculum
1844 1349 1904 1412 pro
1924 1334 2012 1394 certo
2034 1328 2162 1393 referat
2287 1397 2289 1402 ,

382 1433 417 1476 se
444 1411 582 1476 invitat?
613 1411 745 1494 siquos
768 1412 835 1475 suis
858 1409 1084 1488 donisornat,
1107 1411 1358 1494 spoliemus?si
1498 1417 1526 1478 9.
1571 1411 1729 1495 Superest
1768 1420 1807 1479 ut
1844 1414 1988 1479 breviter
2019 1413 2203 1480 indicemus
2235 1415 2387 1497 quisnam

383 1496 595 1563 excludamus
622 1518 704 1580 quos
731 1497 801 1579 ipse
823 1496 911 1560 ultro
933 1495 1097 1560 admittit?
1122 1494 1219 1577 Quod
1241 1498 1269 1561 si
1291 1496 1357 1562 dis·
1410 1519 1453 1563 er
1478 1499 1541 1564 hac
1568 1495 1792 1564 observatione
1819 1501 1943 1565 huntus
1970 1499 2084 1564 redeat
2110 1521 2184 1564 cum
2210 1499 2252 1564 ad
2273 1500 2387 1567 fideles

382 1592 494 1648 cutere
511 1583 663 1648 volumus
680 1592 841 1665 quantum
860 1604 879 1646 a
896 1581 1057 1664 baptismo
1075 1581 1161 1646 absit
1182 1583 1268 1665 quod
1290 1583 1357 1649 illic
1409 1584 1469 1665 qui
1491 1584 1610 1649 liberos
1631 1605 1709 1650 suos
1731 1585 1884 1650 ecclesiae
1905 1584 2080 1668 tingendos
2101 1586 2232 1664 sistimt,
2251 1593 2324 1650 tum
2344 1587 2387 1652 ad

382 1671 450 1754 egit
461 1669 624 1747 Christus,
643 1677 766 1750 quanto
778 1676 888 1733 tamen
906 1669 1029 1732 maiore
1047 1669 1082 1730 in
1099 1669 1205 1750 pretio
1224 1668 1357 1734 habebi·
1409 1670 1496 1752 ipsos
1513 1671 1569 1752 qui
1587 1691 1679 1735 sacra
1701 1692 1787 1754 aqua
1803 1672 1978 1755 tinguntur
1999 1671 2149 1749 infantes,
2172 1673 2305 1754 nequis
2327 1694 2388 1739 ceu

382 1777 456 1820 mus
482 1755 698 1837 baptismum,
728 1774 793 1836 quo
820 1754 1034 1818 testificamur
1062 1754 1205 1818 infantes
1233 1755 1269 1818 in
1291 1755 1357 1820 Dei
1409 1755 1561 1820 inutilem
1578 1777 1616 1820 ac
1633 1757 1771 1821 otiosam
1788 1764 1989 1839 aspernetur.
2022 1754 2220 1839 Quanquam
2236 1758 2264 1822 si
2281 1759 2334 1823 cui
2351 1758 2388 1823 in

382 1841 512 1906 foedere
541 1841 716 1918 contineri,
750 1860 849 1922 quam
875 1840 1128 1923 susceptionem,
1157 1840 1355 1922 amplexum,
1408 1848 1553 1906 mentem
1576 1841 1669 1906 venit
1697 1842 2002 1925 paedobaptismum
2027 1843 2088 1907 hoc
2110 1849 2285 1924 praetextu
2311 1844 2387 1908 irri-
2446 1852 2448 1857 '

381 1948 540 1991 manuum
567 1926 820 2008 impositionem,
849 1927 1087 2009 precationem,
1116 1926 1235 2007 quibus
1257 1926 1356 1991 Chri·
1409 1927 1494 2004 dcre,
1523 1927 1779 1993 circumcisionis
1805 1936 2017 2011 praeseptum
2037 1949 2058 1991 a
2078 1926 2221 1992 Domino
2242 1930 2387 2011 positum

381 2020 454 2077 stus
481 2013 553 2094 ipse
578 2033 733 2094 praesens
753 2019 787 2074 et
807 2032 884 2076 suos
905 2032 976 2076 esso
998 2020 1031 2075 et
1060 2032 1080 2075 a
1101 2031 1136 2076 se
1158 2011 1356 2077 sanctificari
1408 2011 1550 2078 ludibrio
1570 2012 1677 2077 habet.
1723 2011 1813 2094 Quid
1835 2015 1924 2079 enim
1945 2013 1987 2079 ad
2007 2013 2103 2078 illum
2123 2013 2387 2097 impugnandum

383 2097 548 2163 declarat?
572 2096 658 2162 Aliis
676 2097 816 2174 cavillis,
840 2097 959 2179 quibus
981 2096 1112 2162 eludere
1135 2097 1224 2162 hunc
1247 2098 1355 2162 locum
1408 2099 1583 2181 proferent,
1602 2097 1690 2181 quod
1706 2099 1826 2163 nonin
1845 2101 1931 2166 hanc
1948 2099 2195 2180 retorqueatur?
2241 2097 2298 2165 Sic
2315 2099 2386 2165 Do·

382 2185 547 2260 nituntur,
581 2183 666 2247 nihil
700 2204 796 2267 quam
824 2204 916 2247 suam
944 2182 1164 2266 ignorantiam
1197 2183 1351 2266 produnt
1407 2185 1517 2249 minus
1547 2184 1715 2251 ulciscitur
1747 2206 1860 2249 eorum
1892 2185 2115 2268 arrogantiam
2147 2186 2204 2266 qui
2235 2186 2385 2268 protinus

381 2271 592 2354 Argutantur
612 2270 700 2332 enim
721 2292 761 2333 ex
785 2290 822 2333 eo
844 2268 930 2350 quod
959 2268 1037 2333 dicit
1059 2269 1227 2346 Christus,
1256 2271 1354 2336 sinite
1407 2270 1567 2335 damnant
1594 2271 1681 2353 quod
1708 2271 1817 2348 carnis
1844 2292 1922 2336 suae
1951 2291 2050 2336 sensu
2079 2291 2146 2334 non
2168 2271 2383 2353 comprehen-

381 2355 492 2420 venite
524 2354 695 2437 parvulos,
734 2355 801 2418 iam
834 2354 1081 2440 grandiusculos
1114 2356 1210 2418 annis
1243 2356 1352 2432 fnisse,
1407 2355 1500 2420 dunt.
1545 2356 1673 2421 Verum
1695 2356 1767 2422 aliis
1790 2357 1889 2421 armis
1911 2377 1972 2421 nos
1994 2356 2129 2420 instruit
2149 2355 2242 2421 Deus
2264 2356 2383 2438 quibus

381 2442 439 2524 qui
471 2441 513 2505 ad
543 2439 794 2523 ingrediendum
825 2441 892 2504 iam
920 2447 1030 2505 essent
1056 2440 1171 2505 idonei.
1223 2440 1290 2506 Sed
1313 2442 1353 2507 ab
1406 2462 1520 2505 eorum
1555 2441 1715 2507 stoliditas
1746 2441 1949 2507 retundatur.
1974 2442 2108 2524 ‘Neque
2141 2443 2230 2505 onim
2268 2449 2382 2508 sancta

381 2526 590 2609 evangelistis
606 2529 702 2609 βρέφη
715 2530 766 2588 nal
776 2525 885 2588 παιδία
902 2527 1131 2601 nominantur;
1149 2527 1267 2608 quibus
1279 2548 1354 2592 ver·
1407 2527 1488 2593 haec
1505 2529 1576 2592 eius
1597 2529 1769 2606 institutio,
1793 2548 1858 2610 qua
1876 2528 1975 2592 fidem
1998 2539 2146 2592 nostram
2163 2527 2284 2590 eximia
2304 2547 2382 2592 con·

380 2613 430 2676 bis
459 2612 647 2696 significant
674 2612 793 2677 Graeci
820 2611 1000 2676 infantulos
1029 2612 1070 2676 ab
1100 2610 1252 2676 uberibus
1274 2634 1354 2696 pen·
1407 2612 1563 2677 solatione
1589 2613 1697 2677 iuvari
1725 2613 1895 2692 sentimus,
1918 2632 2121 2696 supervacua
2140 2619 2286 2677 meretur
2308 2612 2380 2679 dici.

380 2697 503 2763 denms.
551 2698 676 2761 Venire
707 2718 785 2780 crgo
814 2698 958 2779 positum
990 2706 1041 2762 est
1073 2697 1263 2781 simpliciter
1295 2719 1355 2781 pro
1408 2695 1579 2780 Siquidem
1606 2699 1671 2762 Dei
1700 2700 1832 2781 signum
1854 2721 1954 2781 puero
1976 2699 2267 2777 communicatum,
2291 2697 2383 2763 velut

381 2783 543 2849 accedere.
594 2784 649 2847 En
667 2783 779 2865 quales
797 2794 957 2866 cogantur
979 2782 1146 2865 decipulas
1165 2791 1277 2848 texere
1299 2783 1355 2867 qui
1406 2785 1566 2864 impresso
1599 2783 1714 2867 sig'llo,
1748 2785 1998 2865 promissionem
2029 2786 2081 2866 pio
2114 2785 2243 2866 parenti
2271 2783 2384 2848 datam

381 2869 539 2935 adversus
570 2870 744 2933 veritatem
772 2868 989 2933 obdurroerunl.
1038 2870 1143 2934 Porro
1174 2870 1261 2951 quod
1288 2870 1354 2934 iac·
1407 2871 1589 2948 confirmat,
1623 2889 1660 2933 ac
1693 2877 1803 2934 ratum
1835 2891 1906 2934 esse
1934 2869 2078 2934 declarat
2104 2868 2191 2951 quod
2217 2869 2382 2934 Dominus

380 2962 454 3019 tant
474 2975 616 3038 regnum
638 2955 801 3019 coelorum
822 2952 1003 3019 infantibus
1024 2976 1093 3019 non
1120 2976 1190 3020 esse
1217 2956 1355 3020 attribu·
1407 2977 1474 3020 non
1499 2955 1549 3019 illi
1576 2954 1682 3033 modo,
1711 2954 1769 3020 sed
1796 2955 1914 3018 semini
1940 2956 2010 3020 eius
2037 2955 2074 3017 in
2096 2953 2206 3023 Deum
2227 2956 2271 3018 sit
2292 2955 2382 3019 futu·

379 3048 461 3118 tum,
483 3039 541 3104 sed
562 3061 677 3104 eorum
698 3040 873 3117 similibus,
897 3042 1050 3122 quoniam
1078 3040 1205 3105 dicatur
1238 3042 1354 3105 talium
1407 3063 1478 3120 rus,
1496 3061 1603 3123 neque
1620 3061 1698 3105 eum
1714 3040 1810 3105 modo
1830 3041 1978 3106 bonitate
1998 3041 2168 3122 gratiaque
2190 3060 2250 3103 sua
2270 3061 2383 3121 prose-

380 3149 459 3204 esse,
489 3148 555 3190 non
582 3126 738 3209 ipsorum,
766 3127 870 3191 nihilo
896 3135 946 3190 est
967 3126 1110 3191 solidius.
1155 3126 1195 3190 Id
1218 3128 1354 3191 enimsi
1407 3128 1463 3209 qui
1494 3127 1585 3205 velit,
1619 3126 1678 3192 sed
1703 3126 1773 3192 eius
1802 3134 1948 3210 posteros
1976 3127 2012 3190 in
2038 3124 2247 3189 millesimam
2280 3145 2383 3207 usqua

380 3212 546 3294 recipitur,
568 3213 674 3294 qualis
697 3215 807 3277 futura
828 3219 879 3276 est
897 3209 1021 3276 Christi
1043 3213 1134 3289 ratio,
1159 3234 1223 3294 qua
1245 3220 1354 3278 osten·
1408 3213 1680 3295 generationem·
1705 3213 1772 3278 Ubi
1797 3234 1898 3295 quum
1921 3212 2039 3294 ingens
2061 3231 2132 3276 sese
2153 3210 2297 3292 proferat
2318 3210 2383 3274 Dei

381 3297 457 3361 dere
479 3298 552 3362 vult
573 3304 680 3363 aetate
702 3299 844 3363 infantes
867 3320 887 3362 a
908 3319 942 3362 se
964 3319 1032 3361 non
1053 3298 1198 3362 alienos?
1243 3297 1356 3378 Quum
1407 3297 1602 3382 benignitas,
1624 3299 1769 3381 primum
1795 3298 2031 3382 amplissimam
2052 3296 2175 3381 gloriae
2197 3295 2267 3360 eius
2288 3316 2383 3379 prae·

379 3383 471 3448 iubet
496 3392 535 3446 ut
557 3384 599 3447 ad
620 3405 655 3448 se
676 3385 819 3448 infantes
841 3384 994 3449 accedere
1016 3385 1176 3462 sinantur,
1200 3384 1282 3448 nihil
1305 3391 1356 3448 est
1407 3382 1566 3450 dicandae
1591 3385 1763 3450 materiam
1785 3384 1987 3467 suppeditat,
2010 3391 2044 3447 et
2064 3384 2118 3464 pia
2139 3389 2270 3464 pectora
2296 3381 2383 3446 lacti·

379 3469 499 3533 clarius
517 3489 614 3551 quam
632 3491 745 3535 veram
763 3470 935 3533 1111111111
953 3471 1069 3535 notari.
1115 3468 1212 3549 Quod
1233 3493 1275 3534 nc
1297 3471 1354 3535 ab·
1408 3471 1454 3534 tic
1485 3490 1546 3534 nort
1578 3471 1706 3554 culpmi
1730 3470 1906 3553 perfundit,
1935 3490 2000 3551 qua
2027 3467 2125 3532 simul
2147 3466 2189 3532 ad
2209 3466 2383 3531 redaman-

379 3554 516 3619 snrdum
555 3554 735 3633 videretur,
769 3555 950 3639 subiungit:
982 3557 1100 3620 talium
1132 3571 1182 3621 est
1214 3577 1355 3639 regnum
1408 3555 1487 3619 dum
1513 3565 1583 3621 tam
1604 3558 1696 3641 pium
1717 3565 1847 3639 patrem
1867 3554 2095 3622 vehementius
2115 3553 2307 3630 incitantur,
2330 3552 2384 3617 cui

380 3641 551 3705 coelorum.
597 3640 696 3721 Quod
723 3643 751 3705 si
775 3642 917 3706 infantes
941 3641 1175 3725 comprehendi
1204 3663 1353 3706 necessa·
1400 3647 1531 3723 propter
1562 3664 1597 3707 sc
1636 3643 1860 3725 posteritatem
1892 3661 1986 3706 suam
2018 3661 2116 3706 curae
2149 3659 2220 3704 esso
2252 3639 2382 3721 conspi-

379 3726 468 3789 rium
491 3735 557 3803 est,
584 3727 720 3791 minime
748 3728 920 3792 obscurum
938 3729 1008 3804 erit,
1032 3749 1091 3810 per
1108 3726 1285 3792 dictionem
1303 3736 1353 3792 ta·
1406 3729 1506 3793 ciunt
1550 3728 1665 3812 Neque
1701 3745 1812 3792 moror
1844 3727 2055 3810 siquispiam
2077 3725 2231 3806 excipiat,
2263 3725 2382 3790 confir-

378 3811 474 3891 lium,
497 3813 638 3877 infantes
659 3813 747 3896 ipsos
770 3833 807 3878 ac
829 3835 942 3878 corum
963 3813 1087 3878 similes
1114 3813 1287 3896 designari.
1405 3813 1546 3879 mandae
1572 3815 1715 3879 filiorum
1741 3821 1931 3878 nostrorum
1957 3812 2055 3877 saluti
2084 3812 2235 3876 sufficere
2264 3807 2382 3875 debera

466 3902 495 3960 8.
539 3899 645 3963 Nemo
662 3900 728 3963 iam
750 3907 800 3963 est
820 3899 877 3982 qui
898 3920 965 3963 non
983 3900 1103 3977 videat,
1125 3899 1353 3982 paedobaptis-
1406 3900 1671 3981 promissionem;
1703 3898 1833 3981 quando
1867 3920 1959 3963 secus
1990 3898 2063 3962 Deo
2097 3896 2206 3960 visum
2237 3902 2296 3974 est,
2325 3895 2383 3977 qui

379 4003 471 4047 mum
488 4005 693 4066 nequaquam
715 3985 908 4062 humanitus
934 3984 1147 4051 fabrefactum
1169 3987 1278 4063 fuisse,
1298 3987 1354 4068 qui
1405 3993 1504 4066 prout
1519 3985 1776 4051 imbecillitatem
1793 3991 1940 4049 nostram
1960 3990 2164 4067 perspectam
2182 3981 2289 4059 habet,
2309 3986 2383 4046 tan·

379 4077 471 4132 tanta
497 4070 677 4152 scripturae
709 4072 941 4152 approbatione
963 4072 1127 4136 fulciatur.
1177 4072 1247 4137 Nec
1275 4074 1353 4137 satis
1406 4078 1477 4134 tum
1510 4070 1559 4133 illi
1585 4072 1621 4135 in
1647 4071 1710 4136 hac
1736 4093 1772 4136 re
1798 4069 1969 4154 indulgere
1991 4067 2104 4133 voluit.
2148 4065 2302 4144 Proinde,
2325 4066 2383 4148 qui

379 4156 522 4236 speciose
550 4164 718 4239 nugantur
747 4157 801 4238 qui
829 4157 987 4222 obiiciunt
1013 4178 1174 4239 nusquam
1206 4158 1352 4240 reperiri,
1406 4157 1655 4238 promissionem
1687 4157 1728 4221 de
1759 4155 1982 4221 misericordia
2007 4153 2073 4217 Dei
2101 4153 2138 4215 in
2164 4151 2283 4215 liberos
2305 4172 2381 4216 suos

379 4240 433 4304 vel
458 4242 618 4306 infantem
646 4262 752 4305 unum
779 4262 839 4323 per
866 4242 1087 4325 apostolorum
1112 4264 1231 4307 manus
1252 4244 1352 4308 fuisse
1405 4242 1619 4325 propaganda
1651 4244 1891 4325 amplexantur,
1919 4241 2017 4305 officii
2041 4238 2097 4303 sui
2123 4259 2194 4301 esse
2226 4236 2380 4318 cogitent,

378 4326 589 4409 baptizatum.
633 4328 708 4392 Etsi
730 4329 819 4391 enim
845 4327 879 4391 id
906 4328 1101 4393 nominatim
1123 4328 1163 4393 ab
1186 4329 1353 4412 evangeli·
1404 4328 1494 4409 ipsos
1526 4328 1767 4395 misericordiae
1788 4326 1937 4411 symbolo
1958 4323 2136 4410 signandos
2158 4320 2312 4386 ecclesiae
2334 4320 2381 4385 of·

378 4413 438 4475 stis
461 4433 527 4477 non
548 4419 711 4490 narratur,
735 4413 812 4496 quia
833 4424 943 4478 tamen
962 4435 1066 4496 neque
1087 4436 1225 4479 rursum
1245 4416 1352 4481 excln-
1405 4415 1504 4495 ferre;
1523 4423 1619 4497 atque
1639 4415 1716 4480 inde
1738 4436 1773 4480 se
1795 4412 1837 4478 ad
1858 4413 2030 4478 certiorem
2051 4409 2197 4473 animare
2218 4405 2380 4487 fiduciam,

379 4495 503 4561 duntur
521 4499 570 4563 illi
592 4500 719 4580 quoties
742 4498 886 4563 familiae
909 4500 1045 4564 alicuius
1067 4500 1250 4582 baptizatae
1271 4503 1353 4568 inci.
1406 4498 1492 4582 quod
1524 4502 1690 4584 praesenti
1716 4499 1809 4565 oculo
1837 4498 1952 4564 foedus
1978 4494 2113 4560 Domini
2140 4492 2284 4589 filiorum
2305 4511 2380 4556 suo-

379 4579 428 4644 dit
453 4586 587 4661 mentio,
616 4586 688 4668 quis
709 4584 795 4663 inde,
818 4586 882 4650 nisi
901 4587 1037 4650 insanus
1054 4587 1266 4651 ratiocinetur
1286 4609 1354 4651 non
1405 4608 1481 4651 rum
1502 4586 1692 4671 corporibus
1712 4586 1913 4667 insculptum
1934 4586 2081 4647 cernunt
2125 4576 2286 4641 Nonmhil
2307 4598 2382 4641 rur·

377 4665 478 4730 fuisse
499 4669 698 4749 baptizatos?
744 4669 783 4736 Si
804 4669 884 4752 quid
904 4671 1053 4737 valerent
1073 4672 1108 4736 id
1130 4694 1234 4757 genus
1256 4693 1354 4758 argu-
1406 4692 1482 4736 sum
1514 4673 1726 4738 emolumenti
1763 4669 1858 4755 pueri
1890 4691 1908 4733 c
1939 4687 1998 4731 suo
2036 4663 2198 4746 baptismo
2238 4663 2380 4744 capiunt,

379 4761 500 4829 menta,
522 4754 677 4821 mulieres
693 4759 816 4839 pariter
833 4778 934 4822 coena
954 4757 1091 4822 Domini
1111 4759 1354 4825 interdicendae
1405 4758 1492 4841 quod
1518 4760 1564 4824 in‘
1582 4780 1700 4842 corpus
1727 4756 1881 4823 ecclesiae
1906 4752 1997 4817 insiti
2024 4749 2098 4813 aliis
2127 4747 2282 4812 membris
2303 4755 2382 4811 sunt

379 4848 497 4916 essent,
520 4858 601 4919 quas
622 4844 842 4922 apostolorum
864 4845 994 4910 saeculo
1016 4843 1058 4908 ad
1080 4866 1153 4909 cam
1175 4846 1274 4910 fuisse
1297 4844 1354 4909 ad·
1406 4845 1572 4928 aliquanto
1594 4841 1893 4911 commendatiores.
1927 4835 2066 4913 Deinde,
2089 4833 2145 4898 ubi
2168 4833 2380 4913 adoleverint,

379 4923 495 4986 missas
512 4945 580 4987 non
597 4923 744 5007 legimus.
790 4928 964 4995 Sedenim
981 4930 1036 4996 hic
1052 4929 1129 4995 fidei
1146 4931 1261 5015 regula
1278 4951 1353 4996 con-
1406 4952 1444 4996 eo
1472 4931 1514 4996 ad
1535 4932 1660 4997 serium
1679 4929 1744 4994 Dei
1765 4923 1894 4992 colendi
1920 4920 2066 4989 studium
2087 4941 2154 4984 non
2175 4917 2382 4984 mediocriter

379 5010 462 5072 tenti
481 5030 603 5073 sumus.
647 5012 737 5075 Dum
760 5015 848 5077 enim
870 5023 1060 5098 reputamus
1077 5016 1156 5100 quid
1174 5018 1260 5083 ferat
1281 5037 1354 5082 coe·
1406 5019 1627 5095 stimulantur,
1651 5037 1671 5080 a
1692 5035 1755 5096 quo
1776 5013 1811 5074 in
1832 5009 1918 5074 filios
1940 5006 2066 5073 soleam
2088 5004 2270 5087 adoptionis
2291 5026 2381 5091 sym·

285 5111 289 5118 ·
379 5116 442 5158 nac
467 5095 644 5173 institutio,
664 5113 709 5158 ex
737 5116 775 5159 eo
798 5100 904 5176 etiam,
927 5103 1044 5182 quibus
1064 5103 1354 5169 communicandus
1405 5104 1480 5169 bolo
1517 5103 1641 5184 accepti
1670 5098 1807 5174 fuerint,
1840 5101 2017 5176 antequam
2044 5113 2103 5175 per
2135 5098 2277 5156 aetatem
2305 5112 2382 5156 eum

379 5182 423 5245 sit
443 5180 533 5245 illius
551 5203 640 5259 usus,
658 5179 752 5246 facile
769 5181 927 5246 iudicium
943 5194 1001 5249 est.
1038 5185 1133 5264 Quod
1151 5196 1185 5252 et
1210 5191 1246 5253 in
1274 5191 1354 5272 bap-
1406 5210 1580 5273 agnoscere
1598 5192 1725 5268 patrem
1743 5187 1884 5266 possent
1908 5180 2059 5261 Denique
2076 5186 2200 5242 terrere
2216 5197 2276 5241 nos
2291 5197 2381 5241 sum·

379 5269 476 5331 tismo
505 5267 725 5332 observamus.
777 5265 951 5349 Siquidem
978 5268 1035 5332 ubi
1059 5272 1353 5339 animadvertimus
1406 5296 1538 5358 mopere
1565 5273 1662 5336 debet
1688 5269 1748 5334 illa
1769 5267 1949 5345 damnatio,
1977 5263 2142 5330 vindicem
2168 5262 2238 5326 fore
2258 5260 2380 5340 Deum,

378 5374 476 5436 quem
502 5353 538 5416 in
558 5354 658 5418 finem
684 5354 856 5418 institutus
877 5353 986 5432 fuerit,
1004 5354 1174 5421 evidenter
1195 5359 1353 5440 conspici·
1407 5360 1525 5443 siquis
1546 5355 1685 5422 foederis
1704 5353 1852 5440 symbolo
1873 5352 1981 5418 filium
2001 5350 2161 5434 insignire
2181 5352 2381 5424 contemnat,

377 5460 461 5518 mus,
480 5446 515 5503 et
535 5439 715 5505 infantibus
732 5461 798 5504 non
819 5439 932 5505 minus
948 5448 1131 5523 competere
1152 5463 1251 5524 quam
1273 5450 1354 5509 natu
1406 5444 1493 5527 quod
1514 5464 1552 5508 eo
1574 5449 1764 5525 contemptu
1784 5439 1893 5505 oblata
1914 5437 2021 5523 gratia
2040 5439 2214 5518 respuatur
2235 5438 2269 5496 et
2288 5431 2385 5513 quasi

379 5525 616 5608 grandioribus.
659 5526 710 5591 Eo
726 5527 837 5609 itaque
854 5526 979 5608 privari
998 5535 1169 5608 nequeunt
1189 5529 1270 5610 quin
1288 5527 1352 5594 Dei
1405 5531 1559 5594 eiuretur.
2082 5595 2087 5607 ,
2195 5604 2201 5617 ,

378 5614 502 5677 suteris
522 5612 689 5678 voluntati
709 5613 799 5678 fraus
820 5613 996 5679 manifesta
1012 5614 1079 5678 fiat
1125 5611 1222 5694 Quod
1243 5621 1353 5680 autem
1495 5620 1542 5681 10.
1587 5615 1661 5680 Iam
1687 5621 1881 5699 argumenta
1911 5608 2125 5676 discutiamus
2148 5601 2265 5686 qmbus
2288 5623 2386 5670 1111-
