<?xml version="1.0" encoding="UTF-8"?>
<!DOCTYPE html PUBLIC "-//W3C//DTD XHTML 1.0 Transitional//EN"
    "http://www.w3.org/TR/xhtml1/DTD/xhtml1-transitional.dtd">
<html xmlns="http://www.w3.org/1999/xhtml" xml:lang="en" lang="en">
 <head>
  <title>
</title>
<meta http-equiv="Content-Type" content="text/html;charset=utf-8" />
  <meta name='ocr-system' content='tesseract 3.04.00' />
  <meta name='ocr-capabilities' content='ocr_page ocr_carea ocr_par ocr_line ocrx_word'/>
</head>
<body>
  <div class='ocr_page' id='page_1' title='image "./ioanniscalvinio10calvgoog_0152.png"; bbox 0 0 5600 6809; ppageno 0'>
   <div class='ocr_carea' id='block_1_1' title="bbox 404 753 2416 824">
    <p class='ocr_par' dir='ltr' id='par_1_1' title="bbox 404 753 2416 824">
     <span class='ocr_line' id='line_1_1' title="bbox 404 753 2416 824; baseline 0.001 -3"><span class='ocrx_word' id='word_1_1' title='bbox 404 759 467 821; x_wconf 80' lang='grc'><strong>321</strong></span> <span class='ocrx_word' id='word_1_2' title='bbox 775 753 865 819; x_wconf 75' lang='lat' dir='ltr'><strong>IiIB.</strong></span> <span class='ocrx_word' id='word_1_3' title='bbox 887 754 932 819; x_wconf 94' lang='grc' dir='ltr'><strong>Π.</strong></span> <span class='ocrx_word' id='word_1_4' title='bbox 978 753 1042 819; x_wconf 82' lang='lat' dir='ltr'><strong>DE</strong></span> <span class='ocrx_word' id='word_1_5' title='bbox 1066 753 1355 821; x_wconf 76' lang='lat' dir='ltr'><strong>OOGNI&#39;PIOND</strong></span> <span class='ocrx_word' id='word_1_6' title='bbox 1377 756 1462 821; x_wconf 83' lang='lat' dir='ltr'><strong>DEI</strong></span> <span class='ocrx_word' id='word_1_7' title='bbox 1483 754 1831 822; x_wconf 72' lang='lat' dir='ltr'><strong>REDEMPuORIS.</strong></span> <span class='ocrx_word' id='word_1_8' title='bbox 1876 753 1976 820; x_wconf 84' lang='lat' dir='ltr'><strong>OAP.</strong></span> <span class='ocrx_word' id='word_1_9' title='bbox 1999 757 2043 822; x_wconf 92' lang='lat' dir='ltr'><strong>X.</strong></span> <span class='ocrx_word' id='word_1_10' title='bbox 2353 761 2416 824; x_wconf 89' lang='grc'><strong>326</strong></span> 
     </span>
    </p>
   </div>
   <div class='ocr_carea' id='block_1_2' title="bbox 394 940 2474 5812">
    <p class='ocr_par' dir='ltr' id='par_1_2' title="bbox 401 940 2416 1285">
     <span class='ocr_line' id='line_1_2' title="bbox 402 940 2415 1029; baseline 0.001 -18"><span class='ocrx_word' id='word_1_11' title='bbox 402 946 474 1012; x_wconf 88' lang='lat' dir='ltr'><strong>sine</strong></span> <span class='ocrx_word' id='word_1_12' title='bbox 495 944 601 1008; x_wconf 89' lang='lat' dir='ltr'><strong>multo</strong></span> <span class='ocrx_word' id='word_1_13' title='bbox 616 943 774 1027; x_wconf 88' lang='lat' dir='ltr'><strong>languore</strong></span> <span class='ocrx_word' id='word_1_14' title='bbox 792 940 969 1008; x_wconf 79' lang='lat' dir='ltr'><strong>claudunt?</strong></span> <span class='ocrx_word' id='word_1_15' title='bbox 998 941 1066 1008; x_wconf 85' lang='lat' dir='ltr'><strong>Ubi</strong></span> <span class='ocrx_word' id='word_1_16' title='bbox 1082 947 1177 1006; x_wconf 89' lang='lat' dir='ltr'><strong>tanta</strong></span> <span class='ocrx_word' id='word_1_17' title='bbox 1193 949 1383 1008; x_wconf 84' lang='lat' dir='ltr'><strong>sanctorum</strong></span> <span class='ocrx_word' id='word_1_18' title='bbox 1436 944 1509 1029; x_wconf 81' lang='lat' dir='ltr'><strong>(Ex.</strong></span> <span class='ocrx_word' id='word_1_19' title='bbox 1529 947 1581 1024; x_wconf 84' lang='lat'><strong>28,</strong></span> <span class='ocrx_word' id='word_1_20' title='bbox 1603 947 1643 1008; x_wconf 91' lang='grc'><strong>10</strong></span> <span class='ocrx_word' id='word_1_21' title='bbox 1665 952 1699 1009; x_wconf 88' lang='grc'><strong>11</strong></span> <span class='ocrx_word' id='word_1_22' title='bbox 1716 947 1767 1023; x_wconf 90' lang='lat'><strong>31,</strong></span> <span class='ocrx_word' id='word_1_23' title='bbox 1789 947 1828 1007; x_wconf 89' lang='lat'><strong>18</strong></span> <span class='ocrx_word' id='word_1_24' title='bbox 1848 950 1882 1008; x_wconf 89' lang='lat' dir='ltr'><strong>et</strong></span> <span class='ocrx_word' id='word_1_25' title='bbox 1899 942 1992 1026; x_wconf 88' lang='lat' dir='ltr'><strong>alibi)</strong></span> <span class='ocrx_word' id='word_1_26' title='bbox 2015 945 2154 1010; x_wconf 86' lang='lat' dir='ltr'><strong>exitium</strong></span> <span class='ocrx_word' id='word_1_27' title='bbox 2173 947 2415 1014; x_wconf 89' lang='lat' dir='ltr'><strong>incircumciso-</strong></span> 
     </span>
     <span class='ocr_line' id='line_1_3' title="bbox 403 1027 2413 1115; baseline 0.001 -19"><span class='ocrx_word' id='word_1_28' title='bbox 403 1029 579 1109; x_wconf 87' lang='lat' dir='ltr'><strong>stabilitas,</strong></span> <span class='ocrx_word' id='word_1_29' title='bbox 606 1050 688 1111; x_wconf 91' lang='lat' dir='ltr'><strong>quos</strong></span> <span class='ocrx_word' id='word_1_30' title='bbox 713 1030 783 1114; x_wconf 89' lang='lat' dir='ltr'><strong>ipse</strong></span> <span class='ocrx_word' id='word_1_31' title='bbox 804 1028 916 1095; x_wconf 89' lang='lat' dir='ltr'><strong>David</strong></span> <span class='ocrx_word' id='word_1_32' title='bbox 941 1049 1008 1092; x_wconf 92' lang='lat' dir='ltr'><strong>non</strong></span> <span class='ocrx_word' id='word_1_33' title='bbox 1034 1027 1130 1092; x_wconf 91' lang='lat' dir='ltr'><strong>modo</strong></span> <span class='ocrx_word' id='word_1_34' title='bbox 1153 1029 1296 1108; x_wconf 88' lang='lat' dir='ltr'><strong>concuti,</strong></span> <span class='ocrx_word' id='word_1_35' title='bbox 1325 1028 1382 1094; x_wconf 90' lang='lat' dir='ltr'><strong>sed</strong></span> <span class='ocrx_word' id='word_1_36' title='bbox 1434 1051 1526 1108; x_wconf 90' lang='lat' dir='ltr'><strong>rum,</strong></span> <span class='ocrx_word' id='word_1_37' title='bbox 1558 1037 1597 1095; x_wconf 92' lang='lat' dir='ltr'><strong>ut</strong></span> <span class='ocrx_word' id='word_1_38' title='bbox 1628 1030 1747 1113; x_wconf 88' lang='lat' dir='ltr'><strong>quibus</strong></span> <span class='ocrx_word' id='word_1_39' title='bbox 1774 1030 2022 1094; x_wconf 88' lang='lat' dir='ltr'><strong>resurrectionis</strong></span> <span class='ocrx_word' id='word_1_40' title='bbox 2049 1050 2123 1112; x_wconf 91' lang='lat' dir='ltr'><strong>spes</strong></span> <span class='ocrx_word' id='word_1_41' title='bbox 2148 1034 2297 1115; x_wconf 91' lang='lat' dir='ltr'><strong>praecisa</strong></span> <span class='ocrx_word' id='word_1_42' title='bbox 2320 1043 2413 1101; x_wconf 78' lang='lat' dir='ltr'><strong>esset,</strong></span> 
     </span>
     <span class='ocr_line' id='line_1_4' title="bbox 403 1113 2416 1204; baseline 0.001 -19"><span class='ocrx_word' id='word_1_43' title='bbox 403 1117 545 1202; x_wconf 80' lang='lat' dir='ltr'><strong>opprimi</strong></span> <span class='ocrx_word' id='word_1_44' title='bbox 583 1122 618 1181; x_wconf 92' lang='lat' dir='ltr'><strong>et</strong></span> <span class='ocrx_word' id='word_1_45' title='bbox 655 1116 781 1180; x_wconf 89' lang='lat' dir='ltr'><strong>conteri</strong></span> <span class='ocrx_word' id='word_1_46' title='bbox 819 1134 954 1197; x_wconf 89' lang='lat' dir='ltr'><strong>prorsus</strong></span> <span class='ocrx_word' id='word_1_47' title='bbox 992 1114 1113 1196; x_wconf 90' lang='lat' dir='ltr'><strong>ubique</strong></span> <span class='ocrx_word' id='word_1_48' title='bbox 1148 1114 1380 1196; x_wconf 86' lang='lat' dir='ltr'><strong>conqueritur?</strong></span> <span class='ocrx_word' id='word_1_49' title='bbox 1435 1113 1548 1197; x_wconf 78' lang='lat' dir='ltr'><strong>Quare</strong></span> <span class='ocrx_word' id='word_1_50' title='bbox 1568 1116 1696 1182; x_wconf 89' lang='lat' dir='ltr'><strong>nullam</strong></span> <span class='ocrx_word' id='word_1_51' title='bbox 1724 1116 1787 1180; x_wconf 91' lang='lat' dir='ltr'><strong>hae</strong></span> <span class='ocrx_word' id='word_1_52' title='bbox 1814 1115 2001 1199; x_wconf 89' lang='lat' dir='ltr'><strong>excogitare</strong></span> <span class='ocrx_word' id='word_1_53' title='bbox 2022 1117 2128 1197; x_wconf 90' lang='lat' dir='ltr'><strong>potuit</strong></span> <span class='ocrx_word' id='word_1_54' title='bbox 2147 1118 2258 1186; x_wconf 89' lang='lat' dir='ltr'><strong>David</strong></span> <span class='ocrx_word' id='word_1_55' title='bbox 2285 1121 2416 1204; x_wconf 88' lang='lat' dir='ltr'><strong>gravio·</strong></span> 
     </span>
     <span class='ocr_line' id='line_1_5' title="bbox 401 1199 2414 1285; baseline 0.001 -14"><span class='ocrx_word' id='word_1_56' title='bbox 401 1203 532 1285; x_wconf 82' lang='lat' dir='ltr'><strong>Nempe</strong></span> <span class='ocrx_word' id='word_1_57' title='bbox 562 1201 603 1267; x_wconf 93' lang='lat' dir='ltr'><strong>ob</strong></span> <span class='ocrx_word' id='word_1_58' title='bbox 636 1201 745 1267; x_wconf 91' lang='lat' dir='ltr'><strong>oeulos</strong></span> <span class='ocrx_word' id='word_1_59' title='bbox 774 1200 836 1266; x_wconf 90' lang='lat' dir='ltr'><strong>sibi</strong></span> <span class='ocrx_word' id='word_1_60' title='bbox 864 1200 1044 1278; x_wconf 77' lang='lat' dir='ltr'>statuebat,</span> <span class='ocrx_word' id='word_1_61' title='bbox 1082 1220 1149 1263; x_wconf 92' lang='lat' dir='ltr'><strong>nou</strong></span> <span class='ocrx_word' id='word_1_62' title='bbox 1186 1199 1266 1282; x_wconf 92' lang='lat' dir='ltr'><strong>quid</strong></span> <span class='ocrx_word' id='word_1_63' title='bbox 1296 1200 1383 1265; x_wconf 86' lang='lat' dir='ltr'><strong>ferat</strong></span> <span class='ocrx_word' id='word_1_64' title='bbox 1434 1223 1505 1267; x_wconf 91' lang='lat' dir='ltr'><strong>rem</strong></span> <span class='ocrx_word' id='word_1_65' title='bbox 1522 1201 1800 1285; x_wconf 76' lang='lat' dir='ltr'><strong>imprecationem:</strong></span> <span class='ocrx_word' id='word_1_66' title='bbox 1820 1199 1993 1266; x_wconf 89' lang='lat' dir='ltr'><strong>deleantur</strong></span> <span class='ocrx_word' id='word_1_67' title='bbox 2012 1199 2053 1265; x_wconf 91' lang='lat' dir='ltr'><strong>de</strong></span> <span class='ocrx_word' id='word_1_68' title='bbox 2069 1201 2153 1266; x_wconf 94' lang='lat' dir='ltr'><strong>libro</strong></span> <span class='ocrx_word' id='word_1_69' title='bbox 2171 1205 2268 1282; x_wconf 89' lang='lat' dir='ltr'><strong>vitae,</strong></span> <span class='ocrx_word' id='word_1_70' title='bbox 2291 1213 2414 1274; x_wconf 91' lang='lat' dir='ltr'><strong>etcum</strong></span> 
     </span>
    </p>

    <p class='ocr_par' dir='ltr' id='par_1_3' title="bbox 396 1285 2416 4114">
     <span class='ocr_line' id='line_1_6' title="bbox 402 1285 2112 1372; baseline -0.002 -16"><span class='ocrx_word' id='word_1_71' title='bbox 402 1287 565 1356; x_wconf 88' lang='lat' dir='ltr'><strong>instabilis</strong></span> <span class='ocrx_word' id='word_1_72' title='bbox 587 1293 621 1352; x_wconf 92' lang='lat' dir='ltr'><strong>et</strong></span> <span class='ocrx_word' id='word_1_73' title='bbox 642 1287 716 1369; x_wconf 89' lang='lat' dir='ltr'><strong>plus</strong></span> <span class='ocrx_word' id='word_1_74' title='bbox 738 1308 837 1369; x_wconf 93' lang='lat' dir='ltr'><strong>quam</strong></span> <span class='ocrx_word' id='word_1_75' title='bbox 858 1286 1022 1352; x_wconf 89' lang='lat' dir='ltr'><strong>aestuaria</strong></span> <span class='ocrx_word' id='word_1_76' title='bbox 1040 1285 1155 1350; x_wconf 90' lang='lat' dir='ltr'><strong>mundi</strong></span> <span class='ocrx_word' id='word_1_77' title='bbox 1177 1285 1367 1352; x_wconf 77' lang='grc'><strong>11111111111</strong></span> <span class='ocrx_word' id='word_1_78' title='bbox 1372 1310 1381 1367; x_wconf 86' lang='grc'><strong>;</strong></span> <span class='ocrx_word' id='word_1_79' title='bbox 1434 1287 1530 1354; x_wconf 90' lang='lat' dir='ltr'><strong>iustis</strong></span> <span class='ocrx_word' id='word_1_80' title='bbox 1550 1309 1618 1353; x_wconf 92' lang='lat' dir='ltr'><strong>non</strong></span> <span class='ocrx_word' id='word_1_81' title='bbox 1640 1287 1826 1354; x_wconf 72' lang='lat' dir='ltr'><strong>scribantur</strong></span> <span class='ocrx_word' id='word_1_82' title='bbox 1848 1287 1951 1370; x_wconf 87' lang='lat' dir='ltr'><strong>(Psal.</strong></span> <span class='ocrx_word' id='word_1_83' title='bbox 1975 1289 2025 1365; x_wconf 88' lang='grc'><strong>69,</strong></span> <span class='ocrx_word' id='word_1_84' title='bbox 2046 1287 2112 1372; x_wconf 83' lang='grc'><strong>29).</strong></span> 
     </span>
     <span class='ocr_line' id='line_1_7' title="bbox 402 1370 2414 1456; baseline 0.001 -13"><span class='ocrx_word' id='word_1_85' title='bbox 402 1375 461 1443; x_wconf 86' lang='lat' dir='ltr'><strong>sed</strong></span> <span class='ocrx_word' id='word_1_86' title='bbox 488 1371 567 1456; x_wconf 91' lang='lat' dir='ltr'><strong>quid</strong></span> <span class='ocrx_word' id='word_1_87' title='bbox 592 1373 738 1439; x_wconf 84' lang='lat' dir='ltr'><strong>facturus</strong></span> <span class='ocrx_word' id='word_1_88' title='bbox 759 1374 803 1438; x_wconf 90' lang='lat' dir='ltr'><strong>sit</strong></span> <span class='ocrx_word' id='word_1_89' title='bbox 823 1373 1001 1452; x_wconf 91' lang='lat' dir='ltr'><strong>Dominus,</strong></span> <span class='ocrx_word' id='word_1_90' title='bbox 1028 1392 1130 1454; x_wconf 92' lang='lat' dir='ltr'><strong>quum</strong></span> <span class='ocrx_word' id='word_1_91' title='bbox 1151 1370 1194 1436; x_wconf 90' lang='lat' dir='ltr'><strong>ad</strong></span> <span class='ocrx_word' id='word_1_92' title='bbox 1214 1379 1381 1437; x_wconf 89' lang='lat' dir='ltr'><strong>aeternam</strong></span> <span class='ocrx_word' id='word_1_93' title='bbox 1523 1377 1572 1438; x_wconf 89' lang='grc'><strong>19.</strong></span> <span class='ocrx_word' id='word_1_94' title='bbox 1616 1373 1703 1439; x_wconf 86' lang='lat' dir='ltr'><strong>Prae</strong></span> <span class='ocrx_word' id='word_1_95' title='bbox 1731 1371 1804 1436; x_wconf 92' lang='lat' dir='ltr'><strong>aliis</strong></span> <span class='ocrx_word' id='word_1_96' title='bbox 1830 1392 1910 1437; x_wconf 87' lang='lat' dir='ltr'><strong>vero</strong></span> <span class='ocrx_word' id='word_1_97' title='bbox 1931 1371 2070 1455; x_wconf 86' lang='lat' dir='ltr'><strong>insignis</strong></span> <span class='ocrx_word' id='word_1_98' title='bbox 2091 1371 2150 1438; x_wconf 91' lang='lat' dir='ltr'><strong>illa</strong></span> <span class='ocrx_word' id='word_1_99' title='bbox 2171 1378 2334 1443; x_wconf 87' lang='lat' dir='ltr'><strong>sententia</strong></span> <span class='ocrx_word' id='word_1_100' title='bbox 2355 1379 2414 1445; x_wconf 94' lang='lat' dir='ltr'><strong>Iob</strong></span> 
     </span>
     <span class='ocr_line' id='line_1_8' title="bbox 402 1454 2414 1544; baseline 0 -17"><span class='ocrx_word' id='word_1_101' title='bbox 402 1461 485 1528; x_wconf 91' lang='lat' dir='ltr'><strong>coeli</strong></span> <span class='ocrx_word' id='word_1_102' title='bbox 507 1481 546 1525; x_wconf 91' lang='lat' dir='ltr'><strong>ac</strong></span> <span class='ocrx_word' id='word_1_103' title='bbox 567 1464 674 1524; x_wconf 89' lang='lat' dir='ltr'><strong>terrae</strong></span> <span class='ocrx_word' id='word_1_104' title='bbox 697 1459 961 1524; x_wconf 69' lang='lat' dir='ltr'><strong>consttutionem</strong></span> <span class='ocrx_word' id='word_1_105' title='bbox 982 1457 1061 1523; x_wconf 93' lang='lat' dir='ltr'><strong>olim</strong></span> <span class='ocrx_word' id='word_1_106' title='bbox 1080 1455 1210 1522; x_wconf 86' lang='lat' dir='ltr'><strong>sedebit</strong></span> <span class='ocrx_word' id='word_1_107' title='bbox 1256 1454 1380 1538; x_wconf 78' lang='lat' dir='ltr'><strong>Quem·</strong></span> <span class='ocrx_word' id='word_1_108' title='bbox 1434 1459 1500 1544; x_wconf 91' lang='grc'><strong>(19,</strong></span> <span class='ocrx_word' id='word_1_109' title='bbox 1521 1458 1591 1544; x_wconf 86' lang='grc'><strong>25);</strong></span> <span class='ocrx_word' id='word_1_110' title='bbox 1618 1458 1684 1524; x_wconf 91' lang='lat' dir='ltr'><strong>seio</strong></span> <span class='ocrx_word' id='word_1_111' title='bbox 1706 1458 1783 1540; x_wconf 89' lang='lat' dir='ltr'><strong>quia</strong></span> <span class='ocrx_word' id='word_1_112' title='bbox 1804 1458 1992 1542; x_wconf 80' lang='lat' dir='ltr'><strong>redemptor</strong></span> <span class='ocrx_word' id='word_1_113' title='bbox 2012 1479 2107 1524; x_wconf 92' lang='lat' dir='ltr'><strong>meus</strong></span> <span class='ocrx_word' id='word_1_114' title='bbox 2127 1459 2220 1539; x_wconf 88' lang='lat' dir='ltr'><strong>vivit,</strong></span> <span class='ocrx_word' id='word_1_115' title='bbox 2243 1470 2277 1526; x_wconf 89' lang='lat' dir='ltr'><strong>et</strong></span> <span class='ocrx_word' id='word_1_116' title='bbox 2297 1464 2332 1527; x_wconf 94' lang='lat' dir='ltr'><strong>in</strong></span> <span class='ocrx_word' id='word_1_117' title='bbox 2355 1486 2414 1529; x_wconf 93' lang='grc'><strong>11-</strong></span> 
     </span>
     <span class='ocr_line' id='line_1_9' title="bbox 402 1542 2414 1628; baseline 0.001 -15"><span class='ocrx_word' id='word_1_118' title='bbox 402 1544 580 1613; x_wconf 79' lang='lat' dir='ltr'><strong>admodum</strong></span> <span class='ocrx_word' id='word_1_119' title='bbox 608 1544 671 1610; x_wconf 92' lang='lat' dir='ltr'><strong>alio</strong></span> <span class='ocrx_word' id='word_1_120' title='bbox 698 1545 768 1612; x_wconf 88' lang='lat' dir='ltr'><strong>loco</strong></span> <span class='ocrx_word' id='word_1_121' title='bbox 790 1544 958 1628; x_wconf 82' lang='lat' dir='ltr'><strong>eleganter</strong></span> <span class='ocrx_word' id='word_1_122' title='bbox 980 1543 1134 1610; x_wconf 80' lang='lat' dir='ltr'><strong>describit</strong></span> <span class='ocrx_word' id='word_1_123' title='bbox 1155 1542 1258 1628; x_wconf 89' lang='lat' dir='ltr'><strong>(Psal.</strong></span> <span class='ocrx_word' id='word_1_124' title='bbox 1278 1547 1330 1623; x_wconf 88' lang='grc'><strong>49,</strong></span> <span class='ocrx_word' id='word_1_125' title='bbox 1350 1549 1378 1609; x_wconf 83' lang='grc'><strong>7.</strong></span> <span class='ocrx_word' id='word_1_126' title='bbox 1433 1547 1566 1611; x_wconf 89' lang='lat' dir='ltr'><strong>vissimo</strong></span> <span class='ocrx_word' id='word_1_127' title='bbox 1588 1543 1642 1609; x_wconf 91' lang='lat' dir='ltr'><strong>die</strong></span> <span class='ocrx_word' id='word_1_128' title='bbox 1663 1543 1704 1608; x_wconf 92' lang='lat' dir='ltr'><strong>de</strong></span> <span class='ocrx_word' id='word_1_129' title='bbox 1724 1550 1815 1608; x_wconf 86' lang='lat' dir='ltr'><strong>terra</strong></span> <span class='ocrx_word' id='word_1_130' title='bbox 1835 1550 2080 1609; x_wconf 89' lang='lat' dir='ltr'><strong>resurrecturus</strong></span> <span class='ocrx_word' id='word_1_131' title='bbox 2099 1566 2181 1625; x_wconf 91' lang='lat' dir='ltr'><strong>sum,</strong></span> <span class='ocrx_word' id='word_1_132' title='bbox 2205 1553 2239 1612; x_wconf 92' lang='lat' dir='ltr'><strong>et</strong></span> <span class='ocrx_word' id='word_1_133' title='bbox 2259 1548 2295 1612; x_wconf 91' lang='lat' dir='ltr'><strong>in</strong></span> <span class='ocrx_word' id='word_1_134' title='bbox 2316 1570 2414 1615; x_wconf 90' lang='lat' dir='ltr'><strong>earne</strong></span> 
     </span>
     <span class='ocr_line' id='line_1_10' title="bbox 402 1629 2415 1715; baseline 0 -16"><span class='ocrx_word' id='word_1_135' title='bbox 402 1636 424 1699; x_wconf 89' lang='lat'><strong>8</strong></span> <span class='ocrx_word' id='word_1_136' title='bbox 452 1630 543 1714; x_wconf 85' lang='lat' dir='ltr'><strong>ete.):</strong></span> <span class='ocrx_word' id='word_1_137' title='bbox 578 1631 730 1695; x_wconf 91' lang='lat' dir='ltr'><strong>nituntur</strong></span> <span class='ocrx_word' id='word_1_138' title='bbox 758 1629 849 1696; x_wconf 92' lang='lat' dir='ltr'><strong>stulti</strong></span> <span class='ocrx_word' id='word_1_139' title='bbox 877 1629 1044 1713; x_wconf 90' lang='lat' dir='ltr'><strong>opulentia</strong></span> <span class='ocrx_word' id='word_1_140' title='bbox 1072 1648 1147 1707; x_wconf 87' lang='lat' dir='ltr'><strong>sua,</strong></span> <span class='ocrx_word' id='word_1_141' title='bbox 1181 1630 1222 1694; x_wconf 93' lang='lat' dir='ltr'><strong>ob</strong></span> <span class='ocrx_word' id='word_1_142' title='bbox 1249 1629 1380 1696; x_wconf 75' lang='grc'><strong>11111111</strong></span> <span class='ocrx_word' id='word_1_143' title='bbox 1432 1652 1507 1696; x_wconf 91' lang='lat' dir='ltr'><strong>mea</strong></span> <span class='ocrx_word' id='word_1_144' title='bbox 1533 1629 1649 1696; x_wconf 92' lang='lat' dir='ltr'><strong>videbo</strong></span> <span class='ocrx_word' id='word_1_145' title='bbox 1675 1631 1787 1695; x_wconf 88' lang='lat' dir='ltr'><strong>Deum</strong></span> <span class='ocrx_word' id='word_1_146' title='bbox 1808 1630 2008 1696; x_wconf 88' lang='lat' dir='ltr'><strong>salvatorem</strong></span> <span class='ocrx_word' id='word_1_147' title='bbox 2034 1651 2161 1708; x_wconf 90' lang='lat' dir='ltr'><strong>meum;</strong></span> <span class='ocrx_word' id='word_1_148' title='bbox 2177 1635 2336 1715; x_wconf 75' lang='lat' dir='ltr'><strong>reposita</strong></span> <span class='ocrx_word' id='word_1_149' title='bbox 2364 1644 2415 1702; x_wconf 88' lang='lat' dir='ltr'><strong>est</strong></span> 
     </span>
     <span class='ocr_line' id='line_1_11' title="bbox 401 1712 2413 1799; baseline 0.001 -16"><span class='ocrx_word' id='word_1_150' title='bbox 401 1718 524 1783; x_wconf 78' lang='lat' dir='ltr'><strong>multas</strong></span> <span class='ocrx_word' id='word_1_151' title='bbox 545 1716 754 1798; x_wconf 91' lang='lat' dir='ltr'><strong>superbiunt;</strong></span> <span class='ocrx_word' id='word_1_152' title='bbox 777 1723 810 1782; x_wconf 93' lang='lat' dir='ltr'><strong>et</strong></span> <span class='ocrx_word' id='word_1_153' title='bbox 832 1724 943 1779; x_wconf 90' lang='lat' dir='ltr'><strong>tamen</strong></span> <span class='ocrx_word' id='word_1_154' title='bbox 966 1736 1077 1794; x_wconf 91' lang='lat' dir='ltr'><strong>nemo,</strong></span> <span class='ocrx_word' id='word_1_155' title='bbox 1100 1714 1302 1797; x_wconf 89' lang='lat' dir='ltr'><strong>quantalibet</strong></span> <span class='ocrx_word' id='word_1_156' title='bbox 1322 1737 1380 1781; x_wconf 90' lang='lat' dir='ltr'><strong>ex·</strong></span> <span class='ocrx_word' id='word_1_157' title='bbox 1433 1716 1515 1782; x_wconf 83' lang='lat' dir='ltr'><strong>haec</strong></span> <span class='ocrx_word' id='word_1_158' title='bbox 1536 1737 1611 1799; x_wconf 91' lang='lat' dir='ltr'><strong>spes</strong></span> <span class='ocrx_word' id='word_1_159' title='bbox 1631 1736 1707 1780; x_wconf 89' lang='lat' dir='ltr'><strong>mea</strong></span> <span class='ocrx_word' id='word_1_160' title='bbox 1732 1715 1768 1779; x_wconf 92' lang='lat' dir='ltr'><strong>in</strong></span> <span class='ocrx_word' id='word_1_161' title='bbox 1789 1716 1865 1779; x_wconf 93' lang='lat' dir='ltr'><strong>sinu</strong></span> <span class='ocrx_word' id='word_1_162' title='bbox 1887 1736 1969 1780; x_wconf 91' lang='lat' dir='ltr'><strong>meo.</strong></span> <span class='ocrx_word' id='word_1_163' title='bbox 2015 1712 2082 1796; x_wconf 77' lang='lat' dir='ltr'><strong>Qui</strong></span> <span class='ocrx_word' id='word_1_164' title='bbox 2104 1717 2221 1782; x_wconf 90' lang='lat' dir='ltr'><strong>volunt</strong></span> <span class='ocrx_word' id='word_1_165' title='bbox 2241 1720 2413 1786; x_wconf 88' lang='lat' dir='ltr'><strong>venditare</strong></span> 
     </span>
     <span class='ocr_line' id='line_1_12' title="bbox 401 1801 2413 1884; baseline 0 -13"><span class='ocrx_word' id='word_1_166' title='bbox 401 1803 557 1871; x_wconf 88' lang='lat' dir='ltr'><strong>collentia</strong></span> <span class='ocrx_word' id='word_1_167' title='bbox 584 1801 720 1884; x_wconf 90' lang='lat' dir='ltr'><strong>polleat,</strong></span> <span class='ocrx_word' id='word_1_168' title='bbox 753 1801 914 1867; x_wconf 87' lang='lat' dir='ltr'><strong>redimere</strong></span> <span class='ocrx_word' id='word_1_169' title='bbox 940 1801 1077 1866; x_wconf 82' lang='lat' dir='ltr'><strong>fratrem</strong></span> <span class='ocrx_word' id='word_1_170' title='bbox 1104 1821 1201 1865; x_wconf 89' lang='lat' dir='ltr'><strong>suum</strong></span> <span class='ocrx_word' id='word_1_171' title='bbox 1229 1821 1250 1864; x_wconf 94' lang='lat' dir='ltr'><strong>a</strong></span> <span class='ocrx_word' id='word_1_172' title='bbox 1274 1810 1379 1866; x_wconf 92' lang='lat' dir='ltr'><strong>morte</strong></span> <span class='ocrx_word' id='word_1_173' title='bbox 1432 1823 1530 1867; x_wconf 88' lang='lat' dir='ltr'><strong>suum</strong></span> <span class='ocrx_word' id='word_1_174' title='bbox 1557 1822 1710 1879; x_wconf 80' lang='lat' dir='ltr'><strong>acumen,</strong></span> <span class='ocrx_word' id='word_1_175' title='bbox 1743 1801 1942 1866; x_wconf 82' lang='lat' dir='ltr'><strong>cavillantur</strong></span> <span class='ocrx_word' id='word_1_176' title='bbox 1966 1822 2035 1866; x_wconf 89' lang='lat' dir='ltr'><strong>non</strong></span> <span class='ocrx_word' id='word_1_177' title='bbox 2067 1823 2138 1868; x_wconf 91' lang='lat' dir='ltr'><strong>esse</strong></span> <span class='ocrx_word' id='word_1_178' title='bbox 2173 1804 2254 1871; x_wconf 90' lang='lat' dir='ltr'><strong>haee</strong></span> <span class='ocrx_word' id='word_1_179' title='bbox 2290 1806 2413 1872; x_wconf 87' lang='lat' dir='ltr'><strong>intelli-</strong></span> 
     </span>
     <span class='ocr_line' id='line_1_13' title="bbox 481 1885 2413 1974; baseline 0.003 -22"><span class='ocrx_word' id='word_1_180' title='bbox 481 1890 520 1967; x_wconf 81' lang='grc'><strong>1,</strong></span> <span class='ocrx_word' id='word_1_181' title='bbox 560 1908 657 1952; x_wconf 93' lang='lat' dir='ltr'><strong>nemo</strong></span> <span class='ocrx_word' id='word_1_182' title='bbox 692 1889 835 1970; x_wconf 91' lang='lat' dir='ltr'><strong>pretium</strong></span> <span class='ocrx_word' id='word_1_183' title='bbox 859 1886 1101 1969; x_wconf 88' lang='lat' dir='ltr'><strong>&#39;redemptionis</strong></span> <span class='ocrx_word' id='word_1_184' title='bbox 1133 1885 1206 1951; x_wconf 91' lang='lat' dir='ltr'><strong>Deo</strong></span> <span class='ocrx_word' id='word_1_185' title='bbox 1243 1886 1378 1953; x_wconf 90' lang='lat' dir='ltr'><strong>solvere.</strong></span> <span class='ocrx_word' id='word_1_186' title='bbox 1433 1885 1541 1972; x_wconf 86' lang='lat' dir='ltr'><strong>ganda</strong></span> <span class='ocrx_word' id='word_1_187' title='bbox 1569 1887 1610 1952; x_wconf 91' lang='lat' dir='ltr'><strong>de</strong></span> <span class='ocrx_word' id='word_1_188' title='bbox 1637 1887 1755 1951; x_wconf 89' lang='lat' dir='ltr'><strong>ultima</strong></span> <span class='ocrx_word' id='word_1_189' title='bbox 1776 1888 2027 1966; x_wconf 89' lang='lat' dir='ltr'><strong>resurrectione,</strong></span> <span class='ocrx_word' id='word_1_190' title='bbox 2057 1887 2115 1952; x_wconf 91' lang='lat' dir='ltr'><strong>sed</strong></span> <span class='ocrx_word' id='word_1_191' title='bbox 2142 1888 2182 1953; x_wconf 92' lang='lat' dir='ltr'><strong>de</strong></span> <span class='ocrx_word' id='word_1_192' title='bbox 2203 1892 2310 1972; x_wconf 89' lang='lat' dir='ltr'><strong>primo</strong></span> <span class='ocrx_word' id='word_1_193' title='bbox 2333 1913 2413 1974; x_wconf 93' lang='lat' dir='ltr'><strong>quo·</strong></span> 
     </span>
     <span class='ocr_line' id='line_1_14' title="bbox 435 1972 2412 2060; baseline 0.002 -20"><span class='ocrx_word' id='word_1_194' title='bbox 435 1995 518 2040; x_wconf 90' lang='lat' dir='ltr'><strong>uum</strong></span> <span class='ocrx_word' id='word_1_195' title='bbox 545 1980 655 2038; x_wconf 87' lang='lat' dir='ltr'><strong>autem</strong></span> <span class='ocrx_word' id='word_1_196' title='bbox 676 1973 812 2039; x_wconf 89' lang='lat' dir='ltr'><strong>videant</strong></span> <span class='ocrx_word' id='word_1_197' title='bbox 839 1980 873 2037; x_wconf 93' lang='lat' dir='ltr'><strong>et</strong></span> <span class='ocrx_word' id='word_1_198' title='bbox 899 1973 1063 2055; x_wconf 89' lang='lat' dir='ltr'><strong>sapientes</strong></span> <span class='ocrx_word' id='word_1_199' title='bbox 1083 1972 1182 2051; x_wconf 93' lang='lat' dir='ltr'><strong>mori,</strong></span> <span class='ocrx_word' id='word_1_200' title='bbox 1209 1994 1380 2054; x_wconf 90' lang='lat' dir='ltr'><strong>perversos</strong></span> <span class='ocrx_word' id='word_1_201' title='bbox 1432 1995 1497 2056; x_wconf 93' lang='lat' dir='ltr'><strong>que</strong></span> <span class='ocrx_word' id='word_1_202' title='bbox 1519 1973 1586 2051; x_wconf 89' lang='lat' dir='ltr'><strong>die,</strong></span> <span class='ocrx_word' id='word_1_203' title='bbox 1613 1994 1678 2055; x_wconf 94' lang='lat' dir='ltr'><strong>quo</strong></span> <span class='ocrx_word' id='word_1_204' title='bbox 1706 1972 1769 2038; x_wconf 91' lang='lat' dir='ltr'><strong>sibi</strong></span> <span class='ocrx_word' id='word_1_205' title='bbox 1789 1973 1954 2037; x_wconf 86' lang='lat' dir='ltr'><strong>mitiorem</strong></span> <span class='ocrx_word' id='word_1_206' title='bbox 1975 1973 2044 2037; x_wconf 90' lang='lat' dir='ltr'><strong>fore</strong></span> <span class='ocrx_word' id='word_1_207' title='bbox 2065 1973 2176 2038; x_wconf 91' lang='lat' dir='ltr'><strong>Deum</strong></span> <span class='ocrx_word' id='word_1_208' title='bbox 2197 1976 2256 2041; x_wconf 92' lang='lat' dir='ltr'><strong>Iob</strong></span> <span class='ocrx_word' id='word_1_209' title='bbox 2278 1998 2412 2060; x_wconf 88' lang='lat' dir='ltr'><strong>exspec-</strong></span> 
     </span>
     <span class='ocr_line' id='line_1_15' title="bbox 401 2057 2412 2145; baseline 0.002 -20"><span class='ocrx_word' id='word_1_210' title='bbox 401 2061 526 2145; x_wconf 85' lang='lat' dir='ltr'><strong>pariter</strong></span> <span class='ocrx_word' id='word_1_211' title='bbox 546 2067 580 2125; x_wconf 91' lang='lat' dir='ltr'><strong>et</strong></span> <span class='ocrx_word' id='word_1_212' title='bbox 600 2058 717 2125; x_wconf 82' lang='lat' dir='ltr'><strong>stultas</strong></span> <span class='ocrx_word' id='word_1_213' title='bbox 738 2059 888 2137; x_wconf 87' lang='lat' dir='ltr'><strong>interire,</strong></span> <span class='ocrx_word' id='word_1_214' title='bbox 916 2065 951 2122; x_wconf 91' lang='lat' dir='ltr'><strong>et</strong></span> <span class='ocrx_word' id='word_1_215' title='bbox 977 2057 1092 2123; x_wconf 88' lang='lat' dir='ltr'><strong>alienis</strong></span> <span class='ocrx_word' id='word_1_216' title='bbox 1118 2057 1303 2141; x_wconf 91' lang='lat' dir='ltr'><strong>relinquere</strong></span> <span class='ocrx_word' id='word_1_217' title='bbox 1330 2059 1379 2123; x_wconf 93' lang='lat' dir='ltr'><strong>di·</strong></span> <span class='ocrx_word' id='word_1_218' title='bbox 1432 2059 1540 2124; x_wconf 90' lang='lat' dir='ltr'><strong>tabat:</strong></span> <span class='ocrx_word' id='word_1_219' title='bbox 1559 2058 1646 2142; x_wconf 93' lang='lat' dir='ltr'><strong>quod</strong></span> <span class='ocrx_word' id='word_1_220' title='bbox 1667 2065 1706 2123; x_wconf 91' lang='lat' dir='ltr'><strong>ut</strong></span> <span class='ocrx_word' id='word_1_221' title='bbox 1725 2058 1792 2122; x_wconf 90' lang='lat' dir='ltr'><strong>illis</strong></span> <span class='ocrx_word' id='word_1_222' title='bbox 1814 2079 1856 2122; x_wconf 91' lang='lat' dir='ltr'><strong>ex</strong></span> <span class='ocrx_word' id='word_1_223' title='bbox 1877 2065 1971 2140; x_wconf 89' lang='lat' dir='ltr'><strong>parte</strong></span> <span class='ocrx_word' id='word_1_224' title='bbox 1992 2057 2123 2139; x_wconf 89' lang='lat' dir='ltr'><strong>demus,</strong></span> <span class='ocrx_word' id='word_1_225' title='bbox 2146 2064 2412 2145; x_wconf 83' lang='lat' dir='ltr'><strong>extorquebimus</strong></span> 
     </span>
     <span class='ocr_line' id='line_1_16' title="bbox 401 2142 2411 2229; baseline 0 -16"><span class='ocrx_word' id='word_1_226' title='bbox 401 2147 501 2213; x_wconf 86' lang='lat' dir='ltr'><strong>vitias</strong></span> <span class='ocrx_word' id='word_1_227' title='bbox 532 2164 623 2223; x_wconf 86' lang='lat' dir='ltr'><strong>suas,</strong></span> <span class='ocrx_word' id='word_1_228' title='bbox 662 2146 809 2228; x_wconf 90' lang='lat' dir='ltr'><strong>cogitant</strong></span> <span class='ocrx_word' id='word_1_229' title='bbox 839 2143 951 2208; x_wconf 92' lang='lat' dir='ltr'><strong>domos</strong></span> <span class='ocrx_word' id='word_1_230' title='bbox 984 2143 1048 2209; x_wconf 94' lang='lat' dir='ltr'><strong>sibi</strong></span> <span class='ocrx_word' id='word_1_231' title='bbox 1080 2163 1312 2225; x_wconf 88' lang='lat' dir='ltr'><strong>permansuras</strong></span> <span class='ocrx_word' id='word_1_232' title='bbox 1345 2146 1379 2209; x_wconf 94' lang='grc'><strong>11</strong></span> <span class='ocrx_word' id='word_1_233' title='bbox 1432 2152 1560 2224; x_wconf 90' lang='lat' dir='ltr'><strong>tamen,</strong></span> <span class='ocrx_word' id='word_1_234' title='bbox 1588 2145 1707 2223; x_wconf 89' lang='lat' dir='ltr'><strong>velint,</strong></span> <span class='ocrx_word' id='word_1_235' title='bbox 1735 2142 1857 2223; x_wconf 91' lang='lat' dir='ltr'><strong>nolint,</strong></span> <span class='ocrx_word' id='word_1_236' title='bbox 1892 2143 1934 2208; x_wconf 89' lang='lat' dir='ltr'><strong>ad</strong></span> <span class='ocrx_word' id='word_1_237' title='bbox 1962 2164 2036 2208; x_wconf 92' lang='lat' dir='ltr'><strong>eam</strong></span> <span class='ocrx_word' id='word_1_238' title='bbox 2064 2146 2134 2227; x_wconf 91' lang='lat' dir='ltr'><strong>spei</strong></span> <span class='ocrx_word' id='word_1_239' title='bbox 2161 2147 2411 2229; x_wconf 92' lang='lat' dir='ltr'><strong>amplitudinem</strong></span> 
     </span>
     <span class='ocr_line' id='line_1_17' title="bbox 401 2228 2412 2314; baseline 0.001 -16"><span class='ocrx_word' id='word_1_240' title='bbox 401 2232 652 2314; x_wconf 88' lang='lat' dir='ltr'><strong>sempiternum,</strong></span> <span class='ocrx_word' id='word_1_241' title='bbox 685 2231 903 2296; x_wconf 87' lang='lat' dir='ltr'><strong>habitationes</strong></span> <span class='ocrx_word' id='word_1_242' title='bbox 935 2231 972 2293; x_wconf 92' lang='lat' dir='ltr'><strong>in</strong></span> <span class='ocrx_word' id='word_1_243' title='bbox 1003 2228 1148 2309; x_wconf 89' lang='lat' dir='ltr'><strong>saecula,</strong></span> <span class='ocrx_word' id='word_1_244' title='bbox 1181 2236 1216 2293; x_wconf 92' lang='lat' dir='ltr'><strong>et</strong></span> <span class='ocrx_word' id='word_1_245' title='bbox 1246 2231 1380 2295; x_wconf 91' lang='lat' dir='ltr'><strong>nomina</strong></span> <span class='ocrx_word' id='word_1_246' title='bbox 1432 2251 1501 2294; x_wconf 93' lang='lat' dir='ltr'><strong>non</strong></span> <span class='ocrx_word' id='word_1_247' title='bbox 1533 2231 1676 2313; x_wconf 89' lang='lat' dir='ltr'><strong>potuisse</strong></span> <span class='ocrx_word' id='word_1_248' title='bbox 1703 2230 1875 2312; x_wconf 90' lang='lat' dir='ltr'><strong>pervenire</strong></span> <span class='ocrx_word' id='word_1_249' title='bbox 1896 2229 1955 2294; x_wconf 93' lang='lat' dir='ltr'><strong>Iob</strong></span> <span class='ocrx_word' id='word_1_250' title='bbox 1983 2230 2012 2294; x_wconf 90' lang='lat' dir='ltr'><strong>si</strong></span> <span class='ocrx_word' id='word_1_251' title='bbox 2038 2232 2234 2314; x_wconf 83' lang='lat' dir='ltr'><strong>cogitatione</strong></span> <span class='ocrx_word' id='word_1_252' title='bbox 2259 2236 2297 2298; x_wconf 91' lang='lat' dir='ltr'><strong>in</strong></span> <span class='ocrx_word' id='word_1_253' title='bbox 2322 2242 2412 2300; x_wconf 89' lang='lat' dir='ltr'><strong>terra</strong></span> 
     </span>
     <span class='ocr_line' id='line_1_18' title="bbox 401 2313 2411 2398; baseline 0.002 -17"><span class='ocrx_word' id='word_1_254' title='bbox 401 2338 462 2395; x_wconf 80' lang='lat' dir='ltr'><strong>sna</strong></span> <span class='ocrx_word' id='word_1_255' title='bbox 487 2319 522 2381; x_wconf 91' lang='lat' dir='ltr'><strong>in</strong></span> <span class='ocrx_word' id='word_1_256' title='bbox 554 2325 644 2380; x_wconf 89' lang='lat' dir='ltr'><strong>terra</strong></span> <span class='ocrx_word' id='word_1_257' title='bbox 671 2317 845 2383; x_wconf 85' lang='lat' dir='ltr'><strong>celebrant</strong></span> <span class='ocrx_word' id='word_1_258' title='bbox 888 2316 936 2380; x_wconf 88' lang='lat' dir='ltr'><strong>At</strong></span> <span class='ocrx_word' id='word_1_259' title='bbox 969 2315 1066 2379; x_wconf 93' lang='lat' dir='ltr'><strong>homo</strong></span> <span class='ocrx_word' id='word_1_260' title='bbox 1092 2313 1130 2377; x_wconf 93' lang='lat' dir='ltr'><strong>in</strong></span> <span class='ocrx_word' id='word_1_261' title='bbox 1156 2315 1280 2380; x_wconf 92' lang='lat' dir='ltr'><strong>honore</strong></span> <span class='ocrx_word' id='word_1_262' title='bbox 1312 2337 1379 2382; x_wconf 88' lang='lat' dir='ltr'><strong>non</strong></span> <span class='ocrx_word' id='word_1_263' title='bbox 1431 2317 1613 2383; x_wconf 85' lang='lat' dir='ltr'><strong>resedisset</strong></span> <span class='ocrx_word' id='word_1_264' title='bbox 1646 2316 1787 2381; x_wconf 87' lang='lat' dir='ltr'><strong>Necesse</strong></span> <span class='ocrx_word' id='word_1_265' title='bbox 1809 2336 1888 2398; x_wconf 87' lang='lat' dir='ltr'><strong>ergo</strong></span> <span class='ocrx_word' id='word_1_266' title='bbox 1909 2323 1959 2381; x_wconf 90' lang='lat' dir='ltr'><strong>est</strong></span> <span class='ocrx_word' id='word_1_267' title='bbox 1979 2315 2149 2396; x_wconf 84' lang='lat' dir='ltr'><strong>fateamur,</strong></span> <span class='ocrx_word' id='word_1_268' title='bbox 2172 2319 2282 2383; x_wconf 91' lang='lat' dir='ltr'><strong>oeulos</strong></span> <span class='ocrx_word' id='word_1_269' title='bbox 2302 2321 2338 2384; x_wconf 92' lang='lat' dir='ltr'><strong>in</strong></span> <span class='ocrx_word' id='word_1_270' title='bbox 2359 2322 2411 2386; x_wconf 86' lang='lat' dir='ltr'><strong>fu·</strong></span> 
     </span>
     <span class='ocr_line' id='line_1_19' title="bbox 442 2400 2414 2484; baseline 0.002 -16"><span class='ocrx_word' id='word_1_271' title='bbox 442 2403 620 2468; x_wconf 90' lang='lat' dir='ltr'><strong>rmanebit:</strong></span> <span class='ocrx_word' id='word_1_272' title='bbox 654 2403 769 2467; x_wconf 89' lang='lat' dir='ltr'><strong>similis</strong></span> <span class='ocrx_word' id='word_1_273' title='bbox 800 2403 864 2467; x_wconf 92' lang='lat' dir='ltr'><strong>erit</strong></span> <span class='ocrx_word' id='word_1_274' title='bbox 891 2400 1069 2484; x_wconf 88' lang='lat' dir='ltr'><strong>pecudibus</strong></span> <span class='ocrx_word' id='word_1_275' title='bbox 1095 2420 1178 2482; x_wconf 89' lang='lat' dir='ltr'><strong>quae</strong></span> <span class='ocrx_word' id='word_1_276' title='bbox 1204 2402 1378 2467; x_wconf 89' lang='lat' dir='ltr'><strong>intereunt</strong></span> <span class='ocrx_word' id='word_1_277' title='bbox 1431 2408 1541 2467; x_wconf 88' lang='lat' dir='ltr'><strong>turam</strong></span> <span class='ocrx_word' id='word_1_278' title='bbox 1562 2401 1843 2466; x_wconf 88' lang='lat' dir='ltr'><strong>immortalitatem</strong></span> <span class='ocrx_word' id='word_1_279' title='bbox 1863 2400 2047 2479; x_wconf 83' lang='lat' dir='ltr'><strong>sustulisse,</strong></span> <span class='ocrx_word' id='word_1_280' title='bbox 2070 2403 2126 2484; x_wconf 93' lang='lat' dir='ltr'><strong>qui</strong></span> <span class='ocrx_word' id='word_1_281' title='bbox 2148 2403 2210 2468; x_wconf 92' lang='lat' dir='ltr'><strong>sibi</strong></span> <span class='ocrx_word' id='word_1_282' title='bbox 2231 2405 2285 2470; x_wconf 92' lang='lat' dir='ltr'><strong>vel</strong></span> <span class='ocrx_word' id='word_1_283' title='bbox 2305 2407 2341 2470; x_wconf 93' lang='lat' dir='ltr'><strong>in</strong></span> <span class='ocrx_word' id='word_1_284' title='bbox 2363 2428 2414 2472; x_wconf 91' lang='lat' dir='ltr'><strong>se·</strong></span> 
     </span>
     <span class='ocr_line' id='line_1_20' title="bbox 400 2424 2415 2571; baseline 0.001 -17"><span class='ocrx_word' id='word_1_285' title='bbox 400 2424 494 2554; x_wconf 58' lang='lat' dir='ltr'><strong>ffaee</strong></span> <span class='ocrx_word' id='word_1_286' title='bbox 516 2487 686 2553; x_wconf 88' lang='lat' dir='ltr'><strong>meditatio</strong></span> <span class='ocrx_word' id='word_1_287' title='bbox 708 2509 835 2566; x_wconf 91' lang='lat' dir='ltr'><strong>eorum,</strong></span> <span class='ocrx_word' id='word_1_288' title='bbox 864 2508 994 2553; x_wconf 89' lang='lat' dir='ltr'><strong>summa</strong></span> <span class='ocrx_word' id='word_1_289' title='bbox 1021 2485 1160 2550; x_wconf 90' lang='lat' dir='ltr'><strong>stultitia</strong></span> <span class='ocrx_word' id='word_1_290' title='bbox 1181 2493 1246 2552; x_wconf 90' lang='lat' dir='ltr'><strong>est:</strong></span> <span class='ocrx_word' id='word_1_291' title='bbox 1280 2508 1380 2570; x_wconf 90' lang='lat' dir='ltr'><strong>quam</strong></span> <span class='ocrx_word' id='word_1_292' title='bbox 1432 2488 1546 2571; x_wconf 92' lang='lat' dir='ltr'><strong>pulcro</strong></span> <span class='ocrx_word' id='word_1_293' title='bbox 1571 2488 1690 2553; x_wconf 89' lang='lat' dir='ltr'><strong>iacenti</strong></span> <span class='ocrx_word' id='word_1_294' title='bbox 1712 2487 1954 2570; x_wconf 84' lang='lat' dir='ltr'><strong>redemptorem</strong></span> <span class='ocrx_word' id='word_1_295' title='bbox 1977 2487 2078 2552; x_wconf 86' lang='lat' dir='ltr'><strong>affore</strong></span> <span class='ocrx_word' id='word_1_296' title='bbox 2100 2492 2314 2571; x_wconf 83' lang='lat' dir='ltr'><strong>conspexerit</strong></span> <span class='ocrx_word' id='word_1_297' title='bbox 2360 2490 2415 2557; x_wconf 82' lang='lat' dir='ltr'><strong>si-</strong></span> 
     </span>
     <span class='ocr_line' id='line_1_21' title="bbox 400 2571 2415 2658; baseline 0.002 -19"><span class='ocrx_word' id='word_1_298' title='bbox 400 2580 514 2640; x_wconf 88' lang='lat' dir='ltr'><strong>tamen</strong></span> <span class='ocrx_word' id='word_1_299' title='bbox 551 2574 674 2656; x_wconf 86' lang='lat' dir='ltr'><strong>posteri</strong></span> <span class='ocrx_word' id='word_1_300' title='bbox 705 2573 822 2656; x_wconf 91' lang='lat' dir='ltr'><strong>cupide</strong></span> <span class='ocrx_word' id='word_1_301' title='bbox 855 2573 1071 2638; x_wconf 73' lang='lat' dir='ltr'><strong>aemulantum.</strong></span> <span class='ocrx_word' id='word_1_302' title='bbox 1126 2571 1238 2637; x_wconf 86' lang='lat' dir='ltr'><strong>Instar</strong></span> <span class='ocrx_word' id='word_1_303' title='bbox 1270 2575 1380 2658; x_wconf 89' lang='lat' dir='ltr'><strong>gregis</strong></span> <span class='ocrx_word' id='word_1_304' title='bbox 1432 2573 1565 2656; x_wconf 88' lang='lat' dir='ltr'><strong>quidem</strong></span> <span class='ocrx_word' id='word_1_305' title='bbox 1591 2573 1632 2639; x_wconf 94' lang='lat' dir='ltr'><strong>de</strong></span> <span class='ocrx_word' id='word_1_306' title='bbox 1652 2574 1818 2656; x_wconf 87' lang='lat' dir='ltr'><strong>praesenti</strong></span> <span class='ocrx_word' id='word_1_307' title='bbox 1843 2581 1972 2637; x_wconf 88' lang='lat' dir='ltr'><strong>tantum</strong></span> <span class='ocrx_word' id='word_1_308' title='bbox 1995 2573 2064 2637; x_wconf 91' lang='lat' dir='ltr'><strong>vita</strong></span> <span class='ocrx_word' id='word_1_309' title='bbox 2085 2575 2304 2658; x_wconf 85' lang='lat' dir='ltr'><strong>cogitantibus</strong></span> <span class='ocrx_word' id='word_1_310' title='bbox 2325 2597 2415 2643; x_wconf 90' lang='lat' dir='ltr'><strong>mors</strong></span> 
     </span>
     <span class='ocr_line' id='line_1_22' title="bbox 398 2658 2414 2745; baseline 0 -18"><span class='ocrx_word' id='word_1_311' title='bbox 398 2660 489 2742; x_wconf 79' lang='lat' dir='ltr'><strong>apud</strong></span> <span class='ocrx_word' id='word_1_312' title='bbox 519 2659 639 2723; x_wconf 78' lang='lat' dir='ltr'><strong>inferos</strong></span> <span class='ocrx_word' id='word_1_313' title='bbox 667 2659 923 2737; x_wconf 73' lang='lat' dir='ltr'><strong>collocabuntur,</strong></span> <span class='ocrx_word' id='word_1_314' title='bbox 956 2679 1046 2722; x_wconf 90' lang='lat' dir='ltr'><strong>mors</strong></span> <span class='ocrx_word' id='word_1_315' title='bbox 1076 2658 1274 2741; x_wconf 85' lang='lat' dir='ltr'><strong>praesidebit</strong></span> <span class='ocrx_word' id='word_1_316' title='bbox 1303 2659 1378 2725; x_wconf 90' lang='lat' dir='ltr'><strong>illis.</strong></span> <span class='ocrx_word' id='word_1_317' title='bbox 1433 2668 1582 2725; x_wconf 87' lang='lat' dir='ltr'><strong>extrema</strong></span> <span class='ocrx_word' id='word_1_318' title='bbox 1613 2667 1663 2724; x_wconf 89' lang='lat' dir='ltr'><strong>est</strong></span> <span class='ocrx_word' id='word_1_319' title='bbox 1695 2658 1892 2741; x_wconf 89' lang='lat' dir='ltr'><strong>desperatio,</strong></span> <span class='ocrx_word' id='word_1_320' title='bbox 1927 2679 2011 2741; x_wconf 90' lang='lat' dir='ltr'><strong>quae</strong></span> <span class='ocrx_word' id='word_1_321' title='bbox 2037 2680 2106 2724; x_wconf 92' lang='lat' dir='ltr'><strong>nec</strong></span> <span class='ocrx_word' id='word_1_322' title='bbox 2126 2661 2198 2742; x_wconf 90' lang='lat' dir='ltr'><strong>ipsa</strong></span> <span class='ocrx_word' id='word_1_323' title='bbox 2225 2683 2319 2745; x_wconf 91' lang='lat' dir='ltr'><strong>spem</strong></span> <span class='ocrx_word' id='word_1_324' title='bbox 2344 2663 2414 2728; x_wconf 92' lang='lat' dir='ltr'><strong>eius</strong></span> 
     </span>
     <span class='ocr_line' id='line_1_23' title="bbox 398 2743 2416 2829; baseline 0.002 -19"><span class='ocrx_word' id='word_1_325' title='bbox 398 2744 529 2810; x_wconf 82' lang='lat' dir='ltr'><strong>Exorta</strong></span> <span class='ocrx_word' id='word_1_326' title='bbox 548 2745 621 2809; x_wconf 91' lang='lat' dir='ltr'><strong>luce</strong></span> <span class='ocrx_word' id='word_1_327' title='bbox 641 2747 725 2811; x_wconf 90' lang='lat' dir='ltr'><strong>recti</strong></span> <span class='ocrx_word' id='word_1_328' title='bbox 742 2744 997 2821; x_wconf 83' lang='lat' dir='ltr'><strong>dominabuntur</strong></span> <span class='ocrx_word' id='word_1_329' title='bbox 1011 2743 1092 2822; x_wconf 90' lang='lat' dir='ltr'><strong>illis;</strong></span> <span class='ocrx_word' id='word_1_330' title='bbox 1113 2744 1219 2809; x_wconf 84' lang='lat' dir='ltr'><strong>forma</strong></span> <span class='ocrx_word' id='word_1_331' title='bbox 1233 2745 1381 2829; x_wconf 90' lang='lat' dir='ltr'><strong>ipsorum</strong></span> <span class='ocrx_word' id='word_1_332' title='bbox 1433 2744 1624 2812; x_wconf 88' lang='lat' dir='ltr'><strong>abscindere</strong></span> <span class='ocrx_word' id='word_1_333' title='bbox 1645 2751 1781 2828; x_wconf 88' lang='lat' dir='ltr'><strong>poterat</strong></span> <span class='ocrx_word' id='word_1_334' title='bbox 1824 2745 1938 2809; x_wconf 79' lang='lat' dir='ltr'><strong>Etiam</strong></span> <span class='ocrx_word' id='word_1_335' title='bbox 1965 2745 1994 2808; x_wconf 93' lang='lat' dir='ltr'><strong>si</strong></span> <span class='ocrx_word' id='word_1_336' title='bbox 2015 2766 2069 2809; x_wconf 92' lang='lat' dir='ltr'><strong>me</strong></span> <span class='ocrx_word' id='word_1_337' title='bbox 2090 2745 2258 2825; x_wconf 90' lang='lat' dir='ltr'><strong>ceciderit,</strong></span> <span class='ocrx_word' id='word_1_338' title='bbox 2287 2747 2416 2813; x_wconf 89' lang='lat' dir='ltr'><strong>dicebat</strong></span> 
     </span>
     <span class='ocr_line' id='line_1_24' title="bbox 399 2829 2414 2914; baseline 0.001 -19"><span class='ocrx_word' id='word_1_339' title='bbox 399 2831 534 2914; x_wconf 89' lang='lat' dir='ltr'><strong>peribit;</strong></span> <span class='ocrx_word' id='word_1_340' title='bbox 556 2831 713 2910; x_wconf 83' lang='lat' dir='ltr'><strong>internus,</strong></span> <span class='ocrx_word' id='word_1_341' title='bbox 736 2832 882 2912; x_wconf 90' lang='lat' dir='ltr'><strong>ipsorum</strong></span> <span class='ocrx_word' id='word_1_342' title='bbox 904 2829 1110 2895; x_wconf 89' lang='lat' dir='ltr'><strong>domicilium</strong></span> <span class='ocrx_word' id='word_1_343' title='bbox 1151 2830 1304 2895; x_wconf 89' lang='lat' dir='ltr'><strong>Primum</strong></span> <span class='ocrx_word' id='word_1_344' title='bbox 1323 2831 1381 2896; x_wconf 91' lang='lat' dir='ltr'><strong>illa</strong></span> <span class='ocrx_word' id='word_1_345' title='bbox 1434 2829 1664 2913; x_wconf 84' lang='lat' dir='ltr'><strong>(lob.l3,15),</strong></span> <span class='ocrx_word' id='word_1_346' title='bbox 1687 2831 1814 2912; x_wconf 91' lang='lat' dir='ltr'><strong>inipso</strong></span> <span class='ocrx_word' id='word_1_347' title='bbox 1836 2830 2051 2895; x_wconf 90' lang='lat' dir='ltr'><strong>nihilominus</strong></span> <span class='ocrx_word' id='word_1_348' title='bbox 2070 2832 2216 2913; x_wconf 90' lang='lat' dir='ltr'><strong>sperabo.</strong></span> <span class='ocrx_word' id='word_1_349' title='bbox 2249 2833 2320 2897; x_wconf 91' lang='lat' dir='ltr'><strong>Nec</strong></span> <span class='ocrx_word' id='word_1_350' title='bbox 2330 2834 2414 2898; x_wconf 90' lang='lat' dir='ltr'><strong>mihi</strong></span> 
     </span>
     <span class='ocr_line' id='line_1_25' title="bbox 400 2915 2414 2999; baseline 0.001 -16"><span class='ocrx_word' id='word_1_351' title='bbox 400 2916 578 2983; x_wconf 80' lang='grc'><strong>1111111111</strong></span> <span class='ocrx_word' id='word_1_352' title='bbox 609 2917 731 2994; x_wconf 90' lang='lat' dir='ltr'><strong>irrisio,</strong></span> <span class='ocrx_word' id='word_1_353' title='bbox 765 2915 851 2999; x_wconf 89' lang='lat' dir='ltr'><strong>quod</strong></span> <span class='ocrx_word' id='word_1_354' title='bbox 883 2916 919 2978; x_wconf 94' lang='lat' dir='ltr'><strong>in</strong></span> <span class='ocrx_word' id='word_1_355' title='bbox 951 2915 1085 2980; x_wconf 87' lang='lat' dir='ltr'><strong>lubricis</strong></span> <span class='ocrx_word' id='word_1_356' title='bbox 1117 2922 1150 2981; x_wconf 91' lang='lat' dir='ltr'><strong>et</strong></span> <span class='ocrx_word' id='word_1_357' title='bbox 1183 2915 1381 2983; x_wconf 85' lang='lat' dir='ltr'><strong>volubilibus</strong></span> <span class='ocrx_word' id='word_1_358' title='bbox 1434 2917 1601 2999; x_wconf 88' lang='lat' dir='ltr'><strong>obstrepat</strong></span> <span class='ocrx_word' id='word_1_359' title='bbox 1631 2917 1685 2982; x_wconf 92' lang='lat' dir='ltr'><strong>hie</strong></span> <span class='ocrx_word' id='word_1_360' title='bbox 1718 2923 1860 2999; x_wconf 82' lang='lat' dir='ltr'><strong>nugator</strong></span> <span class='ocrx_word' id='word_1_361' title='bbox 1891 2917 2067 2998; x_wconf 88' lang='lat' dir='ltr'><strong>quispiam,</strong></span> <span class='ocrx_word' id='word_1_362' title='bbox 2103 2936 2283 2999; x_wconf 91' lang='lat' dir='ltr'><strong>paucorum</strong></span> <span class='ocrx_word' id='word_1_363' title='bbox 2315 2920 2414 2985; x_wconf 85' lang='lat' dir='ltr'><strong>fuisse</strong></span> 
     </span>
     <span class='ocr_line' id='line_1_26' title="bbox 399 2999 2414 3084; baseline 0.002 -18"><span class='ocrx_word' id='word_1_364' title='bbox 399 3001 514 3066; x_wconf 91' lang='lat' dir='ltr'><strong>mundi</strong></span> <span class='ocrx_word' id='word_1_365' title='bbox 542 3000 636 3066; x_wconf 92' lang='lat' dir='ltr'><strong>bonis</strong></span> <span class='ocrx_word' id='word_1_366' title='bbox 664 3002 886 3084; x_wconf 89' lang='lat' dir='ltr'><strong>acquiescant,</strong></span> <span class='ocrx_word' id='word_1_367' title='bbox 916 3000 1060 3066; x_wconf 87' lang='lat' dir='ltr'><strong>ostendit</strong></span> <span class='ocrx_word' id='word_1_368' title='bbox 1081 2999 1179 3084; x_wconf 86' lang='lat' dir='ltr'><strong>longe</strong></span> <span class='ocrx_word' id='word_1_369' title='bbox 1201 3001 1301 3067; x_wconf 89' lang='lat' dir='ltr'><strong>aliam</strong></span> <span class='ocrx_word' id='word_1_370' title='bbox 1328 3024 1380 3068; x_wconf 90' lang='lat' dir='ltr'><strong>sa-</strong></span> <span class='ocrx_word' id='word_1_371' title='bbox 1432 3001 1515 3068; x_wconf 82' lang='lat' dir='ltr'><strong>istas</strong></span> <span class='ocrx_word' id='word_1_372' title='bbox 1536 3023 1647 3080; x_wconf 86' lang='lat' dir='ltr'><strong>voces,</strong></span> <span class='ocrx_word' id='word_1_373' title='bbox 1675 3001 1763 3067; x_wconf 92' lang='lat' dir='ltr'><strong>unde</strong></span> <span class='ocrx_word' id='word_1_374' title='bbox 1784 3001 1920 3066; x_wconf 90' lang='lat' dir='ltr'><strong>minime</strong></span> <span class='ocrx_word' id='word_1_375' title='bbox 1941 3002 2098 3084; x_wconf 88' lang='lat' dir='ltr'><strong>probetur</strong></span> <span class='ocrx_word' id='word_1_376' title='bbox 2118 3002 2219 3068; x_wconf 90' lang='lat' dir='ltr'><strong>talem</strong></span> <span class='ocrx_word' id='word_1_377' title='bbox 2240 3004 2340 3070; x_wconf 84' lang='lat' dir='ltr'><strong>fuisse</strong></span> <span class='ocrx_word' id='word_1_378' title='bbox 2363 3006 2414 3070; x_wconf 92' lang='lat' dir='ltr'><strong>in·</strong></span> 
     </span>
     <span class='ocr_line' id='line_1_27' title="bbox 399 3084 2413 3170; baseline 0.001 -18"><span class='ocrx_word' id='word_1_379' title='bbox 399 3087 563 3169; x_wconf 88' lang='lat' dir='ltr'><strong>pientibus</strong></span> <span class='ocrx_word' id='word_1_380' title='bbox 586 3087 816 3170; x_wconf 82' lang='lat' dir='ltr'><strong>&#39;quaerendam</strong></span> <span class='ocrx_word' id='word_1_381' title='bbox 856 3108 927 3153; x_wconf 88' lang='lat' dir='ltr'><strong>esse</strong></span> <span class='ocrx_word' id='word_1_382' title='bbox 959 3086 1156 3151; x_wconf 86' lang='lat' dir='ltr'><strong>felicitatem.</strong></span> <span class='ocrx_word' id='word_1_383' title='bbox 1213 3084 1281 3153; x_wconf 82' lang='lat' dir='ltr'><strong>Sed</strong></span> <span class='ocrx_word' id='word_1_384' title='bbox 1312 3088 1380 3154; x_wconf 91' lang='lat' dir='ltr'><strong>illie</strong></span> <span class='ocrx_word' id='word_1_385' title='bbox 1434 3095 1484 3153; x_wconf 90' lang='lat' dir='ltr'><strong>ter</strong></span> <span class='ocrx_word' id='word_1_386' title='bbox 1501 3089 1641 3154; x_wconf 87' lang='lat' dir='ltr'><strong>Iudaeos</strong></span> <span class='ocrx_word' id='word_1_387' title='bbox 1663 3086 1854 3153; x_wconf 88' lang='lat' dir='ltr'><strong>doctrinam.</strong></span> <span class='ocrx_word' id='word_1_388' title='bbox 1888 3087 2097 3169; x_wconf 88' lang='lat' dir='ltr'><strong>Responsum</strong></span> <span class='ocrx_word' id='word_1_389' title='bbox 2119 3088 2208 3152; x_wconf 92' lang='lat' dir='ltr'><strong>enim</strong></span> <span class='ocrx_word' id='word_1_390' title='bbox 2231 3111 2251 3153; x_wconf 90' lang='lat' dir='ltr'><strong>a</strong></span> <span class='ocrx_word' id='word_1_391' title='bbox 2272 3112 2325 3156; x_wconf 92' lang='lat' dir='ltr'><strong>me</strong></span> <span class='ocrx_word' id='word_1_392' title='bbox 2347 3098 2413 3155; x_wconf 90' lang='lat' dir='ltr'><strong>sta·</strong></span> 
     </span>
     <span class='ocr_line' id='line_1_28' title="bbox 400 3171 2413 3258; baseline 0 -19"><span class='ocrx_word' id='word_1_393' title='bbox 400 3173 649 3239; x_wconf 75' lang='lat' dir='ltr'><strong>msurrectionis</strong></span> <span class='ocrx_word' id='word_1_394' title='bbox 670 3174 864 3258; x_wconf 83' lang='lat' dir='ltr'><strong>mysterium</strong></span> <span class='ocrx_word' id='word_1_395' title='bbox 883 3171 1066 3238; x_wconf 92' lang='lat' dir='ltr'><strong>evidentius</strong></span> <span class='ocrx_word' id='word_1_396' title='bbox 1083 3178 1217 3250; x_wconf 90' lang='lat' dir='ltr'><strong>reserat,</strong></span> <span class='ocrx_word' id='word_1_397' title='bbox 1240 3174 1297 3238; x_wconf 89' lang='lat' dir='ltr'><strong>ubi</strong></span> <span class='ocrx_word' id='word_1_398' title='bbox 1314 3173 1380 3240; x_wconf 92' lang='lat' dir='ltr'><strong>illis</strong></span> <span class='ocrx_word' id='word_1_399' title='bbox 1433 3175 1494 3238; x_wconf 92' lang='lat' dir='ltr'><strong>tim</strong></span> <span class='ocrx_word' id='word_1_400' title='bbox 1515 3175 1660 3258; x_wconf 87' lang='lat' dir='ltr'><strong>accipiet,</strong></span> <span class='ocrx_word' id='word_1_401' title='bbox 1683 3193 1802 3256; x_wconf 91' lang='lat' dir='ltr'><strong>paucos</strong></span> <span class='ocrx_word' id='word_1_402' title='bbox 1823 3174 1902 3239; x_wconf 91' lang='lat' dir='ltr'><strong>istos</strong></span> <span class='ocrx_word' id='word_1_403' title='bbox 1919 3194 1985 3238; x_wconf 92' lang='lat' dir='ltr'><strong>non</strong></span> <span class='ocrx_word' id='word_1_404' title='bbox 2002 3172 2183 3255; x_wconf 87' lang='lat' dir='ltr'><strong>prodidisse</strong></span> <span class='ocrx_word' id='word_1_405' title='bbox 2201 3174 2321 3240; x_wconf 88' lang='lat' dir='ltr'><strong>talibus</strong></span> <span class='ocrx_word' id='word_1_406' title='bbox 2339 3197 2413 3240; x_wconf 91' lang='lat' dir='ltr'><strong>sen·</strong></span> 
     </span>
     <span class='ocr_line' id='line_1_29' title="bbox 399 3256 2413 3342; baseline 0.001 -20"><span class='ocrx_word' id='word_1_407' title='bbox 399 3256 536 3341; x_wconf 83' lang='lat' dir='ltr'><strong>perditis</strong></span> <span class='ocrx_word' id='word_1_408' title='bbox 559 3267 592 3322; x_wconf 94' lang='lat' dir='ltr'><strong>et</strong></span> <span class='ocrx_word' id='word_1_409' title='bbox 613 3259 782 3325; x_wconf 87' lang='lat' dir='ltr'><strong>exstinctis</strong></span> <span class='ocrx_word' id='word_1_410' title='bbox 809 3259 940 3342; x_wconf 90' lang='lat' dir='ltr'><strong>piorum</strong></span> <span class='ocrx_word' id='word_1_411' title='bbox 961 3279 1102 3341; x_wconf 89' lang='lat' dir='ltr'><strong>regnum</strong></span> <span class='ocrx_word' id='word_1_412' title='bbox 1123 3258 1228 3342; x_wconf 91' lang='lat' dir='ltr'><strong>erigit.</strong></span> <span class='ocrx_word' id='word_1_413' title='bbox 1271 3258 1380 3340; x_wconf 82' lang='lat' dir='ltr'><strong>Quem</strong></span> <span class='ocrx_word' id='word_1_414' title='bbox 1433 3259 1546 3326; x_wconf 85' lang='lat' dir='ltr'><strong>tentiis</strong></span> <span class='ocrx_word' id='word_1_415' title='bbox 1568 3280 1723 3325; x_wconf 89' lang='lat' dir='ltr'><strong>arcanam</strong></span> <span class='ocrx_word' id='word_1_416' title='bbox 1745 3259 1888 3342; x_wconf 87' lang='lat' dir='ltr'><strong>aliquam</strong></span> <span class='ocrx_word' id='word_1_417' title='bbox 1908 3260 2112 3341; x_wconf 90' lang='lat' dir='ltr'><strong>sapientiam,</strong></span> <span class='ocrx_word' id='word_1_418' title='bbox 2139 3259 2300 3342; x_wconf 90' lang='lat' dir='ltr'><strong>adquam</strong></span> <span class='ocrx_word' id='word_1_419' title='bbox 2324 3281 2413 3325; x_wconf 90' lang='lat' dir='ltr'><strong>seor·</strong></span> 
     </span>
     <span class='ocr_line' id='line_1_30' title="bbox 400 3343 2412 3428; baseline 0 -19"><span class='ocrx_word' id='word_1_420' title='bbox 400 3344 501 3422; x_wconf 89' lang='lat' dir='ltr'><strong>enim,</strong></span> <span class='ocrx_word' id='word_1_421' title='bbox 535 3363 670 3426; x_wconf 90' lang='lat' dir='ltr'><strong>quaeso,</strong></span> <span class='ocrx_word' id='word_1_422' title='bbox 702 3344 849 3410; x_wconf 89' lang='lat' dir='ltr'><strong>dicemus</strong></span> <span class='ocrx_word' id='word_1_423' title='bbox 882 3364 953 3409; x_wconf 89' lang='lat' dir='ltr'><strong>esse</strong></span> <span class='ocrx_word' id='word_1_424' title='bbox 984 3343 1080 3407; x_wconf 92' lang='lat' dir='ltr'><strong>illum</strong></span> <span class='ocrx_word' id='word_1_425' title='bbox 1108 3344 1192 3409; x_wconf 89' lang='lat' dir='ltr'><strong>lucis</strong></span> <span class='ocrx_word' id='word_1_426' title='bbox 1218 3352 1378 3424; x_wconf 89' lang='lat' dir='ltr'><strong>exortum,</strong></span> <span class='ocrx_word' id='word_1_427' title='bbox 1432 3367 1507 3411; x_wconf 92' lang='lat' dir='ltr'><strong>sum</strong></span> <span class='ocrx_word' id='word_1_428' title='bbox 1528 3367 1567 3412; x_wconf 92' lang='lat' dir='ltr'><strong>ao</strong></span> <span class='ocrx_word' id='word_1_429' title='bbox 1587 3346 1745 3428; x_wconf 89' lang='lat' dir='ltr'><strong>privatim</strong></span> <span class='ocrx_word' id='word_1_430' title='bbox 1766 3344 1961 3411; x_wconf 91' lang='lat' dir='ltr'><strong>excellentia</strong></span> <span class='ocrx_word' id='word_1_431' title='bbox 1987 3352 2117 3410; x_wconf 88' lang='lat' dir='ltr'><strong>tantum</strong></span> <span class='ocrx_word' id='word_1_432' title='bbox 2138 3346 2272 3428; x_wconf 88' lang='lat' dir='ltr'><strong>ingenia</strong></span> <span class='ocrx_word' id='word_1_433' title='bbox 2293 3345 2412 3410; x_wconf 77' lang='lat' dir='ltr'><strong>admit</strong></span> 
     </span>
     <span class='ocr_line' id='line_1_31' title="bbox 399 3430 2412 3513; baseline 0 -17"><span class='ocrx_word' id='word_1_434' title='bbox 399 3430 464 3496; x_wconf 86' lang='lat' dir='ltr'><strong>nisi</strong></span> <span class='ocrx_word' id='word_1_435' title='bbox 483 3451 590 3495; x_wconf 91' lang='lat' dir='ltr'><strong>novae</strong></span> <span class='ocrx_word' id='word_1_436' title='bbox 610 3431 698 3496; x_wconf 90' lang='lat' dir='ltr'><strong>vitae</strong></span> <span class='ocrx_word' id='word_1_437' title='bbox 718 3430 965 3508; x_wconf 89' lang='lat' dir='ltr'><strong>revelationem,</strong></span> <span class='ocrx_word' id='word_1_438' title='bbox 993 3450 1077 3513; x_wconf 90' lang='lat' dir='ltr'><strong>quae</strong></span> <span class='ocrx_word' id='word_1_439' title='bbox 1103 3431 1205 3496; x_wconf 86' lang='lat' dir='ltr'><strong>tinem</strong></span> <span class='ocrx_word' id='word_1_440' title='bbox 1225 3451 1378 3512; x_wconf 88' lang='lat' dir='ltr'><strong>praesen·</strong></span> <span class='ocrx_word' id='word_1_441' title='bbox 1430 3436 1595 3511; x_wconf 70' lang='lat' dir='ltr'><strong>terentur;</strong></span> <span class='ocrx_word' id='word_1_442' title='bbox 1627 3430 1701 3509; x_wconf 90' lang='lat' dir='ltr'><strong>sed,</strong></span> <span class='ocrx_word' id='word_1_443' title='bbox 1734 3439 1771 3495; x_wconf 90' lang='grc'><strong>11</strong></span> <span class='ocrx_word' id='word_1_444' title='bbox 1798 3439 1894 3496; x_wconf 90' lang='lat' dir='ltr'><strong>erant</strong></span> <span class='ocrx_word' id='word_1_445' title='bbox 1921 3432 2090 3496; x_wconf 89' lang='lat' dir='ltr'><strong>constituti</strong></span> <span class='ocrx_word' id='word_1_446' title='bbox 2118 3452 2138 3495; x_wconf 90' lang='lat' dir='ltr'><strong>a</strong></span> <span class='ocrx_word' id='word_1_447' title='bbox 2160 3431 2277 3512; x_wconf 91' lang='lat' dir='ltr'><strong>spiritu</strong></span> <span class='ocrx_word' id='word_1_448' title='bbox 2299 3442 2412 3497; x_wconf 90' lang='lat' dir='ltr'><strong>sancto</strong></span> 
     </span>
     <span class='ocr_line' id='line_1_32' title="bbox 401 3514 2413 3600; baseline 0 -19"><span class='ocrx_word' id='word_1_449' title='bbox 401 3516 442 3581; x_wconf 86' lang='lat' dir='ltr'><strong>tis</strong></span> <span class='ocrx_word' id='word_1_450' title='bbox 463 3515 630 3597; x_wconf 83' lang='lat' dir='ltr'><strong>sequitur?</strong></span> <span class='ocrx_word' id='word_1_451' title='bbox 1452 3517 1535 3585; x_wconf 89' lang='lat' dir='ltr'><strong>lebis</strong></span> <span class='ocrx_word' id='word_1_452' title='bbox 1562 3518 1723 3596; x_wconf 89' lang='lat' dir='ltr'><strong>doctores,</strong></span> <span class='ocrx_word' id='word_1_453' title='bbox 1752 3537 1835 3600; x_wconf 89' lang='lat' dir='ltr'><strong>quae</strong></span> <span class='ocrx_word' id='word_1_454' title='bbox 1863 3516 2079 3581; x_wconf 89' lang='lat' dir='ltr'><strong>communiter</strong></span> <span class='ocrx_word' id='word_1_455' title='bbox 2107 3514 2283 3582; x_wconf 90' lang='lat' dir='ltr'><strong>ediscenda</strong></span> <span class='ocrx_word' id='word_1_456' title='bbox 2304 3527 2413 3582; x_wconf 90' lang='lat' dir='ltr'><strong>essent</strong></span> 
     </span>
     <span class='ocr_line' id='line_1_33' title="bbox 487 3538 2409 3687; baseline 0.003 -23"><span class='ocrx_word' id='word_1_457' title='bbox 487 3605 536 3665; x_wconf 90' lang='lat'><strong>18.</strong></span> <span class='ocrx_word' id='word_1_458' title='bbox 580 3601 663 3666; x_wconf 90' lang='lat' dir='ltr'><strong>Inde</strong></span> <span class='ocrx_word' id='word_1_459' title='bbox 695 3601 753 3665; x_wconf 86' lang='lat' dir='ltr'><strong>illa</strong></span> <span class='ocrx_word' id='word_1_460' title='bbox 785 3602 981 3668; x_wconf 87' lang='lat' dir='ltr'><strong>nascebatur</strong></span> <span class='ocrx_word' id='word_1_461' title='bbox 1005 3601 1181 3684; x_wconf 85' lang='lat' dir='ltr'><strong>cogitatio,</strong></span> <span class='ocrx_word' id='word_1_462' title='bbox 1211 3622 1311 3684; x_wconf 91' lang='lat' dir='ltr'><strong>quam</strong></span> <span class='ocrx_word' id='word_1_463' title='bbox 1342 3603 1378 3667; x_wconf 92' lang='grc'><strong>11</strong></span> <span class='ocrx_word' id='word_1_464' title='bbox 1430 3538 1497 3668; x_wconf 77' lang='lat' dir='ltr'><strong>Dei</strong></span> <span class='ocrx_word' id='word_1_465' title='bbox 1517 3605 1692 3687; x_wconf 85' lang='lat' dir='ltr'><strong>mysteria,</strong></span> <span class='ocrx_word' id='word_1_466' title='bbox 1715 3610 1749 3667; x_wconf 92' lang='lat' dir='ltr'><strong>et</strong></span> <span class='ocrx_word' id='word_1_467' title='bbox 1775 3602 1941 3685; x_wconf 88' lang='lat' dir='ltr'><strong>popularis</strong></span> <span class='ocrx_word' id='word_1_468' title='bbox 1963 3602 2131 3685; x_wconf 90' lang='lat' dir='ltr'><strong>religionis</strong></span> <span class='ocrx_word' id='word_1_469' title='bbox 2155 3602 2317 3685; x_wconf 88' lang='lat' dir='ltr'><strong>principia</strong></span> <span class='ocrx_word' id='word_1_470' title='bbox 2338 3625 2409 3669; x_wconf 90' lang='lat' dir='ltr'><strong>esse</strong></span> 
     </span>
     <span class='ocr_line' id='line_1_34' title="bbox 397 3685 2409 3771; baseline 0.001 -19"><span class='ocrx_word' id='word_1_471' title='bbox 397 3687 604 3752; x_wconf 89' lang='lat' dir='ltr'><strong>miseriarum</strong></span> <span class='ocrx_word' id='word_1_472' title='bbox 621 3687 773 3754; x_wconf 87' lang='lat' dir='ltr'><strong>solatium</strong></span> <span class='ocrx_word' id='word_1_473' title='bbox 795 3707 833 3752; x_wconf 89' lang='lat' dir='ltr'><strong>ac</strong></span> <span class='ocrx_word' id='word_1_474' title='bbox 854 3687 1047 3753; x_wconf 89' lang='lat' dir='ltr'><strong>tolerantiae</strong></span> <span class='ocrx_word' id='word_1_475' title='bbox 1064 3685 1248 3752; x_wconf 89' lang='lat' dir='ltr'><strong>remedium</strong></span> <span class='ocrx_word' id='word_1_476' title='bbox 1265 3687 1378 3755; x_wconf 91' lang='lat' dir='ltr'><strong>fideles</strong></span> <span class='ocrx_word' id='word_1_477' title='bbox 1430 3688 1596 3768; x_wconf 88' lang='lat' dir='ltr'><strong>deberent,</strong></span> <span class='ocrx_word' id='word_1_478' title='bbox 1614 3689 1723 3771; x_wconf 88' lang='lat' dir='ltr'><strong>palam</strong></span> <span class='ocrx_word' id='word_1_479' title='bbox 1742 3688 1975 3771; x_wconf 75' lang='lat' dir='ltr'><strong>promulgasse.</strong></span> <span class='ocrx_word' id='word_1_480' title='bbox 2010 3686 2123 3768; x_wconf 76' lang='lat' dir='ltr'><strong>Quum</strong></span> <span class='ocrx_word' id='word_1_481' title='bbox 2140 3709 2218 3771; x_wconf 88' lang='lat' dir='ltr'><strong>ergo</strong></span> <span class='ocrx_word' id='word_1_482' title='bbox 2236 3688 2409 3756; x_wconf 87' lang='lat' dir='ltr'><strong>audiamus</strong></span> 
     </span>
     <span class='ocr_line' id='line_1_35' title="bbox 398 3771 2409 3859; baseline 0.001 -21"><span class='ocrx_word' id='word_1_483' title='bbox 398 3773 613 3857; x_wconf 84' lang='lat' dir='ltr'><strong>usurpabant:</strong></span> <span class='ocrx_word' id='word_1_484' title='bbox 655 3779 859 3838; x_wconf 89' lang='lat' dir='ltr'><strong>momentum</strong></span> <span class='ocrx_word' id='word_1_485' title='bbox 895 3773 931 3836; x_wconf 92' lang='lat' dir='ltr'><strong>in</strong></span> <span class='ocrx_word' id='word_1_486' title='bbox 970 3772 1196 3856; x_wconf 87' lang='lat' dir='ltr'><strong>indignatione</strong></span> <span class='ocrx_word' id='word_1_487' title='bbox 1227 3771 1375 3854; x_wconf 85' lang='lat' dir='ltr'><strong>Domini,</strong></span> <span class='ocrx_word' id='word_1_488' title='bbox 1429 3775 1560 3857; x_wconf 88' lang='lat' dir='ltr'><strong>publica</strong></span> <span class='ocrx_word' id='word_1_489' title='bbox 1581 3776 1715 3859; x_wconf 90' lang='lat' dir='ltr'><strong>spiritus</strong></span> <span class='ocrx_word' id='word_1_490' title='bbox 1736 3774 1841 3840; x_wconf 90' lang='lat' dir='ltr'><strong>saneti</strong></span> <span class='ocrx_word' id='word_1_491' title='bbox 1863 3773 2011 3851; x_wconf 88' lang='lat' dir='ltr'><strong>oracula,</strong></span> <span class='ocrx_word' id='word_1_492' title='bbox 2038 3774 2157 3855; x_wconf 89' lang='lat' dir='ltr'><strong>quibus</strong></span> <span class='ocrx_word' id='word_1_493' title='bbox 2184 3774 2225 3839; x_wconf 92' lang='lat' dir='ltr'><strong>de</strong></span> <span class='ocrx_word' id='word_1_494' title='bbox 2246 3775 2409 3858; x_wconf 87' lang='lat' dir='ltr'><strong>spirituali</strong></span> 
     </span>
     <span class='ocr_line' id='line_1_36' title="bbox 397 3856 2410 3942; baseline 0 -17"><span class='ocrx_word' id='word_1_495' title='bbox 397 3858 468 3925; x_wconf 86' lang='lat' dir='ltr'><strong>vita</strong></span> <span class='ocrx_word' id='word_1_496' title='bbox 497 3860 534 3923; x_wconf 92' lang='lat' dir='ltr'><strong>in</strong></span> <span class='ocrx_word' id='word_1_497' title='bbox 564 3859 636 3925; x_wconf 90' lang='lat' dir='ltr'><strong>eius</strong></span> <span class='ocrx_word' id='word_1_498' title='bbox 667 3858 890 3924; x_wconf 87' lang='lat' dir='ltr'><strong>misericordia</strong></span> <span class='ocrx_word' id='word_1_499' title='bbox 916 3857 1007 3942; x_wconf 91' lang='lat' dir='ltr'><strong>(ibid.</strong></span> <span class='ocrx_word' id='word_1_500' title='bbox 1029 3862 1086 3938; x_wconf 89' lang='lat'><strong>30,</strong></span> <span class='ocrx_word' id='word_1_501' title='bbox 1106 3858 1150 3942; x_wconf 88' lang='lat'><strong>6).</strong></span> <span class='ocrx_word' id='word_1_502' title='bbox 1205 3856 1377 3940; x_wconf 77' lang='lat' dir='ltr'><strong>Quomodo</strong></span> <span class='ocrx_word' id='word_1_503' title='bbox 1429 3860 1499 3927; x_wconf 91' lang='lat' dir='ltr'><strong>vita</strong></span> <span class='ocrx_word' id='word_1_504' title='bbox 1529 3868 1600 3926; x_wconf 90' lang='lat' dir='ltr'><strong>tam</strong></span> <span class='ocrx_word' id='word_1_505' title='bbox 1630 3860 1716 3926; x_wconf 89' lang='lat' dir='ltr'><strong>clare</strong></span> <span class='ocrx_word' id='word_1_506' title='bbox 1747 3880 1785 3925; x_wconf 91' lang='lat' dir='ltr'><strong>ac</strong></span> <span class='ocrx_word' id='word_1_507' title='bbox 1814 3858 1954 3925; x_wconf 91' lang='lat' dir='ltr'><strong>dilucide</strong></span> <span class='ocrx_word' id='word_1_508' title='bbox 1981 3860 2017 3923; x_wconf 92' lang='lat' dir='ltr'><strong>in</strong></span> <span class='ocrx_word' id='word_1_509' title='bbox 2043 3859 2242 3925; x_wconf 89' lang='lat' dir='ltr'><strong>Iudaeorum</strong></span> <span class='ocrx_word' id='word_1_510' title='bbox 2272 3861 2410 3928; x_wconf 88' lang='lat' dir='ltr'><strong>ecclesia</strong></span> 
     </span>
     <span class='ocr_line' id='line_1_37' title="bbox 398 3943 2408 4027; baseline 0.002 -18"><span class='ocrx_word' id='word_1_511' title='bbox 398 3943 591 4010; x_wconf 80' lang='lat' dir='ltr'><strong>afflictiones</strong></span> <span class='ocrx_word' id='word_1_512' title='bbox 621 3952 788 4010; x_wconf 91' lang='lat' dir='ltr'><strong>momento</strong></span> <span class='ocrx_word' id='word_1_513' title='bbox 819 3946 1056 4022; x_wconf 85' lang='lat' dir='ltr'><strong>terminabant,</strong></span> <span class='ocrx_word' id='word_1_514' title='bbox 1090 3945 1146 4025; x_wconf 91' lang='lat' dir='ltr'><strong>qui</strong></span> <span class='ocrx_word' id='word_1_515' title='bbox 1179 3965 1239 4026; x_wconf 91' lang='lat' dir='ltr'><strong>per</strong></span> <span class='ocrx_word' id='word_1_516' title='bbox 1272 3952 1376 4011; x_wconf 89' lang='lat' dir='ltr'><strong>totam</strong></span> <span class='ocrx_word' id='word_1_517' title='bbox 1429 3945 1592 4026; x_wconf 89' lang='lat' dir='ltr'><strong>disseruit,</strong></span> <span class='ocrx_word' id='word_1_518' title='bbox 1617 3944 1832 4010; x_wconf 88' lang='lat' dir='ltr'><strong>intolerabilis</strong></span> <span class='ocrx_word' id='word_1_519' title='bbox 1853 3945 2053 4027; x_wconf 88' lang='lat' dir='ltr'><strong>pertinaciae</strong></span> <span class='ocrx_word' id='word_1_520' title='bbox 2075 3945 2175 4010; x_wconf 86' lang='lat' dir='ltr'><strong>fuerit</strong></span> <span class='ocrx_word' id='word_1_521' title='bbox 2196 3967 2251 4012; x_wconf 91' lang='lat' dir='ltr'><strong>eos</strong></span> <span class='ocrx_word' id='word_1_522' title='bbox 2273 3946 2315 4011; x_wconf 89' lang='lat' dir='ltr'><strong>ad</strong></span> <span class='ocrx_word' id='word_1_523' title='bbox 2337 3970 2408 4014; x_wconf 91' lang='lat' dir='ltr'><strong>oar-</strong></span> 
     </span>
     <span class='ocr_line' id='line_1_38' title="bbox 396 4022 2409 4114; baseline 0.001 -17"><span class='ocrx_word' id='word_1_524' title='bbox 396 4022 466 4097; x_wconf 68' lang='grc'><strong>1111</strong></span> <span class='ocrx_word' id='word_1_525' title='bbox 493 4030 596 4096; x_wconf 89' lang='lat' dir='ltr'><strong>vitam</strong></span> <span class='ocrx_word' id='word_1_526' title='bbox 622 4030 874 4113; x_wconf 84' lang='lat' dir='ltr'><strong>affligebantur?</strong></span> <span class='ocrx_word' id='word_1_527' title='bbox 901 4032 960 4097; x_wconf 91' lang='lat' dir='ltr'><strong>ubi</strong></span> <span class='ocrx_word' id='word_1_528' title='bbox 987 4038 1115 4095; x_wconf 87' lang='lat' dir='ltr'><strong>tantam</strong></span> <span class='ocrx_word' id='word_1_529' title='bbox 1142 4029 1299 4096; x_wconf 91' lang='lat' dir='ltr'><strong>videbant</strong></span> <span class='ocrx_word' id='word_1_530' title='bbox 1325 4031 1375 4097; x_wconf 93' lang='lat' dir='ltr'><strong>di·</strong></span> <span class='ocrx_word' id='word_1_531' title='bbox 1428 4033 1504 4099; x_wconf 86' lang='lat' dir='ltr'><strong>nale</strong></span> <span class='ocrx_word' id='word_1_532' title='bbox 1525 4028 1750 4097; x_wconf 90' lang='lat' dir='ltr'><strong>tantummodo</strong></span> <span class='ocrx_word' id='word_1_533' title='bbox 1770 4028 1884 4096; x_wconf 86' lang='lat' dir='ltr'><strong>foedus</strong></span> <span class='ocrx_word' id='word_1_534' title='bbox 1906 4030 2072 4114; x_wconf 90' lang='lat' dir='ltr'><strong>ablegare,</strong></span> <span class='ocrx_word' id='word_1_535' title='bbox 2099 4032 2158 4096; x_wconf 93' lang='lat' dir='ltr'><strong>ubi</strong></span> <span class='ocrx_word' id='word_1_536' title='bbox 2179 4032 2278 4098; x_wconf 89' lang='lat' dir='ltr'><strong>solius</strong></span> <span class='ocrx_word' id='word_1_537' title='bbox 2300 4040 2409 4099; x_wconf 90' lang='lat' dir='ltr'><strong>terrae</strong></span> 
     </span>
    </p>

    <p class='ocr_par' dir='ltr' id='par_1_4' title="bbox 394 4115 2474 5812">
     <span class='ocr_line' id='line_1_39' title="bbox 396 4115 2092 4199; baseline 0 -18"><span class='ocrx_word' id='word_1_538' title='bbox 396 4116 494 4181; x_wconf 81' lang='lat' dir='ltr'><strong>vinae</strong></span> <span class='ocrx_word' id='word_1_539' title='bbox 581 4117 587 4130; x_wconf 83' lang='lat'>‘</span> <span class='ocrx_word' id='word_1_540' title='bbox 640 4117 727 4181; x_wconf 91' lang='lat' dir='ltr'><strong>&#39;tatis</strong></span> <span class='ocrx_word' id='word_1_541' title='bbox 750 4115 971 4194; x_wconf 87' lang='lat' dir='ltr'><strong>durationem,</strong></span> <span class='ocrx_word' id='word_1_542' title='bbox 999 4117 1093 4181; x_wconf 91' lang='lat' dir='ltr'><strong>cuius</strong></span> <span class='ocrx_word' id='word_1_543' title='bbox 1120 4116 1179 4181; x_wconf 85' lang='lat' dir='ltr'><strong>vix</strong></span> <span class='ocrx_word' id='word_1_544' title='bbox 1202 4117 1376 4183; x_wconf 90' lang='lat' dir='ltr'><strong>minimum</strong></span> <span class='ocrx_word' id='word_1_545' title='bbox 1429 4139 1467 4184; x_wconf 91' lang='lat' dir='ltr'><strong>ac</strong></span> <span class='ocrx_word' id='word_1_546' title='bbox 1487 4118 1652 4183; x_wconf 87' lang='lat' dir='ltr'><strong>terrestris</strong></span> <span class='ocrx_word' id='word_1_547' title='bbox 1673 4117 1860 4199; x_wconf 89' lang='lat' dir='ltr'><strong>opulentiae</strong></span> <span class='ocrx_word' id='word_1_548' title='bbox 1880 4117 1941 4182; x_wconf 91' lang='lat' dir='ltr'><strong>fiat</strong></span> <span class='ocrx_word' id='word_1_549' title='bbox 1960 4117 2092 4182; x_wconf 88' lang='lat' dir='ltr'><strong>mentio.</strong></span> 
     </span>
     <span class='ocr_line' id='line_1_40' title="bbox 396 4198 2407 4287; baseline 0 -21"><span class='ocrx_word' id='word_1_550' title='bbox 396 4209 531 4286; x_wconf 86' lang='lat' dir='ltr'><strong>gustum</strong></span> <span class='ocrx_word' id='word_1_551' title='bbox 558 4202 598 4268; x_wconf 92' lang='lat' dir='ltr'><strong>de</strong></span> <span class='ocrx_word' id='word_1_552' title='bbox 613 4200 769 4268; x_wconf 82' lang='lat' dir='ltr'><strong>&#39;babantl</strong></span> <span class='ocrx_word' id='word_1_553' title='bbox 815 4198 854 4265; x_wconf 82' lang='lat' dir='ltr'><strong>Si</strong></span> <span class='ocrx_word' id='word_1_554' title='bbox 880 4202 916 4276; x_wconf 90' lang='lat' dir='ltr'><strong>in</strong></span> <span class='ocrx_word' id='word_1_555' title='bbox 947 4209 1036 4266; x_wconf 90' lang='lat' dir='ltr'><strong>terra</strong></span> <span class='ocrx_word' id='word_1_556' title='bbox 1061 4201 1258 4278; x_wconf 88' lang='lat' dir='ltr'><strong>haesissent,</strong></span> <span class='ocrx_word' id='word_1_557' title='bbox 1291 4203 1376 4268; x_wconf 89' lang='lat' dir='ltr'><strong>nihil</strong></span> <span class='ocrx_word' id='word_1_558' title='bbox 1514 4207 1564 4268; x_wconf 89' lang='grc'><strong>20.</strong></span> <span class='ocrx_word' id='word_1_559' title='bbox 1616 4201 1654 4269; x_wconf 83' lang='lat' dir='ltr'><strong>Si</strong></span> <span class='ocrx_word' id='word_1_560' title='bbox 1688 4202 1730 4268; x_wconf 88' lang='lat' dir='ltr'><strong>ad</strong></span> <span class='ocrx_word' id='word_1_561' title='bbox 1761 4202 1957 4285; x_wconf 85' lang='lat' dir='ltr'><strong>posteriores</strong></span> <span class='ocrx_word' id='word_1_562' title='bbox 1990 4204 2168 4287; x_wconf 85' lang='lat' dir='ltr'><strong>prophetas</strong></span> <span class='ocrx_word' id='word_1_563' title='bbox 2201 4203 2407 4282; x_wconf 91' lang='lat' dir='ltr'><strong>descendam,</strong></span> 
     </span>
     <span class='ocr_line' id='line_1_41' title="bbox 396 4286 2406 4372; baseline -0.001 -18"><span class='ocrx_word' id='word_1_564' title='bbox 396 4287 460 4354; x_wconf 79' lang='lat' dir='ltr'><strong>alo</strong></span> <span class='ocrx_word' id='word_1_565' title='bbox 481 4289 627 4371; x_wconf 87' lang='lat' dir='ltr'><strong>reperire</strong></span> <span class='ocrx_word' id='word_1_566' title='bbox 644 4295 809 4370; x_wconf 89' lang='lat' dir='ltr'><strong>poterant:</strong></span> <span class='ocrx_word' id='word_1_567' title='bbox 833 4287 891 4352; x_wconf 89' lang='lat' dir='ltr'><strong>sed</strong></span> <span class='ocrx_word' id='word_1_568' title='bbox 912 4288 990 4370; x_wconf 88' lang='lat' dir='ltr'><strong>quia</strong></span> <span class='ocrx_word' id='word_1_569' title='bbox 1007 4286 1133 4352; x_wconf 90' lang='lat' dir='ltr'><strong>coelum</strong></span> <span class='ocrx_word' id='word_1_570' title='bbox 1150 4286 1373 4368; x_wconf 88' lang='lat' dir='ltr'><strong>intuebantur,</strong></span> <span class='ocrx_word' id='word_1_571' title='bbox 1391 4330 1396 4337; x_wconf 94' lang='lat'><em>-</em></span> <span class='ocrx_word' id='word_1_572' title='bbox 1427 4287 1495 4354; x_wconf 89' lang='lat' dir='ltr'><strong>illie</strong></span> <span class='ocrx_word' id='word_1_573' title='bbox 1515 4309 1594 4355; x_wconf 91' lang='lat' dir='ltr'><strong>vero</strong></span> <span class='ocrx_word' id='word_1_574' title='bbox 1615 4289 1728 4367; x_wconf 88' lang='lat' dir='ltr'><strong>liceat,</strong></span> <span class='ocrx_word' id='word_1_575' title='bbox 1751 4291 1845 4371; x_wconf 85' lang='lat' dir='ltr'><strong>quasi</strong></span> <span class='ocrx_word' id='word_1_576' title='bbox 1863 4289 1901 4353; x_wconf 93' lang='lat' dir='ltr'><strong>in</strong></span> <span class='ocrx_word' id='word_1_577' title='bbox 1922 4310 2038 4372; x_wconf 90' lang='lat' dir='ltr'><strong>campo</strong></span> <span class='ocrx_word' id='word_1_578' title='bbox 2059 4298 2188 4368; x_wconf 90' lang='lat' dir='ltr'><strong>nostro,</strong></span> <span class='ocrx_word' id='word_1_579' title='bbox 2210 4288 2312 4353; x_wconf 89' lang='lat' dir='ltr'><strong>libere</strong></span> <span class='ocrx_word' id='word_1_580' title='bbox 2332 4309 2406 4370; x_wconf 90' lang='lat' dir='ltr'><strong>spa-</strong></span> 
     </span>
     <span class='ocr_line' id='line_1_42' title="bbox 397 4373 2405 4458; baseline 0 -20"><span class='ocrx_word' id='word_1_581' title='bbox 397 4373 617 4458; x_wconf 79' lang='lat' dir='ltr'><strong>egnoseebant</strong></span> <span class='ocrx_word' id='word_1_582' title='bbox 637 4381 797 4456; x_wconf 88' lang='lat' dir='ltr'><strong>punctum</strong></span> <span class='ocrx_word' id='word_1_583' title='bbox 817 4393 888 4438; x_wconf 90' lang='lat' dir='ltr'><strong>esse</strong></span> <span class='ocrx_word' id='word_1_584' title='bbox 908 4374 1074 4454; x_wconf 90' lang='lat' dir='ltr'><strong>temporis,</strong></span> <span class='ocrx_word' id='word_1_585' title='bbox 1095 4392 1158 4454; x_wconf 93' lang='lat' dir='ltr'><strong>quo</strong></span> <span class='ocrx_word' id='word_1_586' title='bbox 1180 4382 1376 4441; x_wconf 88' lang='lat' dir='ltr'><strong>exercentur</strong></span> <span class='ocrx_word' id='word_1_587' title='bbox 1428 4375 1513 4439; x_wconf 86' lang='lat' dir='ltr'><strong>tiari.</strong></span> <span class='ocrx_word' id='word_1_588' title='bbox 1556 4374 1644 4443; x_wconf 88' lang='lat' dir='ltr'><strong>Nam</strong></span> <span class='ocrx_word' id='word_1_589' title='bbox 1670 4375 1761 4440; x_wconf 91' lang='lat' dir='ltr'><strong>siin</strong></span> <span class='ocrx_word' id='word_1_590' title='bbox 1787 4373 1939 4455; x_wconf 88' lang='lat' dir='ltr'><strong>Davide,</strong></span> <span class='ocrx_word' id='word_1_591' title='bbox 1961 4376 2037 4455; x_wconf 92' lang='lat' dir='ltr'><strong>Iob,</strong></span> <span class='ocrx_word' id='word_1_592' title='bbox 2067 4373 2222 4440; x_wconf 81' lang='lat' dir='ltr'><strong>Samuele</strong></span> <span class='ocrx_word' id='word_1_593' title='bbox 2247 4373 2312 4436; x_wconf 86' lang='lat' dir='ltr'><strong>fuit</strong></span> <span class='ocrx_word' id='word_1_594' title='bbox 2338 4393 2405 4437; x_wconf 91' lang='lat' dir='ltr'><strong>non</strong></span> 
     </span>
     <span class='ocr_line' id='line_1_43' title="bbox 397 4457 2406 4542; baseline -0.003 -17"><span class='ocrx_word' id='word_1_595' title='bbox 397 4478 454 4542; x_wconf 87' lang='lat' dir='ltr'><strong>per</strong></span> <span class='ocrx_word' id='word_1_596' title='bbox 483 4480 614 4526; x_wconf 76' lang='lat' dir='ltr'><strong>crimem</strong></span> <span class='ocrx_word' id='word_1_597' title='bbox 641 4459 746 4525; x_wconf 87' lang='lat' dir='ltr'><strong>sancti</strong></span> <span class='ocrx_word' id='word_1_598' title='bbox 769 4480 789 4523; x_wconf 89' lang='lat' dir='ltr'><strong>a</strong></span> <span class='ocrx_word' id='word_1_599' title='bbox 814 4457 972 4538; x_wconf 89' lang='lat' dir='ltr'><strong>Domino;</strong></span> <span class='ocrx_word' id='word_1_600' title='bbox 999 4458 1225 4524; x_wconf 86' lang='lat' dir='ltr'><strong>miserationes</strong></span> <span class='ocrx_word' id='word_1_601' title='bbox 1253 4461 1374 4527; x_wconf 88' lang='lat' dir='ltr'><strong>saeculi</strong></span> <span class='ocrx_word' id='word_1_602' title='bbox 1427 4459 1567 4526; x_wconf 88' lang='lat' dir='ltr'><strong>difficilis</strong></span> <span class='ocrx_word' id='word_1_603' title='bbox 1584 4461 1732 4540; x_wconf 82' lang='lat' dir='ltr'><strong>victo1ia,</strong></span> <span class='ocrx_word' id='word_1_604' title='bbox 1754 4460 1821 4526; x_wconf 89' lang='lat' dir='ltr'><strong>illic</strong></span> <span class='ocrx_word' id='word_1_605' title='bbox 1837 4461 1943 4527; x_wconf 90' lang='lat' dir='ltr'><strong>multo</strong></span> <span class='ocrx_word' id='word_1_606' title='bbox 1960 4472 2011 4527; x_wconf 91' lang='lat' dir='ltr'><strong>est</strong></span> <span class='ocrx_word' id='word_1_607' title='bbox 2027 4461 2158 4526; x_wconf 84' lang='lat' dir='ltr'><strong>facilior.</strong></span> <span class='ocrx_word' id='word_1_608' title='bbox 2200 4458 2299 4521; x_wconf 91' lang='lat' dir='ltr'><strong>Hane</strong></span> <span class='ocrx_word' id='word_1_609' title='bbox 2316 4458 2406 4520; x_wconf 91' lang='lat' dir='ltr'><strong>enim</strong></span> 
     </span>
     <span class='ocr_line' id='line_1_44' title="bbox 397 4541 2405 4629; baseline -0.002 -16"><span class='ocrx_word' id='word_1_610' title='bbox 397 4565 481 4625; x_wconf 75' lang='lat' dir='ltr'><strong>esse,</strong></span> <span class='ocrx_word' id='word_1_611' title='bbox 521 4546 639 4629; x_wconf 88' lang='lat' dir='ltr'><strong>quibus</strong></span> <span class='ocrx_word' id='word_1_612' title='bbox 672 4545 883 4628; x_wconf 75' lang='lat' dir='ltr'><strong>colliguntur,</strong></span> <span class='ocrx_word' id='word_1_613' title='bbox 916 4565 1048 4611; x_wconf 90' lang='lat' dir='ltr'><strong>rursum</strong></span> <span class='ocrx_word' id='word_1_614' title='bbox 1085 4544 1277 4626; x_wconf 91' lang='lat' dir='ltr'><strong>impiorum,</strong></span> <span class='ocrx_word' id='word_1_615' title='bbox 1318 4548 1375 4629; x_wconf 91' lang='lat' dir='ltr'><strong>qui</strong></span> <span class='ocrx_word' id='word_1_616' title='bbox 1427 4547 1650 4613; x_wconf 90' lang='lat' dir='ltr'><strong>oeconomiam</strong></span> <span class='ocrx_word' id='word_1_617' title='bbox 1676 4554 1710 4612; x_wconf 90' lang='lat' dir='ltr'><strong>et</strong></span> <span class='ocrx_word' id='word_1_618' title='bbox 1732 4547 1820 4612; x_wconf 91' lang='lat' dir='ltr'><strong>hunc</strong></span> <span class='ocrx_word' id='word_1_619' title='bbox 1842 4547 1991 4613; x_wconf 88' lang='lat' dir='ltr'><strong>ordinem</strong></span> <span class='ocrx_word' id='word_1_620' title='bbox 2012 4549 2048 4611; x_wconf 94' lang='lat' dir='ltr'><strong>in</strong></span> <span class='ocrx_word' id='word_1_621' title='bbox 2069 4541 2286 4626; x_wconf 88' lang='lat' dir='ltr'><strong>dispensando</strong></span> <span class='ocrx_word' id='word_1_622' title='bbox 2307 4542 2405 4608; x_wconf 92' lang='lat' dir='ltr'><strong>mise-</strong></span> 
     </span>
     <span class='ocr_line' id='line_1_45' title="bbox 396 4629 2405 4718; baseline -0.001 -22"><span class='ocrx_word' id='word_1_623' title='bbox 396 4650 454 4718; x_wconf 86' lang='lat' dir='ltr'><strong>per</strong></span> <span class='ocrx_word' id='word_1_624' title='bbox 474 4632 640 4697; x_wconf 90' lang='lat' dir='ltr'><strong>somnium</strong></span> <span class='ocrx_word' id='word_1_625' title='bbox 660 4631 747 4696; x_wconf 90' lang='lat' dir='ltr'><strong>beati</strong></span> <span class='ocrx_word' id='word_1_626' title='bbox 768 4630 810 4695; x_wconf 89' lang='lat' dir='ltr'><strong>ad</strong></span> <span class='ocrx_word' id='word_1_627' title='bbox 829 4629 916 4696; x_wconf 90' lang='lat' dir='ltr'><strong>diem</strong></span> <span class='ocrx_word' id='word_1_628' title='bbox 937 4651 1042 4695; x_wconf 91' lang='lat' dir='ltr'><strong>unum</strong></span> <span class='ocrx_word' id='word_1_629' title='bbox 1063 4637 1182 4708; x_wconf 87' lang='lat' dir='ltr'><strong>essent,</strong></span> <span class='ocrx_word' id='word_1_630' title='bbox 1204 4637 1375 4696; x_wconf 88' lang='lat' dir='ltr'><strong>aeternum</strong></span> <span class='ocrx_word' id='word_1_631' title='bbox 1426 4632 1586 4699; x_wconf 89' lang='lat' dir='ltr'><strong>ricordiae</strong></span> <span class='ocrx_word' id='word_1_632' title='bbox 1606 4654 1685 4700; x_wconf 89' lang='lat' dir='ltr'><strong>suae</strong></span> <span class='ocrx_word' id='word_1_633' title='bbox 1706 4632 1835 4698; x_wconf 88' lang='lat' dir='ltr'><strong>foedere</strong></span> <span class='ocrx_word' id='word_1_634' title='bbox 1856 4633 1965 4698; x_wconf 90' lang='lat' dir='ltr'><strong>tenuit</strong></span> <span class='ocrx_word' id='word_1_635' title='bbox 1984 4631 2162 4705; x_wconf 89' lang='lat' dir='ltr'><strong>Dominus,</strong></span> <span class='ocrx_word' id='word_1_636' title='bbox 2186 4633 2224 4690; x_wconf 92' lang='lat' dir='ltr'><strong>ut</strong></span> <span class='ocrx_word' id='word_1_637' title='bbox 2243 4646 2307 4708; x_wconf 92' lang='lat' dir='ltr'><strong>quo</strong></span> <span class='ocrx_word' id='word_1_638' title='bbox 2328 4648 2405 4711; x_wconf 91' lang='lat' dir='ltr'><strong>pro·</strong></span> 
     </span>
     <span class='ocr_line' id='line_1_46' title="bbox 397 4711 2404 4803; baseline -0.001 -21"><span class='ocrx_word' id='word_1_639' title='bbox 397 4735 434 4783; x_wconf 81' lang='lat' dir='ltr'><strong>aa</strong></span> <span class='ocrx_word' id='word_1_640' title='bbox 453 4738 624 4800; x_wconf 87' lang='lat' dir='ltr'><strong>nunquam</strong></span> <span class='ocrx_word' id='word_1_641' title='bbox 644 4716 827 4782; x_wconf 92' lang='lat' dir='ltr'><strong>finiendum</strong></span> <span class='ocrx_word' id='word_1_642' title='bbox 844 4718 983 4782; x_wconf 88' lang='lat' dir='ltr'><strong>exitium</strong></span> <span class='ocrx_word' id='word_1_643' title='bbox 999 4716 1243 4798; x_wconf 83' lang='lat' dir='ltr'><strong>praevidebant</strong></span> <span class='ocrx_word' id='word_1_644' title='bbox 1277 4715 1374 4783; x_wconf 89' lang='lat' dir='ltr'><strong>Unde</strong></span> <span class='ocrx_word' id='word_1_645' title='bbox 1426 4720 1515 4801; x_wconf 90' lang='lat' dir='ltr'><strong>pius,</strong></span> <span class='ocrx_word' id='word_1_646' title='bbox 1545 4719 1703 4802; x_wconf 90' lang='lat' dir='ltr'><strong>temporis</strong></span> <span class='ocrx_word' id='word_1_647' title='bbox 1723 4740 1915 4803; x_wconf 88' lang='lat' dir='ltr'><strong>progressu,</strong></span> <span class='ocrx_word' id='word_1_648' title='bbox 1941 4718 1983 4783; x_wconf 89' lang='lat' dir='ltr'><strong>ed</strong></span> <span class='ocrx_word' id='word_1_649' title='bbox 2009 4716 2142 4798; x_wconf 90' lang='lat' dir='ltr'><strong>plenam</strong></span> <span class='ocrx_word' id='word_1_650' title='bbox 2169 4711 2404 4779; x_wconf 84' lang='lat' dir='ltr'><strong>exhibitionem</strong></span> 
     </span>
     <span class='ocr_line' id='line_1_47' title="bbox 394 4797 2404 4889; baseline -0.002 -19"><span class='ocrx_word' id='word_1_651' title='bbox 394 4800 471 4869; x_wconf 79' lang='lat' dir='ltr'><strong>illae</strong></span> <span class='ocrx_word' id='word_1_652' title='bbox 491 4823 589 4870; x_wconf 87' lang='lat' dir='ltr'><strong>voces</strong></span> <span class='ocrx_word' id='word_1_653' title='bbox 610 4801 723 4888; x_wconf 85' lang='lat' dir='ltr'><strong>(Prov.</strong></span> <span class='ocrx_word' id='word_1_654' title='bbox 749 4807 797 4882; x_wconf 91' lang='grc'><strong>10,</strong></span> <span class='ocrx_word' id='word_1_655' title='bbox 818 4804 868 4889; x_wconf 82' lang='grc'><strong>7);</strong></span> <span class='ocrx_word' id='word_1_656' title='bbox 888 4803 1046 4868; x_wconf 90' lang='lat' dir='ltr'><strong>memoria</strong></span> <span class='ocrx_word' id='word_1_657' title='bbox 1066 4803 1144 4868; x_wconf 89' lang='lat' dir='ltr'><strong>iusti</strong></span> <span class='ocrx_word' id='word_1_658' title='bbox 1165 4803 1202 4867; x_wconf 93' lang='lat' dir='ltr'><strong>in</strong></span> <span class='ocrx_word' id='word_1_659' title='bbox 1223 4802 1374 4869; x_wconf 87' lang='lat' dir='ltr'><strong>benedic·</strong></span> <span class='ocrx_word' id='word_1_660' title='bbox 1427 4804 1656 4884; x_wconf 89' lang='lat' dir='ltr'><strong>accedebatur,</strong></span> <span class='ocrx_word' id='word_1_661' title='bbox 1683 4806 1731 4871; x_wconf 92' lang='lat' dir='ltr'><strong>ita</strong></span> <span class='ocrx_word' id='word_1_662' title='bbox 1756 4805 1933 4870; x_wconf 87' lang='lat' dir='ltr'><strong>maioribus</strong></span> <span class='ocrx_word' id='word_1_663' title='bbox 1961 4804 1996 4866; x_wconf 92' lang='lat' dir='ltr'><strong>in</strong></span> <span class='ocrx_word' id='word_1_664' title='bbox 2023 4800 2091 4864; x_wconf 91' lang='lat' dir='ltr'><strong>dies</strong></span> <span class='ocrx_word' id='word_1_665' title='bbox 2114 4797 2324 4864; x_wconf 90' lang='lat' dir='ltr'><strong>revelationis</strong></span> <span class='ocrx_word' id='word_1_666' title='bbox 2352 4801 2404 4865; x_wconf 90' lang='lat' dir='ltr'><strong>in·</strong></span> 
     </span>
     <span class='ocr_line' id='line_1_48' title="bbox 395 4885 2404 4972; baseline -0.001 -17"><span class='ocrx_word' id='word_1_667' title='bbox 395 4888 485 4955; x_wconf 87' lang='lat' dir='ltr'><strong>tione</strong></span> <span class='ocrx_word' id='word_1_668' title='bbox 505 4889 584 4968; x_wconf 90' lang='lat' dir='ltr'><strong>erit;</strong></span> <span class='ocrx_word' id='word_1_669' title='bbox 606 4908 726 4954; x_wconf 92' lang='lat' dir='ltr'><strong>nomen</strong></span> <span class='ocrx_word' id='word_1_670' title='bbox 748 4896 859 4954; x_wconf 89' lang='lat' dir='ltr'><strong>autem</strong></span> <span class='ocrx_word' id='word_1_671' title='bbox 878 4890 1053 4972; x_wconf 88' lang='lat' dir='ltr'><strong>impiorum</strong></span> <span class='ocrx_word' id='word_1_672' title='bbox 1075 4894 1250 4972; x_wconf 88' lang='lat' dir='ltr'><strong>putrescet</strong></span> <span class='ocrx_word' id='word_1_673' title='bbox 1291 4889 1374 4955; x_wconf 89' lang='lat' dir='ltr'><strong>Pre·</strong></span> <span class='ocrx_word' id='word_1_674' title='bbox 1426 4892 1600 4957; x_wconf 88' lang='lat' dir='ltr'><strong>crementis</strong></span> <span class='ocrx_word' id='word_1_675' title='bbox 1628 4892 1817 4958; x_wconf 87' lang='lat' dir='ltr'><strong>illustraret</strong></span> <span class='ocrx_word' id='word_1_676' title='bbox 1862 4886 2006 4953; x_wconf 88' lang='lat' dir='ltr'><strong>Proinde</strong></span> <span class='ocrx_word' id='word_1_677' title='bbox 2032 4885 2141 4963; x_wconf 93' lang='lat' dir='ltr'><strong>initio,</strong></span> <span class='ocrx_word' id='word_1_678' title='bbox 2168 4905 2269 4966; x_wconf 90' lang='lat' dir='ltr'><strong>quum</strong></span> <span class='ocrx_word' id='word_1_679' title='bbox 2296 4887 2404 4968; x_wconf 88' lang='lat' dir='ltr'><strong>prima</strong></span> 
     </span>
     <span class='ocr_line' id='line_1_49' title="bbox 396 4969 2403 5061; baseline -0.001 -20"><span class='ocrx_word' id='word_1_680' title='bbox 396 4974 480 5041; x_wconf 83' lang='lat' dir='ltr'><strong>tiosa</strong></span> <span class='ocrx_word' id='word_1_681' title='bbox 503 4994 593 5040; x_wconf 89' lang='lat' dir='ltr'><strong>mors</strong></span> <span class='ocrx_word' id='word_1_682' title='bbox 620 4981 808 5040; x_wconf 89' lang='lat' dir='ltr'><strong>sanctorum</strong></span> <span class='ocrx_word' id='word_1_683' title='bbox 833 4977 870 5040; x_wconf 93' lang='grc'><strong>11</strong></span> <span class='ocrx_word' id='word_1_684' title='bbox 897 4982 1072 5059; x_wconf 85' lang='lat' dir='ltr'><strong>conspectu</strong></span> <span class='ocrx_word' id='word_1_685' title='bbox 1100 4974 1252 5056; x_wconf 87' lang='lat' dir='ltr'><strong>Domini;</strong></span> <span class='ocrx_word' id='word_1_686' title='bbox 1285 4997 1373 5042; x_wconf 90' lang='lat' dir='ltr'><strong>mors</strong></span> <span class='ocrx_word' id='word_1_687' title='bbox 1425 4976 1542 5041; x_wconf 89' lang='lat' dir='ltr'><strong>salutis</strong></span> <span class='ocrx_word' id='word_1_688' title='bbox 1563 4978 1734 5061; x_wconf 88' lang='lat' dir='ltr'><strong>promissio</strong></span> <span class='ocrx_word' id='word_1_689' title='bbox 1756 4976 1850 5041; x_wconf 87' lang='lat' dir='ltr'><strong>Adae</strong></span> <span class='ocrx_word' id='word_1_690' title='bbox 1873 4973 1949 5038; x_wconf 89' lang='lat' dir='ltr'><strong>data</strong></span> <span class='ocrx_word' id='word_1_691' title='bbox 1969 4971 2040 5048; x_wconf 86' lang='lat' dir='ltr'><strong>fuit,</strong></span> <span class='ocrx_word' id='word_1_692' title='bbox 2065 4969 2160 5052; x_wconf 85' lang='lat' dir='ltr'><strong>quasi</strong></span> <span class='ocrx_word' id='word_1_693' title='bbox 2180 4977 2296 5036; x_wconf 91' lang='lat' dir='ltr'><strong>tenues</strong></span> <span class='ocrx_word' id='word_1_694' title='bbox 2318 4973 2403 5038; x_wconf 89' lang='lat' dir='ltr'><strong>sein-</strong></span> 
     </span>
     <span class='ocr_line' id='line_1_50' title="bbox 395 5056 2474 5145; baseline -0.001 -20"><span class='ocrx_word' id='word_1_695' title='bbox 395 5069 603 5143; x_wconf 85' lang='lat' dir='ltr'><strong>peeeatorum</strong></span> <span class='ocrx_word' id='word_1_696' title='bbox 624 5060 767 5144; x_wconf 86' lang='lat' dir='ltr'><strong>pessima</strong></span> <span class='ocrx_word' id='word_1_697' title='bbox 913 5066 983 5142; x_wconf 83' lang='lat'><strong>116,</strong></span> <span class='ocrx_word' id='word_1_698' title='bbox 1006 5065 1044 5125; x_wconf 92' lang='grc'><strong>15</strong></span> <span class='ocrx_word' id='word_1_699' title='bbox 1065 5068 1099 5126; x_wconf 89' lang='grc'><strong>11</strong></span> <span class='ocrx_word' id='word_1_700' title='bbox 1122 5065 1171 5140; x_wconf 88' lang='grc'><strong>34,</strong></span> <span class='ocrx_word' id='word_1_701' title='bbox 1191 5061 1257 5145; x_wconf 91' lang='grc'><strong>22).</strong></span> <span class='ocrx_word' id='word_1_702' title='bbox 1290 5062 1374 5127; x_wconf 86' lang='lat' dir='ltr'><strong>Item</strong></span> <span class='ocrx_word' id='word_1_703' title='bbox 1425 5062 1516 5128; x_wconf 88' lang='lat' dir='ltr'><strong>tillae</strong></span> <span class='ocrx_word' id='word_1_704' title='bbox 1532 5063 1728 5143; x_wconf 88' lang='lat' dir='ltr'><strong>emicarunt;</strong></span> <span class='ocrx_word' id='word_1_705' title='bbox 1749 5068 1863 5144; x_wconf 88' lang='lat' dir='ltr'><strong>postea</strong></span> <span class='ocrx_word' id='word_1_706' title='bbox 1883 5059 1970 5122; x_wconf 85' lang='lat' dir='ltr'><strong>faeta</strong></span> <span class='ocrx_word' id='word_1_707' title='bbox 1986 5056 2178 5136; x_wconf 87' lang='lat' dir='ltr'><strong>accessione,</strong></span> <span class='ocrx_word' id='word_1_708' title='bbox 2200 5057 2305 5122; x_wconf 88' lang='lat' dir='ltr'><strong>maior</strong></span> <span class='ocrx_word' id='word_1_709' title='bbox 2321 5057 2403 5124; x_wconf 87' lang='lat' dir='ltr'><strong>lueis</strong></span> <span class='ocrx_word' id='word_1_710' title='bbox 2471 5095 2474 5102; x_wconf 89' lang='lat'>-</span> 
     </span>
     <span class='ocr_line' id='line_1_51' title="bbox 396 5142 2402 5233; baseline -0.001 -21"><span class='ocrx_word' id='word_1_711' title='bbox 396 5145 484 5230; x_wconf 83' lang='lat' dir='ltr'><strong>apud</strong></span> <span class='ocrx_word' id='word_1_712' title='bbox 516 5143 705 5211; x_wconf 82' lang='lat' dir='ltr'><strong>Samuelem</strong></span> <span class='ocrx_word' id='word_1_713' title='bbox 737 5145 770 5228; x_wconf 95' lang='lat' dir='ltr'><strong>(l</strong></span> <span class='ocrx_word' id='word_1_714' title='bbox 824 5168 886 5212; x_wconf 88' lang='lat' dir='ltr'><strong>am.</strong></span> <span class='ocrx_word' id='word_1_715' title='bbox 916 5151 951 5227; x_wconf 85' lang='lat'><strong>2,</strong></span> <span class='ocrx_word' id='word_1_716' title='bbox 982 5151 1031 5233; x_wconf 86' lang='grc'><strong>9);</strong></span> <span class='ocrx_word' id='word_1_717' title='bbox 1072 5146 1236 5214; x_wconf 90' lang='lat' dir='ltr'><strong>Dominus</strong></span> <span class='ocrx_word' id='word_1_718' title='bbox 1274 5147 1373 5230; x_wconf 88' lang='lat' dir='ltr'><strong>pedes</strong></span> <span class='ocrx_word' id='word_1_719' title='bbox 1426 5148 1605 5232; x_wconf 90' lang='lat' dir='ltr'><strong>amplitudo</strong></span> <span class='ocrx_word' id='word_1_720' title='bbox 1627 5150 1732 5230; x_wconf 91' lang='lat' dir='ltr'><strong>eoepit</strong></span> <span class='ocrx_word' id='word_1_721' title='bbox 1749 5145 1865 5223; x_wconf 90' lang='lat' dir='ltr'><strong>exseri,</strong></span> <span class='ocrx_word' id='word_1_722' title='bbox 1886 5163 1970 5225; x_wconf 88' lang='lat' dir='ltr'><strong>quae</strong></span> <span class='ocrx_word' id='word_1_723' title='bbox 1991 5143 2098 5226; x_wconf 88' lang='lat' dir='ltr'><strong>magis</strong></span> <span class='ocrx_word' id='word_1_724' title='bbox 2119 5142 2402 5227; x_wconf 88' lang='lat' dir='ltr'><strong>aemagisdeinde</strong></span> 
     </span>
     <span class='ocr_line' id='line_1_52' title="bbox 396 5228 2401 5315; baseline -0.002 -17"><span class='ocrx_word' id='word_1_725' title='bbox 396 5239 582 5298; x_wconf 68' lang='lat' dir='ltr'><strong>unctorum</strong></span> <span class='ocrx_word' id='word_1_726' title='bbox 593 5231 746 5310; x_wconf 90' lang='lat' dir='ltr'><strong>servabit,</strong></span> <span class='ocrx_word' id='word_1_727' title='bbox 769 5238 804 5295; x_wconf 92' lang='lat' dir='ltr'><strong>et</strong></span> <span class='ocrx_word' id='word_1_728' title='bbox 823 5233 916 5315; x_wconf 90' lang='lat' dir='ltr'><strong>impii</strong></span> <span class='ocrx_word' id='word_1_729' title='bbox 933 5234 970 5296; x_wconf 93' lang='lat' dir='ltr'><strong>in</strong></span> <span class='ocrx_word' id='word_1_730' title='bbox 985 5233 1129 5298; x_wconf 90' lang='lat' dir='ltr'><strong>tenebris</strong></span> <span class='ocrx_word' id='word_1_731' title='bbox 1145 5235 1371 5300; x_wconf 71' lang='lat' dir='ltr'><strong>conficescent</strong></span> <span class='ocrx_word' id='word_1_732' title='bbox 1425 5236 1572 5314; x_wconf 87' lang='lat' dir='ltr'><strong>emersit,</strong></span> <span class='ocrx_word' id='word_1_733' title='bbox 1604 5235 1765 5315; x_wconf 90' lang='lat' dir='ltr'><strong>latiusque</strong></span> <span class='ocrx_word' id='word_1_734' title='bbox 1797 5229 1959 5313; x_wconf 87' lang='lat' dir='ltr'><strong>fulgorem</strong></span> <span class='ocrx_word' id='word_1_735' title='bbox 1993 5250 2090 5294; x_wconf 89' lang='lat' dir='ltr'><strong>suum</strong></span> <span class='ocrx_word' id='word_1_736' title='bbox 2119 5230 2269 5313; x_wconf 82' lang='grc'><strong>11111111,</strong></span> <span class='ocrx_word' id='word_1_737' title='bbox 2300 5228 2401 5293; x_wconf 89' lang='lat' dir='ltr'><strong>donec</strong></span> 
     </span>
     <span class='ocr_line' id='line_1_53' title="bbox 396 5314 2400 5404; baseline -0.003 -19"><span class='ocrx_word' id='word_1_738' title='bbox 396 5314 491 5399; x_wconf 67' lang='lat' dir='ltr'><strong>Quae</strong></span> <span class='ocrx_word' id='word_1_739' title='bbox 517 5319 717 5402; x_wconf 87' lang='lat' dir='ltr'><strong>significant,</strong></span> <span class='ocrx_word' id='word_1_740' title='bbox 745 5316 819 5384; x_wconf 89' lang='lat' dir='ltr'><strong>illos</strong></span> <span class='ocrx_word' id='word_1_741' title='bbox 846 5318 948 5399; x_wconf 90' lang='lat' dir='ltr'><strong>probe</strong></span> <span class='ocrx_word' id='word_1_742' title='bbox 975 5318 1179 5400; x_wconf 88' lang='lat' dir='ltr'><strong>cognovisse,</strong></span> <span class='ocrx_word' id='word_1_743' title='bbox 1208 5327 1372 5403; x_wconf 88' lang='lat' dir='ltr'><strong>utcunque</strong></span> <span class='ocrx_word' id='word_1_744' title='bbox 1413 5320 1560 5404; x_wconf 49' lang='lat' dir='ltr'><strong>‚andem</strong></span> <span class='ocrx_word' id='word_1_745' title='bbox 1598 5320 1740 5384; x_wconf 90' lang='lat' dir='ltr'><strong>nubibus</strong></span> <span class='ocrx_word' id='word_1_746' title='bbox 1778 5315 1929 5381; x_wconf 90' lang='lat' dir='ltr'><strong>omnibus</strong></span> <span class='ocrx_word' id='word_1_747' title='bbox 1968 5314 2138 5395; x_wconf 89' lang='lat' dir='ltr'><strong>discussis,</strong></span> <span class='ocrx_word' id='word_1_748' title='bbox 2178 5314 2226 5381; x_wconf 91' lang='lat' dir='ltr'><strong>sol</strong></span> <span class='ocrx_word' id='word_1_749' title='bbox 2256 5314 2400 5379; x_wconf 88' lang='lat' dir='ltr'><strong>iustitiae</strong></span> 
     </span>
     <span class='ocr_line' id='line_1_54' title="bbox 397 5398 2400 5482; baseline -0.002 -13"><span class='ocrx_word' id='word_1_750' title='bbox 397 5404 486 5469; x_wconf 74' lang='lat' dir='ltr'><strong>varie</strong></span> <span class='ocrx_word' id='word_1_751' title='bbox 506 5404 796 5472; x_wconf 85' lang='lat' dir='ltr'><strong>circumferrentur</strong></span> <span class='ocrx_word' id='word_1_752' title='bbox 813 5403 933 5481; x_wconf 86' lang='grc'><strong>111111,</strong></span> <span class='ocrx_word' id='word_1_753' title='bbox 954 5402 1108 5467; x_wconf 88' lang='lat' dir='ltr'><strong>ultimum</strong></span> <span class='ocrx_word' id='word_1_754' title='bbox 1127 5408 1239 5469; x_wconf 87' lang='lat' dir='ltr'><strong>tamen</strong></span> <span class='ocrx_word' id='word_1_755' title='bbox 1258 5426 1373 5470; x_wconf 90' lang='lat' dir='ltr'><strong>eorum</strong></span> <span class='ocrx_word' id='word_1_756' title='bbox 1426 5405 1582 5472; x_wconf 87' lang='lat' dir='ltr'><strong>Ohristus</strong></span> <span class='ocrx_word' id='word_1_757' title='bbox 1619 5405 1812 5468; x_wconf 87' lang='lat' dir='ltr'><strong>universum</strong></span> <span class='ocrx_word' id='word_1_758' title='bbox 1851 5408 2015 5468; x_wconf 89' lang='lat' dir='ltr'><strong>terrarum</strong></span> <span class='ocrx_word' id='word_1_759' title='bbox 2044 5403 2158 5468; x_wconf 91' lang='lat' dir='ltr'><strong>orbem</strong></span> <span class='ocrx_word' id='word_1_760' title='bbox 2190 5399 2232 5464; x_wconf 91' lang='lat' dir='ltr'><strong>ad</strong></span> <span class='ocrx_word' id='word_1_761' title='bbox 2262 5398 2400 5482; x_wconf 91' lang='lat' dir='ltr'><strong>plenum</strong></span> 
     </span>
     <span class='ocr_line' id='line_1_55' title="bbox 398 5480 2399 5572; baseline -0.001 -18"><span class='ocrx_word' id='word_1_762' title='bbox 398 5489 535 5568; x_wconf 86' lang='lat' dir='ltr'><strong>exitum,</strong></span> <span class='ocrx_word' id='word_1_763' title='bbox 574 5480 678 5556; x_wconf 84' lang='lat' dir='ltr'><strong>vitam</strong></span> <span class='ocrx_word' id='word_1_764' title='bbox 710 5511 747 5555; x_wconf 90' lang='lat' dir='ltr'><strong>ae</strong></span> <span class='ocrx_word' id='word_1_765' title='bbox 779 5489 935 5569; x_wconf 89' lang='lat' dir='ltr'><strong>salutem;</strong></span> <span class='ocrx_word' id='word_1_766' title='bbox 973 5487 1153 5568; x_wconf 88' lang='lat' dir='ltr'><strong>impiorum</strong></span> <span class='ocrx_word' id='word_1_767' title='bbox 1184 5488 1372 5554; x_wconf 86' lang='lat' dir='ltr'><strong>felicitatem</strong></span> <span class='ocrx_word' id='word_1_768' title='bbox 1423 5490 1631 5556; x_wconf 89' lang='lat' dir='ltr'><strong>illuminavit</strong></span> <span class='ocrx_word' id='word_1_769' title='bbox 1681 5488 1758 5553; x_wconf 90' lang='lat' dir='ltr'><strong>Non</strong></span> <span class='ocrx_word' id='word_1_770' title='bbox 1789 5493 1840 5552; x_wconf 92' lang='lat' dir='ltr'><strong>est</strong></span> <span class='ocrx_word' id='word_1_771' title='bbox 1871 5509 1949 5572; x_wconf 87' lang='lat' dir='ltr'><strong>ergo</strong></span> <span class='ocrx_word' id='word_1_772' title='bbox 1974 5487 2187 5554; x_wconf 90' lang='lat' dir='ltr'><strong>metuendum</strong></span> <span class='ocrx_word' id='word_1_773' title='bbox 2213 5505 2270 5564; x_wconf 93' lang='lat' dir='ltr'><strong>ne,</strong></span> <span class='ocrx_word' id='word_1_774' title='bbox 2304 5484 2399 5551; x_wconf 85' lang='lat' dir='ltr'><strong>eiad</strong></span> 
     </span>
     <span class='ocr_line' id='line_1_56' title="bbox 400 5573 2399 5659; baseline -0.003 -17"><span class='ocrx_word' id='word_1_775' title='bbox 400 5593 569 5642; x_wconf 74' lang='lat' dir='ltr'><strong>amoenam</strong></span> <span class='ocrx_word' id='word_1_776' title='bbox 594 5596 665 5642; x_wconf 91' lang='lat' dir='ltr'><strong>esse</strong></span> <span class='ocrx_word' id='word_1_777' title='bbox 687 5576 776 5641; x_wconf 90' lang='lat' dir='ltr'><strong>viam</strong></span> <span class='ocrx_word' id='word_1_778' title='bbox 800 5596 865 5659; x_wconf 90' lang='lat' dir='ltr'><strong>qua</strong></span> <span class='ocrx_word' id='word_1_779' title='bbox 886 5575 921 5640; x_wconf 90' lang='lat' dir='ltr'><strong>in</strong></span> <span class='ocrx_word' id='word_1_780' title='bbox 943 5573 1058 5639; x_wconf 91' lang='lat' dir='ltr'><strong>mortis</strong></span> <span class='ocrx_word' id='word_1_781' title='bbox 1079 5574 1271 5657; x_wconf 89' lang='lat' dir='ltr'><strong>voraginem</strong></span> <span class='ocrx_word' id='word_1_782' title='bbox 1314 5594 1372 5637; x_wconf 89' lang='lat' dir='ltr'><strong>au·</strong></span> <span class='ocrx_word' id='word_1_783' title='bbox 1425 5597 1558 5642; x_wconf 87' lang='lat' dir='ltr'><strong>cansam</strong></span> <span class='ocrx_word' id='word_1_784' title='bbox 1577 5580 1724 5639; x_wconf 82' lang='lat' dir='ltr'><strong>nostram</strong></span> <span class='ocrx_word' id='word_1_785' title='bbox 1751 5574 2025 5658; x_wconf 87' lang='lat' dir='ltr'><strong>comprobandam</strong></span> <span class='ocrx_word' id='word_1_786' title='bbox 2051 5573 2287 5658; x_wconf 85' lang='lat' dir='ltr'><strong>prophetarum</strong></span> <span class='ocrx_word' id='word_1_787' title='bbox 2306 5577 2399 5653; x_wconf 89' lang='lat' dir='ltr'><strong>peta·</strong></span> 
     </span>
     <span class='ocr_line' id='line_1_57' title="bbox 399 5596 2400 5742; baseline -0 -17"><span class='ocrx_word' id='word_1_788' title='bbox 399 5656 488 5726; x_wconf 88' lang='lat' dir='ltr'><strong>latim</strong></span> <span class='ocrx_word' id='word_1_789' title='bbox 526 5660 694 5729; x_wconf 91' lang='lat' dir='ltr'><strong>labuntur.</strong></span> <span class='ocrx_word' id='word_1_790' title='bbox 753 5661 832 5728; x_wconf 91' lang='lat' dir='ltr'><strong>Ideo</strong></span> <span class='ocrx_word' id='word_1_791' title='bbox 865 5663 1003 5728; x_wconf 88' lang='lat' dir='ltr'><strong>istorum</strong></span> <span class='ocrx_word' id='word_1_792' title='bbox 1041 5662 1181 5723; x_wconf 93' lang='lat' dir='ltr'><strong>mortem</strong></span> <span class='ocrx_word' id='word_1_793' title='bbox 1212 5596 1374 5724; x_wconf 79' lang='lat' dir='ltr'><strong>vocabant</strong></span> <span class='ocrx_word' id='word_1_794' title='bbox 1424 5682 1499 5727; x_wconf 89' lang='lat' dir='ltr'><strong>mus</strong></span> <span class='ocrx_word' id='word_1_795' title='bbox 1520 5658 1686 5742; x_wconf 84' lang='lat' dir='ltr'><strong>suffragia,</strong></span> <span class='ocrx_word' id='word_1_796' title='bbox 1709 5659 1767 5726; x_wconf 86' lang='lat' dir='ltr'><strong>illa</strong></span> <span class='ocrx_word' id='word_1_797' title='bbox 1788 5681 1848 5727; x_wconf 84' lang='lat' dir='ltr'><strong>nos</strong></span> <span class='ocrx_word' id='word_1_798' title='bbox 1869 5658 2032 5740; x_wconf 85' lang='lat' dir='ltr'><strong>deficiant,</strong></span> <span class='ocrx_word' id='word_1_799' title='bbox 2054 5658 2111 5725; x_wconf 91' lang='lat' dir='ltr'><strong>sed</strong></span> <span class='ocrx_word' id='word_1_800' title='bbox 2132 5657 2209 5741; x_wconf 87' lang='lat' dir='ltr'><strong>qnia</strong></span> <span class='ocrx_word' id='word_1_801' title='bbox 2228 5657 2400 5742; x_wconf 84' lang='lat' dir='ltr'><strong>ingentem</strong></span> 
     </span>
     <span class='ocr_line' id='line_1_58' title="bbox 2138 5758 2415 5812; baseline 0 0"><span class='ocrx_word' id='word_1_802' title='bbox 2138 5758 2193 5812; x_wconf 79' lang='lat'><strong>21·</strong></span> <span class='ocrx_word' id='word_1_803' title='bbox 2410 5762 2415 5780; x_wconf 86' lang='grc'><strong>“</strong></span> 
     </span>
    </p>
   </div>
   <div class='ocr_carea' id='block_1_3' title="bbox 0 0 2804 6809">
    <p class='ocr_par' dir='ltr' id='par_1_5' title="bbox 0 0 2804 6809">
     <span class='ocr_line' id='line_1_59' title="bbox 0 0 2804 6809; baseline 0 0"><span class='ocrx_word' id='word_1_804' title='bbox 0 0 2804 6809; x_wconf 95' lang='lat' dir='ltr'><strong> </strong></span> 
     </span>
    </p>
   </div>
  </div>
 </body>
</html>
