5600 6809
1061 761 1327 831 maurusio
1349 763 1455 829 REL.
1479 761 1656 828 oflalsr.
1681 768 1771 830 1559.

700 1078 704 1089 ¹
746 1001 1054 1086 6111611161)

465 1165 534 1247 De
566 1164 699 1246 erneis
730 1162 974 1280 tolerantia,
1006 1190 1114 1270 quae
1145 1191 1242 1272 pars
1275 1173 1341 1244 est

749 1281 1051 1392 abnegationis.

505 1471 533 1531 1.
592 1465 683 1546 Quin
714 1465 811 1529 altius
843 1466 1023 1527 etiamnum
1055 1463 1268 1528 conscendere
1300 1464 1389 1546 piam

416 1559 560 1617 mentem
593 1551 699 1629 decet,
731 1570 849 1631 nempe
880 1570 944 1631 quo
977 1549 1152 1630 discipulos
1186 1570 1261 1614 suos
1293 1558 1390 1615 vocat

416 1637 579 1716 Christus,
598 1644 635 1701 61
653 1657 745 1700 66661
764 1636 987 1717 unusquisque
1006 1655 1134 1699 erucem
1144 1635 1240 1699 161161
1253 1636 1387 1719 (Matth.

420 1729 474 1802 16,
494 1723 560 1807 24).
605 1721 823 1802 Quoseunque
852 1722 938 1784 enim
960 1721 1124 1785 Dominus
1146 1722 1322 1803 cooptavit,
1352 1743 1390 1786 66

417 1829 551 1874 suorum
573 1809 734 1871 consortio
755 1806 908 1890 dignatus
930 1813 994 1884 est,
1018 1807 1042 1869 ii
1062 1826 1096 1869 66
1119 1805 1161 1869 ad
1183 1804 1312 1884 duram,
1341 1807 1389 1871 la-

416 1895 585 1970 boriosam,
608 1894 796 1974 inquietam,
819 1892 1033 1974 plurimisque
1056 1913 1093 1955 66
1111 1892 1210 1957 161116
1228 1893 1390 1956 malorum

416 1978 590 2064 generibus
620 1981 775 2042 refertam
803 1980 907 2042 1116111
929 1996 1125 2060 praeparare
1153 1976 1280 2042 debent.
1333 1976 1390 2042 Sic

416 2071 467 2130 est
488 2064 635 2129 eoelestis
656 2065 759 2145 patris
781 2064 947 2142 veluntas,
975 2070 1013 2127 111
1033 2069 1159 2128 certum
1181 2061 1221 2126 de
1243 2065 1389 2127 661661-

415 2151 635 2233 perimentum
658 2150 774 2231 capiat,
806 2170 860 2214 eos
887 2150 986 2212 talem
1013 2149 1049 2212 in
1070 2148 1205 2212 modum
1227 2168 1387 2212 exercere.

414 2235 448 2300 A
469 2234 602 2301 Christo
623 2235 841 2318 primogenito
862 2255 920 2298 suo
939 2255 1088 2312 exorsus,
1111 2255 1191 2317 erga
1212 2235 1297 2298 filios
1319 2255 1389 2298 om-

412 2342 472 2386 nes
500 2342 575 2385 suos
602 2320 692 2384 huno
718 2320 865 2384 ordinem
897 2320 1113 2403 prosequitur.
1168 2320 1255 2382 Nam
1288 2341 1390 2401 quum

413 2414 499 2472 esset
519 2406 575 2469 ille
597 2406 684 2470 filius
705 2427 785 2488 prae
807 2406 879 2469 aliis
901 2405 1053 2483 dilectus,
1084 2413 1117 2468 et
1143 2405 1179 2468 in
1201 2425 1263 2486 quo
1286 2406 1389 2486 patris

413 2493 541 2556 animus
563 2492 800 2573 acquiescebat,
824 2491 974 2556 videmus
996 2499 1107 2553 tamen
1128 2510 1227 2572 quam
1250 2512 1316 2554 non
1337 2491 1389 2554 in·

413 2576 588 2660 dulgenter
616 2597 654 2640 ao
680 2576 823 2640 molliter
849 2576 981 2641 habitus
1008 2577 1122 2640 fuerit:
1157 2585 1195 2638 ut
1221 2596 1299 2640 1616
1326 2575 1389 2639 diei

413 2668 520 2744 queat,
544 2683 609 2725 non
630 2660 726 2726 modo
748 2669 906 2744 perpetua
927 2681 1024 2728 cruce
1041 2662 1257 2724 exercitatum
1278 2662 1387 2738 fuisse,

412 2746 571 2830 quamdiu
588 2754 710 2810 terram
726 2748 872 2826 incoluit,
895 2747 952 2812 sed
974 2754 1078 2811 totam
1095 2749 1165 2811 6166
1182 2746 1286 2812 vitam
1304 2746 1389 2810 nihil

413 2831 503 2896 aliud
524 2832 625 2896 fuisse
646 2853 744 2914 quam
773 2840 951 2916 perpetuae
978 2833 1083 2897 616616
1112 2832 1261 2913 speciem.
1309 2831 1390 2896 Ceu-

412 2937 482 2982 6661
503 2918 660 2998 apostolas
687 2920 827 3001 66619661
854 2918 971 3003 (Hebr.
1000 2924 1035 2997 5,
1060 2918 1109 3003 8),
1143 2919 1225 2998 quoe
1251 2916 1389 2983 6161166

412 3003 490 3066 trum
517 3004 634 3067 discere
660 3006 826 3085 6661166111
852 3006 959 3068 66116
986 3025 1065 3085 qaae
1081 3009 1275 3084 1166666661.
1319 3002 1389 3067 Our

412 3107 472 3152 nos
495 3108 572 3170 ergo
594 3087 636 3151 ab
657 3110 696 3152 ea
717 3089 903 3154 conditione
925 3091 1122 3167 eximamus,
1153 3108 1253 3170 quam
1279 3088 1389 3153 subire

2355 776 2418 837 516

1442 951 1598 1032 propensi
1624 972 1737 1015 sumus
1764 951 1806 1014 ad
1827 953 1938 1016 omnia
1961 955 2052 1019 661111
2073 965 2209 1021 nostrae·
2227 956 2416 1046 tribuenda)

1442 1035 1507 1099 nisi
1533 1036 1627 1100 nobis
1654 1036 1860 1101 imbecillitas
1886 1048 1999 1103 nostra
2027 1041 2121 1104 16161
2154 1043 2248 1105 66616
2282 1043 2416 1110 demon·

1442 1128 1545 1186 strata
1565 1123 1681 1201 fuerit,
1704 1123 1798 1185 facile
1819 1124 1977 1188 virtutem
2000 1134 2147 1190 nostram
2169 1149 2270 1209 supra
2290 1130 2417 1196 iustum

1441 1206 1576 1270 modum
1598 1208 1825 1286 aestimamus,
1848 1229 1909 1272 nec
1931 1209 2133 1290 dubitamus,
2161 1213 2321 1297 quidquid
2343 1237 2417 1283 616-

1441 1293 1526 1371 6161,
1561 1301 1675 1357 666116
1701 1314 1813 1358 omnes
1842 1294 2050 1361 difficultates
2082 1297 2256 1362 infiaotam
2282 1302 2351 1364 fore
2384 1310 2418 1366 61

1440 1378 1607 1442 invictam.
1651 1379 1749 1444 Unde
1770 1380 1806 1441 in
1827 1380 1980 1444 stolidam
2002 1389 2035 1445 et
2056 1382 2189 1447 inanem
2211 1387 2318 1451 carnis
2340 1407 2416 1452 con-

1442 1464 1612 1527 fidentiam
1634 1465 1819 1543 evehimur,
1847 1486 1912 1547 qua
1938 1467 2014 1529 freti
2041 1470 2276 1535 contumaciter
2298 1472 2415 1537 deinde

1442 1548 1649 1632 superbimus
1676 1551 1712 1613 in
1734 1548 1845 1613 Deum
1866 1551 1990 1633 ipsum,
2020 1554 2157 1634 perinde
2169 1554 2195 1639 ¹)
2223 1576 2260 1621 ac
2287 1558 2316 1622 61
2342 1580 2416 1641 pro-

1441 1636 1533 1717 priae
1556 1634 1650 1699 nobis
1671 1636 1844 1699 facultates
1867 1637 1950 1699 eitra
1971 1638 2041 1702 eius
2059 1640 2201 1723 gratiam
2218 1644 2415 1708 sufficerent.

1441 1721 1538 1785 Hanc
1551 1721 1774 1803 arrogantiam
1784 1720 1902 1785 melius
1919 1723 2096 1788 retundere
2114 1747 2181 1790 non
2200 1734 2309 1809 potest
2320 1749 2418 1810 quam

1442 1805 1521 1869 dum
1543 1807 1767 1888 experimento
1789 1805 1882 1870 nobis
1904 1810 2093 1890 comprobat
2110 1820 2233 1893 quanta
2243 1835 2311 1878 non
2320 1815 2417 1879 modo

1441 1891 1674 1968 imbecillitate,
1697 1891 1755 1955 sed
1776 1892 1876 1955 etiam
1897 1894 2076 1975 fragilitate
2097 1897 2292 1964 laboremus.
2326 1902 2417 1983 Ergo

1441 1978 1495 2039 vel
1508 1977 1697 2059 ignominia,
1710 1977 1763 2041 vel
1774 1985 1978 2060 paupertate,
1993 1981 2045 2045 161
2057 1981 2204 2061 orbitate,
2214 1985 2281 2061 ,vel
2293 1986 2414 2062 morbo,
2428 1989 2434 1998 '

1442 2062 1580 2126 16161116
1599 2061 1837 2126 calamitatibus
1854 2084 1915 2127 nos
1932 2065 2058 2148 affligit,
2077 2067 2196 2149 quibus
2213 2071 2415 2135 sustinendis

1441 2149 1539 2230 longe
1560 2148 1718 2229 impares,
1747 2156 1908 2229 quantum
1936 2149 1978 2215 ad
1999 2172 2059 2215 nos
2081 2154 2212 2232 attinet,
2240 2176 2319 2220 mcx
2342 2176 2415 2220 suc-

1442 2233 1634 2297 cumbimus.
1687 2231 1743 2297 Sic
1774 2233 1942 2297 humiliati
1974 2235 2130 2303 discimus
2160 2239 2311 2305 invocare
2344 2241 2415 2306 eius

1441 2319 1615 2395 virtutem,
1643 2338 1727 2400 quae
1755 2318 1825 2382 sola
1850 2321 1910 2383 sub
1938 2321 2082 2402 pondere
2104 2325 2318 2390 afflictionum
2340 2348 2416 2390 oon·

1441 2404 1557 2468 sistere
1585 2424 1645 2467 nos
1671 2404 1757 2467 facit.
1803 2402 1895 2483 Quin
1918 2407 2019 2470 etiam
2034 2410 2261 2489 6666666166,
2298 2420 2417 2476 utcun—

1441 2510 1503 2572 que
1525 2488 1590 2553 Dei
1611 2488 1718 2572 gratia
1739 2509 1813 2552 non
1828 2493 1968 2573 propriis
1989 2492 2116 2560 viribus
2144 2502 2231 2560 stare
2258 2519 2292 2563 se
2316 2500 2429 2563 nove?

1441 2575 1525 2653 rint,
1555 2575 1595 2638 de
1622 2595 1682 2638 sua
1709 2581 1820 2637 tamen
1846 2575 2040 2641 fortitudine
2069 2589 2102 2643 et
2129 2584 2315 2647 constantia
2341 2584 2417 2665 plus

1441 2661 1528 2724 iusto
1549 2660 1654 2724 securi
1676 2669 1770 2735 66611
1797 2661 1863 2726 6161
1888 2682 1943 2727 666
1965 2665 2070 2730 616616
2091 2664 2281 2748 probatione
2302 2670 2339 2731 in
2360 2690 2417 2751 pe-

1440 2745 1595 2810 nitiorem
1617 2744 1669 2810 sui
1691 2745 1843 2809 notitiam
1864 2747 2013 2812 adducat.
2023 2750 2053 2834 2)
2087 2751 2173 2816 Hace
2189 2754 2331 2820 66661116
2349 2755 2418 2819 De-

1439 2832 1507 2895 61111
1529 2831 1632 2915 (Psal.
1652 2834 1709 2908 30,
1729 2830 1763 2913 7)
1785 2853 1904 2913 qaoque
1925 2833 2073 2916 obrepsit:
2094 2857 2146 2919 epo
2167 2838 2238 2901 1161
2259 2840 2295 2902 ia
2316 2841 2417 2919 quiete

1440 2937 1521 2995 meu,
1554 2937 1617 2980 666
1641 2917 1781 2980 1116116161
1806 2923 1965 2998 perpetuo.
2015 2921 2142 3001 161666,
2172 2924 2349 2987 abieras
2381 2926 2416 2987 16

1440 3002 1624 3082 beneplacito
1656 3006 1709 3065 tuo
1735 3004 1832 3066 166611
1857 3023 1924 3069 mee
1949 3006 2056 3085 rebar,
2089 3007 2276 3073 6166616111
2301 3009 2415 3089 16616111

1440 3092 1545 3167 166116
1570 3087 1622 3168 161
1643 3087 1818 3167 peraeae.
1862 3087 1995 3154 Fatetur
2020 3091 2102 3155 erim
2127 3096 2248 3174 torpere
2267 3094 2302 3156 16
2324 3094 2416 3158 rebar

412 3171 583 3238 Christum
604 3184 703 3257 eaput
724 3181 876 3240 nostrum
893 3175 1052 3257 oportuit;
1073 3175 1267 3257 praesertim
1288 3194 1390 3256 quum
1435 3174 1601 3255 prosperis
1632 3172 1854 3254 obstupefactos
1884 3174 1986 3255 161666
2016 3196 2240 3258 6166666666,
2271 3185 2305 3242 at
2330 3183 2416 3259 post-

411 3266 525 3324 nostra
547 3278 645 3324 causa
667 3259 811 3339 subierit,
835 3259 1045 3325 6166111616
1067 3279 1101 3324 66
1123 3260 1194 3342 ipso
1211 3260 1390 3342 patientiae

411 3346 581 3427 exemplar
603 3345 797 3410 exhiberet?
843 3344 1066 3425 Quamobrem
1095 3345 1261 3427 apostolus
1284 3346 1390 3409 omni·

411 3429 473 3495 bus
504 3431 583 3495 filiis
616 3430 682 3494 Dei
716 3432 805 3495 huno
827 3451 898 3494 esse
918 3430 1132 3514 destinatum
1163 3432 1264 3495 finem
1296 3431 1391 3494 docet

411 3514 571 3601 (116168,
592 3515 658 3600 29),
681 3525 721 3579 ut
742 3517 923 3580 conformes
945 3516 1016 3580 eius
1036 3517 1127 3580 fiant
1170 3515 1269 3582 Unde
1290 3516 1391 3580 etiam

410 3601 551 3686 insignis
574 3601 751 3666 consolatio
774 3602 816 3665 ad
838 3623 898 3666 nos
919 3601 1020 3681 redit,
1048 3601 1086 3666 in
1106 3601 1204 3666 rebus
1226 3601 1319 3666 duris
1340 3608 1390 3665 at

412 3706 474 3768 que
497 3688 635 3770 asperis,
665 3707 748 3771 quae
777 3687 933 3753 adversae
954 3686 1124 3770 malaeque
1147 3686 1389 3766 existimantur,

413 3791 472 3836 nos
500 3771 627 3838 Christi
654 3773 860 3856 passionibus
887 3773 1142 3851 communicare3
1170 3779 1208 3836 61
1235 3772 1390 3856 quemad-

313 3923 318 3935 ,
412 3857 548 3921 modum
572 3859 629 3922 ille
651 3878 671 3921 a
692 3860 855 3924 malorum
883 3859 1032 3924 omnium
1051 3857 1240 3942 labyrintho
1262 3858 1298 3922 in
1320 3859 1390 3942 glo-

343 4023 348 4028 ,
413 3941 498 4005 116111
528 3944 701 4008 coelestem
728 3945 897 4029 ingressus
924 3953 990 4023 661,
1024 3944 1072 4008 116
1103 3945 1139 4008 16
1167 3942 1304 4008 eandem
1330 3965 1391 4026 per

412 4027 522 4091 varias
545 4028 773 4096 tribulationes
796 4030 1004 4095 deducamur.
1049 4027 1106 4094 Sic
1133 4029 1222 4093 enirn
1243 4029 1391 4112 loquitur

412 4111 490 4178 alibi
511 4113 639 4179 Paulus
661 4115 730 4197 ipse
752 4117 854 4200 (Phil.
876 4119 909 4196 3,
932 4115 1003 4200 10):
1033 4115 1121 4197 quod
1142 4115 1223 4180 dum
1245 4135 1390 4179 commu·

411 4199 545 4264 nionem
566 4200 721 4266 discimus
742 4201 955 4266 afflictionum
976 4201 1061 4280 eius,
1085 4200 1184 4266 simul
1205 4201 1390 4284 apprehen-

414 4284 523 4351 dimus
545 4286 727 4370 potentiam
746 4287 995 4363 resurrectionis
1002 4311 1011 4366 ;
1038 4306 1076 4350 ac
1104 4287 1184 4352 dum
1209 4288 1389 4351 conformes

414 4371 585 4437 reddimur
605 4373 704 4437 morti
726 4373 811 4451 eius,
839 4374 888 4436 ita
935 4392 1147 4455 raeparamur
1168 4372 1210 4436 ad
1231 4372 1390 4456 gloriosae

413 4457 662 4523 resurrectionis
674 4459 881 4523 consortium
908 4394 1080 4538 86661661
1089 4459 1151 4523 hoc
1162 4457 1272 4523 161616
1282 4464 1391 4540 potest

416 4542 458 4607 ad
479 4543 666 4608 leniendam
688 4565 820 4608 omnem
841 4544 947 4608 616616
970 4542 1194 4620 acerbitatem,
1217 4542 1305 4625 quod
1325 4564 1390 4626 quo

415 4629 522 4712 magis
543 4629 642 4695 rebus
664 4629 810 4696 adversis
832 4630 1043 4708 afflictemur,
1069 4650 1107 4694 eo
1129 4629 1250 4693 certius
1272 4630 1390 4694 confir·

415 4721 527 4778 matur
550 4723 663 4780 nostra
684 4735 760 4780 cum
781 4714 915 4781 01111616
936 4715 1094 4781 societas?
1126 4715 1219 4780 cuius
1245 4734 1390 4780 commu-

415 4797 515 4862 nione
542 4801 710 4881 passiones
737 4802 827 4884 ipsae
859 4823 927 4866 non
951 4800 1047 4865 modo
1079 4799 1269 4865 benedictae
1296 4799 1391 4864 nobis

416 4883 516 4960 fiunt,
547 4884 604 4947 sed
631 4885 673 4949 ad
697 4887 954 4969 promovendam
980 4907 1108 4969 quoque
1134 4893 1281 4951 nostram
1302 4885 1390 4951 salu-

418 4975 485 5030 tem
506 4966 651 5032 multum
673 4972 816 5036 afferunt
838 4973 1029 5037 adiumenti.

504 5055 533 5114 2.
577 5053 672 5117 Adde
699 5058 786 5138 quod
807 5057 971 5124 Dominus
998 5065 1110 5122 noster
1131 5078 1262 5123 crucem
1283 5056 1390 5120 feren-

418 5137 494 5202 dam
523 5139 688 5221 suscipere
716 5142 808 5221 nihil
827 5164 958 5208 necesse
980 5142 1096 5207 habuit
1117 5143 1182 5207 nisi
1203 5142 1245 5206 ad
1265 5147 1390 5205 testan-

418 5224 494 5288 dam
515 5223 822 5308 approbandamqne
849 5229 937 5310 patri
958 5249 1052 5293 suam
1073 5227 1302 5305 obedientiam
1330 5246 1389 5289 no-

419 5310 567 5376 11161616
593 5311 707 5376 multis
735 5312 916 5379 rationibus
943 5321 1148 5379 6666666661
1174 5311 1236 5376 sub
1259 5311 1391 5377 assidua

418 5416 513 5461 61666
540 5396 643 5461 1116111
672 5397 798 5481 degere.
842 5399 995 5464 Primum
1023 5399 1078 5484 (ut
1104 5404 1225 5464 natura
1249 5397 1390 5462 nimium

427 5569 619 5578 ...ᾖ-ς

487 5666 516 5734 1)
537 5667 606 5722 oum
626 5669 690 5738 cap.
710 5669 794 5725 11111.
813 5671 836 5738 §-
854 5668 964 5725 111-16.

1440 3259 1548 3323 habita
1569 3258 1633 3324 Dei
1656 3259 1777 3341 916116,
1806 3281 1828 3323 6
1855 3279 1919 3340 qua
1940 3261 2075 3342 peredere
2096 3261 2259 3344 16166161,
2285 3264 2417 3329 611116-

1441 3344 1652 3425 66666161
1671 3349 1707 3407 at
1721 3345 1963 3426 perpetuitate»
1983 3345 2045 3410 6111
2059 3348 2263 3429 preinitteret.
2304 3349 2343 3414 Si
2364 3349 2418 3414 1166

1441 3435 1526 3494 tereto
1544 3429 1715 3510 prophetae
1741 3431 1867 3508 6661111,
1897 3432 1970 3511 quis
1996 3437 2138 3498 nostram
2166 3455 2228 3499 6611
2252 3435 2358 3500 timeat
2384 3440 2419 3498 61

1442 3515 1571 3580 caveat?
1613 3512 1710 3597 Quod
1733 3535 1821 3599 ergo,
1843 3515 1941 3581 rebus
1963 3519 2163 3602 tranquillis,
2185 3520 2319 3586 maioris
2342 3541 2418 3586 con-

1443 3601 1584 3665 stantiae
1611 3609 1646 3665 et
1673 3601 1851 3683 patientiae
1880 3603 2033 3683 opinione
2059 3605 2121 3670 sibi
2153 3604 2417 3686 blandiebantur,

1442 3687 1540 3751 rebus
1562 3686 1719 3769 asperatis
1737 3685 1916 3766 humiliati,
1945 3687 2134 3773 hypocrisin
2155 3693 2254 3757 fuisse
2277 3691 2417 3758 discunt.

1442 3772 1586 3850 Talibus,
1608 3773 1752 3854 inquam,
1777 3771 1980 3840 documentis
2002 3775 2162 3841 admoniti
2179 3798 2314 3843 suorum
2330 3798 2418 3840 mor·

1443 3858 1559 3922 borum
1580 3856 1706 3934 fideles,
1736 3859 1911 3939 proficiunt
1932 3857 1974 3922 ad
1996 3860 2229 3940 humilitatem3
2258 3869 2295 3926 ut
2315 3883 2418 3944 prava

1443 3943 1550 4008 earnis
1568 3942 1766 4008 oonfidentia
1782 3944 1873 4008 exuti
1891 3942 1933 4008 ad
1943 3944 2011 4009 Dei
2027 3947 2169 4030 gratiam
2187 3968 2222 4012 66
2240 3948 2415 4012 conferant.

1441 4029 1546 4094 Porro
1567 4028 1624 4093 ubi
1646 4049 1681 4093 se
1704 4029 1926 4107 contulerrmt,
1955 4029 2086 4097 divinae
2112 4033 2243 4097 virtutis
2260 4052 2415 4113 praesen-

1441 4115 1536 4192 tiam,
1564 4113 1599 4177 in
1626 4135 1692 4197 qua
1718 4115 1798 4181 satis
1825 4136 1987 4199 superque
2011 4117 2165 4199 praesidii
2186 4120 2287 4193 inest,
2317 4136 2414 4196 expe-

1443 4200 1581 4264 riuntur.

1529 4290 1558 4349 3.
1591 4286 1702 4368 Atque
1723 4286 1758 4351 id
1780 4285 1938 4368 estquod
1958 4286 2084 4353 Paulus
2106 4286 2206 4363 docet,
2231 4284 2414 4348 tribulatio-

1441 4370 1539 4437 nibus
1571 4371 1722 4455 generari
1752 4371 1960 4454 patientiam,
2000 4371 2159 4455 patientia
2189 4369 2415 4452 probationem

1442 4456 1553 4542 (Rom.
1576 4462 1604 4535 5,
1624 4456 1668 4541 3).
1708 4457 1796 4524 Nam
1817 4456 1903 4539 quod
1925 4456 2017 4522 Deus
2037 4455 2188 4539 promisit
2208 4454 2358 4519 fidelibus
2380 4476 2415 4519 se

1442 4543 1636 4607 adfuturum
1660 4544 1697 4607 in
1723 4540 2005 4620 tribulationibus,
2038 4540 2072 4605 id
2098 4560 2215 4605 verum
2241 4561 2311 4604 esse
2341 4561 2416 4604 sen-

1443 4629 1532 4692 tiunt
1553 4627 1633 4693 dum
1653 4627 1817 4710 patienter
1839 4625 2030 4704 subsistrmt,
2056 4626 2126 4689 eius
2147 4646 2250 4689 manu
2272 4625 2415 4703 suffulti3

1442 4715 1530 4796 quod
1562 4714 1630 4778 suis
1661 4711 1787 4778 viribus
1819 4730 2023 4792 nequaquam
2055 4717 2197 4793 possent.
2246 4711 2417 4775 Patientia

1441 4800 1545 4883 igitur
1561 4797 1826 4880 experimentum
1840 4796 1937 4858 affert
1948 4796 2079 4875 sanctis,
2097 4794 2184 4878 quod
2194 4795 2297 4874 Deus,
2318 4817 2416 4878 quam

1442 4884 1606 4968 pollicitis
1628 4890 1678 4948 est
1700 4902 1804 4963 opem,
1827 4901 1863 4944 16
1884 4881 1957 4962 ipsa
1977 4880 2057 4945 dum
2079 4903 2161 4964 opus
2183 4888 2234 4946 est
2252 4882 2414 4946 exhibeat.

1443 4968 1526 5034 Inde
1552 4988 1627 5050 spes
1653 4987 1782 5049 queque
1811 4986 1926 5030 eorum
1952 4969 2179 5032 confirmatur:
2209 4967 2341 5049 quando
2365 4968 2416 5029 in-

1442 5053 1655 5138 gratitudinis
1676 5051 1798 5116 nimiae
1818 5053 1918 5131 feret,
1949 5074 2016 5117 non
2042 5061 2232 5136 exspectare
2251 5053 2290 5150 in
2310 5062 2418 5149 poste

1442 5159 1643 5291 {lauf
1665 5145 1938 5289 11111111
1947 5137 2416 5306 ..battutile

1443 5332 1485 5376 ex
1506 5329 1602 5374 cruce
1623 5318 1809 5375 naseantur.
1837 5309 1935 5374 Illam
1957 5311 2045 5374 enim
2066 5330 2165 5393 quam
2182 5307 2415 5388 1616616616-

1512 5596 1815 5669 1)Εά1.1611.1654
1830 5600 1914 5653 mab:
1950 5598 2052 5651 roinde.
2126 5592 2156 5659 2)
2176 5591 2250 5646 Ede.
2268 5593 2417 5648 1166661166

1443 5666 1852 5734 1666616166111666111617.
1872 5668 1887 5720 1
1940 5706 1946 5719 .
1964 5664 2040 5719 1667.
2063 5662 2158 5726 raa).
