5600 6809
380 778 461 841 1053
620 778 710 844 LIB.
733 774 795 840 IV.
839 773 904 837 DE
925 769 1163 851 EX'PERNIS
1185 767 1352 835 MEDIIS
1374 770 1441 836 AD
1464 768 1695 836 SALUTEM.
1740 767 1839 872 ChP.
1863 767 1977 834 XVII.
2000 769 2133 834 XVIH.
2299 775 2381 837 1054

373 971 452 1049 puut
470 965 572 1048 fuisse
590 965 796 1046 praeludium
818 960 936 1024 missae
957 981 1047 1039 suae,
1070 981 1107 1026 aa
1128 961 1158 1024 si
1181 960 1264 1024 iuter
1284 979 1354 1023 eum
1407 965 1558 1024 sanctum
1579 957 1644 1023 Dei
1675 958 1812 1023 verbum
1840 980 1904 1022 non
1927 959 2071 1022 affirmat
2097 958 2209 1036 modo,
2238 959 2295 1023 sed
2317 959 2383 1024 cla-

311 1074 314 1082 ·
376 1056 405 1115 et
433 1049 591 1116 Christum
623 1049 799 1115 similitudo
827 1051 904 1110 esset
931 1047 966 1110 iu
993 1047 1093 1127 pauis
1122 1051 1149 1110 et
1175 1047 1243 1111 circi
1272 1047 1354 1111 obla-
1406 1053 1475 1108 mat
1507 1045 1606 1109 etiam
1640 1052 1673 1108 et
1699 1051 1918 1123 contestatur,
1959 1044 2021 1108 hoc
2053 1045 2248 1110 sacrificium
2283 1044 2384 1110 semel

376 1138 465 1202 tiore.
507 1138 595 1218 Quod
616 1137 720 1219 mapis
741 1136 885 1198 ieiunum
905 1136 950 1196 est
970 1152 1007 1195 ac
1031 1133 1183 1214 tricolum
1202 1151 1298 1212 quam
1319 1136 1354 1194 ut
1406 1138 1574 1215 peractum
1598 1131 1706 1210 fuisse,
1729 1131 1799 1195 eius
1821 1132 1890 1196 vim
1913 1137 2083 1195 aeternam
2104 1152 2306 1213 permanere,
2328 1131 2384 1212 qui

376 1223 562 1304 refutatioue
583 1228 675 1306 epeat.
722 1219 843 1285 Partem
864 1223 894 1282 el
916 1217 1131 1283 cicumdedit
1153 1216 1354 1282 Melchisedec
1407 1216 1496 1282 aliud
1517 1216 1692 1299 postulant,
1715 1238 1823 1281 nonne
1845 1218 1952 1298 ipsum
1974 1217 2229 1299 imperiectionis
2246 1217 2384 1281 insimu-

377 1307 525 1373 Abrahue
557 1313 585 1372 et
617 1310 685 1372 eius
713 1304 887 1382 comitibus,
915 1308 952 1366 ut
982 1304 1083 1367 lassos
1118 1325 1156 1367 eu
1190 1304 1300 1367 itinere
1327 1307 1355 1367 et
1406 1303 1478 1368 lant
1499 1312 1532 1365 et
1553 1301 1775 1367 infirmitatis?
1821 1303 1869 1367 At
1890 1324 1968 1367 vero
1990 1304 2099 1381 misse,
2123 1324 2206 1385 quae
2228 1303 2290 1367 hac
2311 1303 2384 1385 lege

371 1394 492 1476 proelio
519 1394 662 1475 reficeret.
710 1392 794 1474 Quid
821 1390 876 1455 hoc
897 1391 940 1454 ad
971 1388 1189 1468 sacrificium?
1231 1389 1355 1452 Humor
1407 1389 1529 1452 tradita
1549 1396 1612 1463 est,
1636 1397 1674 1452 ut
1697 1388 1818 1453 millies
1840 1396 1978 1453 centena
1999 1390 2161 1454 sacrificia
2181 1390 2216 1453 in
2239 1389 2384 1471 singulos

376 1481 462 1544 uitas
483 1481 583 1543 saucti
603 1480 687 1562 repis
707 1476 857 1542 laudatur
878 1497 898 1539 a
916 1473 1022 1555 Mosa·
1042 1477 1224 1556 mysterium
1241 1477 1355 1555 impor-
1407 1474 1476 1540 dies
1497 1482 1711 1558 peragantur,
1743 1496 1806 1556 quo
1826 1481 1952 1557 spectat
1973 1474 2038 1539 nisi
2060 1483 2097 1538 ut
2118 1475 2245 1539 Christi
2266 1475 2383 1558 passio,

376 1570 447 1629 tum
468 1567 523 1630 isti
544 1567 698 1630 eucuduut
719 1564 810 1627 cuius
831 1561 920 1625 uulla
940 1559 977 1640 tit
997 1563 1117 1625 mentia
1163 1560 1355 1625 111111111-
1407 1581 1471 1643 qua
1497 1561 1629 1624 unicam
1657 1561 1798 1626 hostiam
1824 1583 1858 1626 se
1885 1562 1973 1644 patri
1995 1560 2128 1637 obtulit,
2158 1561 2286 1642 sepulta
2308 1560 2384 1625 sub-

375 1671 562 1716 mensuum
583 1671 719 1715 errorem
740 1649 804 1713 alio
822 1647 931 1723 colore,
954 1648 1031 1726 quic
1049 1648 1189 1726 sequitur
1212 1649 1354 1711 coruiuuo
1407 1668 1577 1730 mersaque
1605 1646 1734 1713 iaceat?
1787 1646 1886 1727 Quis,
1912 1648 1977 1712 nisi
2007 1666 2136 1726 caecus,
2170 1669 2237 1711 non
2263 1646 2383 1725 videat,

369 1741 458 1818 post:
484 1741 513 1801 et
532 1742 600 1801 erat
621 1735 764 1801 sacerdos
787 1733 850 1798 Dei
872 1733 1029 1796 altissim.
1075 1732 1269 1815 Respoudeu
1282 1753 1356 1814 per·
1407 1740 1541 1798 somnae
1563 1732 1733 1797 audaciam
1760 1733 1862 1798 1111111
1883 1753 1965 1815 quae
1992 1733 2125 1796 veritati
2151 1732 2232 1797 adeo
2253 1741 2385 1815 apertae

371 1842 485 1902 paam
505 1842 555 1887 ms
576 1821 698 1886 trahere
719 1821 763 1884 ad
778 1839 896 1899 pamm
917 1823 945 1881 et
965 1819 1074 1881 mrum
1095 1819 1176 1898 quod
1197 1819 1354 1899 apostolus
1407 1840 1445 1884 ac
1475 1818 1634 1883 dilucidae
1669 1818 1911 1883 obluctaretur?
1966 1818 2035 1883 Nec
2068 1839 2121 1881 me
2153 1818 2235 1882 latet
2266 1818 2385 1901 quibus

376 1909 419 1973 ad
452 1908 686 1973 benedictionem
717 1907 819 1986 refert.
873 1904 975 1985 Quum
1003 1923 1074 1987 erpo
1103 1905 1248 1970 sacerdos
1277 1909 1356 1970 esset
1405 1905 1591 1988 praestigiis
1629 1905 1715 1969 hanc
1745 1925 1840 1969 suam
1876 1905 2027 1969 fraudem
2058 1910 2249 1986 praetexere
2281 1903 2386 1968 soleat

376 1992 455 2071 Dei,
482 1994 637 2058 benedicit
664 1992 823 2056 Abrahae.
883 1989 969 2055 Uude
996 1990 1078 2054 111111
1100 1990 1271 2071 apostolus,
1295 2010 1354 2072 quo
1406 1999 1500 2074 pater
1521 1991 1578 2055 ille
1599 1990 1777 2067 mendacii,
1801 2012 1868 2054 non
1890 1992 1983 2056 varia
2004 2011 2075 2055 esse
2098 2010 2158 2054 neo
2179 1987 2310 2055 diversa
2332 2011 2384 2054 sa·

376 2079 486 2144 melior
512 2100 571 2144 uon
601 2084 646 2144 est
671 2077 868 2160 quaerurdus
895 2077 1060 2154 iuterpres,
1093 2076 1208 2159 callipit
1235 2077 1352 2159 (Hebr.
1406 2077 1536 2155 crificia,
1560 2077 1618 2141 sed
1640 2098 1744 2140 unum
1764 2075 1852 2141 idem
1874 2078 2005 2159 saepius
2027 2076 2140 2159 repeti.
2185 2076 2313 2140 Verum
2334 2083 2384 2137 ta-

378 2169 407 2242 7,
427 2164 462 2249 7)
495 2166 566 2230 eius
591 2165 837 2246 praestantiam:
875 2162 952 2242 quia
980 2163 1082 2226 minor
1114 2163 1301 2227 benedicitur
1333 2184 1354 2228 a
1406 2163 1453 2229 les
1486 2164 1569 2227 fumi
1598 2162 1690 2227 nullo
1722 2163 1853 2245 negotio
1893 2162 2121 2227 discutiuntur.
2178 2163 2262 2226 'Pota
2294 2161 2384 2225 enim

375 2251 502 2316 maiore.
549 2250 638 2330 Quod
658 2251 689 2314 si
710 2249 820 2314 oblatio
842 2245 1044 2311 Melchisedec
1069 2247 1222 2328 sauiticii
1243 2250 1355 2314 missa·
1407 2249 1627 2332 disputatione
1659 2247 1828 2314 contendit
1863 2248 2027 2330 apostolus
2063 2268 2131 2311 non
2163 2247 2259 2311 modo
2292 2244 2385 2310 nulla

375 2336 419 2402 lis
448 2338 554 2418 pipura
581 2341 671 2415 esset,
702 2357 744 2399 au
776 2333 949 2414 apostolus,
977 2332 1110 2412 obsecro,
1137 2335 1194 2416 qui
1220 2335 1354 2399 miuima
1406 2336 1469 2399 alia
1499 2356 1570 2400 esse
1598 2336 1772 2413 sacrificia,
1800 2333 1982 2399 sedunum
2010 2333 2093 2398 illud
2114 2333 2215 2397 semel
2238 2333 2385 2397 oblatum

376 2443 515 2503 quaeque
542 2423 670 2500 excutit,
696 2441 762 2487 rem
789 2420 864 2484 adeo
891 2420 1008 2483 seriam
1041 2424 1217 2503 etpraaem
1241 2420 1355 2501 fuisset
1405 2422 1520 2500 firisse,
1548 2441 1607 2485 nee
1635 2421 1775 2503 amplius
1807 2419 2003 2484 iterandum.
2054 2417 2248 2484 Subtilioros
2276 2418 2384 2483 oecul—
2425 2460 2426 2467 .

377 2507 511 2572 oblitus?
563 2506 638 2571 Iam
660 2506 830 2592 (quidquid
849 2504 1018 2589 repertur)
1040 2507 1192 2570 ratiouem
1213 2527 1293 2587 quae
1315 2506 1353 2570 ab
1406 2507 1488 2572 tiore
1515 2508 1697 2571 etiamnum
1724 2507 1809 2572 rima
1841 2506 1908 2571 effu
1933 2506 2022 2583 unt,
2054 2525 2124 2568 non
2153 2505 2411 2588 repetitionem

376 2593 445 2674 ipso
473 2593 607 2674 apostdo
632 2593 815 2670 adducitur,
847 2591 971 2672 frustra
998 2593 1162 2656 conuellere
1188 2591 1353 2671 mutant,
1407 2613 1492 2672 esse,
1522 2593 1580 2658 sed
1601 2592 1861 2675 applicationem.
1934 2591 1975 2657 ed
2001 2589 2106 2655 nihilo
2129 2589 2294 2655 difficilius
2321 2589 2384 2655 hoe

376 2699 496 2744 cessare
523 2679 624 2743 iuset
652 2679 795 2743 honorem
817 2677 983 2742 sacerdotii
1004 2679 1085 2742 irater
1113 2677 1252 2742 homiues
1272 2699 1354 2742 mor·
1405 2699 1534 2761 quoque
1556 2678 1724 2761 sophisma
1746 2679 1942 2742 confutatur.
1980 2677 2096 2758 Neque
2118 2678 2207 2741 enim
2228 2676 2291 2739 hae
2311 2676 2385 2759 lege

376 2765 467 2844 rua,
500 2766 577 2845 quio
602 2763 760 2843 Christus,
793 2765 849 2844 qui
875 2764 1063 2828 immortalis
1089 2769 1148 2842 cst,
1182 2764 1296 2828 miicus
1316 2783 1354 2828 ac
1407 2785 1442 2828 se
1464 2763 1582 2828 obtulit
1603 2762 1704 2828 semel
1726 2762 1889 2841 Christus,
1910 2771 1949 2828 ut
1969 2762 2066 2826 noris
2087 2762 2232 2844 quotidie
2249 2762 2385 2827 oblatio-

370 2856 542 2932 perpetuus
563 2855 608 2915 est
626 2850 778 2937 sacerdos.
1406 2850 1504 2915 nibus
1537 2859 1645 2914 ratum
1683 2851 1778 2913 fieret
1816 2870 1914 2913 suum
1954 2847 2166 2926 sacrificium;
2199 2869 2316 2912 verum
2348 2854 2386 2911 ut

463 2940 492 3000 3.
536 2936 654 3000 Altera
682 2936 801 3000 missae
831 2935 937 2999 virtus
963 2934 1131 3017 proposita
1153 2942 1238 3012 erat,
1268 2935 1354 3017 quod
1407 2936 1570 3019 evangelii
1591 2933 1831 3018 praedicatione
1853 2955 1891 2999 ac
1908 2955 2020 2999 sacrae
2038 2953 2157 2998 coenae
2176 2932 2384 2997 administra·

377 3019 502 3086 Christi
536 3043 667 3087 crucem
699 3029 732 3085 et
762 3021 948 3103 passionem
980 3020 1137 3103 opprimit
1170 3027 1203 3085 et
1235 3020 1351 3085 obnuit
1406 3023 1496 3086 tione
1516 3023 1735 3087 fructuseius
1757 3020 1850 3085 nobis
1870 3019 2138 3085 communicetur.
2180 3016 2237 3084 Sic
2258 3018 2384 3082 Pardus

376 3105 450 3171 Hoc
472 3107 605 3191 quidem
632 3108 852 3173 certissimum
875 3113 940 3184 est,
969 3107 1062 3170 metti
1091 3105 1211 3171 Christi
1225 3127 1355 3187 ,murem
1407 3107 1485 3171 dicit
1507 3107 1540 3193 (l
1562 3106 1636 3173 Cor.
1657 3113 1686 3186 5,
1706 3105 1740 3192 7)
1763 3106 1934 3172 Christum
1956 3105 2079 3189 paseha
2100 3111 2251 3169 nostrum
2266 3103 2384 3167 immo-

375 3192 472 3256 simul
503 3214 539 3257 aa
570 3194 704 3276 eripitur
739 3193 845 3257 altare.
892 3192 980 3256 Nam
1008 3191 1037 3255 si
1063 3191 1099 3254 in
1128 3213 1223 3257 eruce
1250 3200 1354 3257 semet
1405 3193 1511 3259 latum
1540 3215 1626 3273 esse,
1659 3215 1697 3259 ao
1720 3214 1782 3258 nos
1809 3192 1936 3276 epulari
1964 3191 2064 3256 iubet.
2108 3191 2214 3268 Haec,
2238 3190 2383 3271 inquam,

375 3278 484 3360 ipsum
505 3280 541 3342 in
563 3279 760 3344 sacrificium
781 3277 907 3356 obtuit,
929 3299 994 3360 quo
1015 3297 1078 3340 nos
1100 3277 1136 3340 in
1158 3285 1354 3361 perpetuum
1404 3281 1487 3344 ratio
1509 3285 1560 3345 est
1580 3300 1644 3362 qua
1665 3280 1758 3345 nobis
1779 3278 1842 3343 rite
1864 3279 2048 3361 applicatur
2065 3277 2170 3342 1111111
2188 3275 2385 3341 sacrificium

296 3372 302 3384 '
376 3364 609 3442 sanctificaret,
639 3371 674 3427 et
703 3373 871 3429 aeternam
899 3362 1156 3447 redemptionem
1183 3364 1279 3428 nobis
1305 3385 1354 3430 aa·
1406 3365 1485 3431 dum
1505 3366 1681 3430 fruendum
1704 3365 1798 3430 nobis
1819 3364 2079 3430 communicatur
2096 3370 2130 3426 et
2147 3383 2208 3428 uos
2224 3381 2304 3427 vera
2320 3360 2385 3426 fide

375 3450 509 3530 quireret
530 3450 647 3535 (Hebr.
669 3454 697 3528 9,
720 3449 788 3534 12),
818 3449 906 3514 haud
930 3449 1026 3515 dubie
1048 3450 1098 3513 vis
1127 3457 1223 3532 atque
1245 3450 1353 3527 effica-
1406 3452 1590 3534 recipimus.

375 3536 426 3600 oia
447 3536 519 3600 eius
540 3536 692 3603 1111111111
713 3535 804 3601 nullo
825 3538 892 3601 fine
913 3541 1049 3618 perstet.
1092 3535 1226 3618 Alioqui
1249 3536 1354 3600 nihilo
1492 3544 1522 3602 4.
1579 3536 1647 3604 Sed
1670 3558 1788 3620 operae
1815 3536 1961 3620 pretium
1988 3543 2039 3600 est
2060 3534 2174 3599 audire
2196 3554 2261 3617 quo
2288 3553 2384 3615 prae-

375 3619 644 3688 honorifioentius
666 3622 706 3686 de
730 3622 863 3687 Christo
887 3622 1085 3686 sentiremus
1106 3643 1205 3704 quam
1228 3622 1268 3686 de
1296 3623 1353 3688 bo·
1406 3633 1497 3689 terea
1532 3623 1745 3689 fundamento
1786 3622 1973 3688 missorium
2007 3621 2205 3687 sacrificium
2237 3619 2382 3684 fulciant

374 3705 435 3772 bus
463 3714 497 3770 et
518 3709 630 3773 vitulis
651 3709 709 3792 qui
736 3708 891 3792 sublege
913 3708 1182 3788 immolabantur;
1212 3729 1354 3790 quorum
1405 3711 1493 3775 Nam
1520 3709 1587 3776 huo
1608 3709 1792 3775 Malachiae
1813 3707 2008 3775 vaticinium
2029 3708 2182 3785 trahunt,
2205 3727 2269 3789 quo
2288 3704 2384 3787 polli-

373 3790 552 3859 oblationes
574 3816 617 3859 ex
639 3816 676 3858 eo
697 3795 882 3860 inefficaces
904 3802 1089 3877 arguuntur
1109 3801 1143 3858 11
1159 3793 1352 3873 imbecillae,
1406 3805 1499 3861 cetur
1525 3795 1690 3861 Dominus
1714 3796 1879 3874 futumm,
1910 3801 1958 3864 111,
1975 3793 2148 3858 incensum
2180 3813 2239 3874 per
2272 3789 2385 3855 orbem

373 3878 461 3959 quod
482 3881 611 3962 saepius
633 3879 844 3945 iterabantur.
890 3878 1002 3960 Quare
1028 3887 1086 3945 aut
1106 3879 1232 3945 Christi
1255 3881 1354 3946 11111-
1406 3884 1599 3948 universum
1625 3882 1781 3947 offeratur
1810 3880 1937 3945 nomini
1965 3900 2024 3946 suo
2046 3885 2079 3944 et
2099 3876 2221 3942 oblatio
2249 3875 2390 3942 munda·

373 3965 464 4044 ficio,
492 3966 579 4047 quod
600 3967 636 4030 in
658 3986 754 4031 cruce
776 3966 941 4051 implevit,
971 3967 1177 4049 purgationis
1200 3973 1354 4031 aeternae
1408 3966 1512 4048 Quasi
1546 3989 1626 4033 vero
1664 3989 1786 4047 norum
1825 3968 1868 4030 sit
1902 3973 1961 4030 aut
1996 3963 2166 4030 insolitum
2204 3961 2383 4045 prophetis,

375 4050 444 4115 vim
472 4050 614 4117 1111111111
641 4051 812 4117 fatendum
840 4052 918 4129 erit,
947 4059 1006 4114 aut
1027 4073 1094 4116 uno
1124 4050 1227 4116 semel
1253 4053 1354 4117 sacri·
1407 4076 1509 4137 quum
1530 4053 1571 4118 de
1598 4055 1749 4138 gentium
1768 4053 1937 4120 vocatione
1958 4052 2152 4134 loquuntur,
2180 4047 2385 4131 spiritualem
2484 4110 2486 4112 ,

292 4140 295 4149 ’
374 4135 447 4200 ficio
474 4136 647 4203 Christum
676 4138 712 4201 in
750 4138 861 4201 omnia
894 4136 1023 4201 saecula
1052 4136 1242 4202 demnatum
1272 4159 1351 4202 esse.
1406 4138 1627 4218 Deieultum,
1651 4140 1812 4223 adquam
1832 4138 1906 4202 illas
1929 4138 2120 4213 hortantur,
2141 4140 2279 4198 externo
2301 4133 2384 4215 legis

374 4220 416 4284 Id
444 4230 494 4288 est
522 4223 608 4307 quod
630 4223 710 4288 dicit
736 4223 917 4306 apostolus,
945 4244 1113 4287 summum
1134 4224 1223 4289 1111111
1244 4225 1353 4306 ponti·
1406 4227 1474 4290 ritu
1503 4224 1691 4310 designare,
1720 4247 1785 4308 quo
1811 4224 2004 4289 familiarius
2027 4219 2148 4289 saeculi
2169 4219 2220 4282 sui
2242 4217 2384 4281 homini·

374 4307 471 4374 ficem
492 4307 664 4374 Christum
687 4309 789 4374 semel
815 4329 876 4392 per
902 4308 1158 4373 immolationem
1180 4309 1230 4374 sui
1252 4331 1352 4393 appa·
1405 4311 1467 4378 bus
1497 4312 1682 4378 indicarent
1707 4312 1743 4375 in
1771 4331 1885 4377 veram
1918 4308 2087 4392 religionis
2114 4305 2285 4370 coaeum
2310 4322 2382 4368 esee

375 4395 495 4472 1111111,
529 4394 591 4459 sub
624 4396 938 4462 consummationem
978 4395 1115 4471 saeculi,
1152 4394 1194 4458 ad
1226 4396 1352 4477 peccati
1405 4397 1578 4464 vocandas.
1622 4396 1774 4479 Qualiter
1793 4398 1895 4462 etiam
1920 4396 1956 4459 in
1978 4394 2170 4458 universum
2191 4410 2303 4453 rerum
2323 4408 2381 4455 ve-

375 4480 647 4562 profligationem.
682 4482 783 4546 Item:
805 4480 977 4546 voluntate
999 4480 1065 4545 Dei
1086 4500 1146 4544 nos
1168 4482 1351 4547 sanctifice-
1404 4485 1553 4562 ritatem,
1581 4505 1664 4567 quae
1685 4504 1745 4567 per
1766 4481 1975 4565 evangelium
1997 4476 2144 4542 exhibita
2164 4474 2242 4553 11111,
2265 4475 2382 4541 aetatis

375 4573 426 4627 tos
448 4585 518 4629 esse
540 4587 599 4647 per
618 4567 816 4633 oblationem
835 4567 980 4648 corporis
997 4566 1075 4631 Iesu
1092 4564 1219 4631 Christi
1240 4568 1350 4632 semel.
1405 4592 1483 4635 suae
1509 4571 1600 4655 typis
1627 4570 1810 4635 describere
1837 4566 1951 4632 solent.
2003 4561 2060 4628 Sic
2086 4582 2146 4644 pro
2161 4561 2382 4626 conversione

374 4647 475 4713 Item:
506 4649 677 4717 Christum
708 4675 774 4718 una
795 4652 958 4717 oblatione
985 4653 1022 4716 in
1051 4660 1248 4735 perpetuum
1274 4675 1351 4719 eon·
1404 4656 1446 4722 ad
1467 4657 1658 4734 Dominum,
1681 4676 1854 4722 ascensum
1873 4648 2120 4725 inIerusalem;
2142 4646 2381 4729 1111111111-

375 4754 556 4800 summasse
573 4740 790 4805 sanofificatos
808 4739 1136 4825 (Η1111.9,261110,
1157 4742 1204 4803 10.
1222 4743 1269 4803 14.
1287 4738 1349 4818 16).
1403 4743 1538 4822 ratione,
1561 4763 1738 4807 munerum
1760 4760 1856 4803 omne
1877 4756 1983 4819 genus
2001 4733 2212 4810 oblationem;
2233 4752 2293 4816 pro
2311 4753 2382 4797 am·

375 4817 503 4899 Quibus
541 4820 706 4904 insignem
744 4826 942 4890 sententiam
976 4824 1153 4891 subnectit:
1192 4824 1352 4908 acquisita
1404 4828 1508 4912 pliore
1529 4830 1600 4893 eius
1622 4828 1753 4904 notitia,
1776 4822 1897 4906 quain
1918 4840 2021 4904 regno
2044 4817 2169 4884 Christi
2191 4817 2304 4884 fideles
2323 4816 2382 4883 do-

375 4905 476 4970 semel
502 4907 712 4988 peccatorum
738 4913 944 4989 remissione,
968 4910 1105 4976 ‘nullam
1132 4910 1273 4993 amplius
1299 4933 1352 4975 re-
1404 4914 1506 4979 nandi
1526 4921 1630 4992 erant,
1653 4911 1779 4978 somnia
1800 4915 1834 4973 et
1850 4906 1993 5002 visiones
2014 4912 2149 4987 ponunt
2184 4902 2281 4985 Quod
2302 4923 2382 4988 ergo

375 4997 464 5056 stare
485 4991 691 5056 oblationem.
731 4994 805 5059 Hoc
827 5003 860 5060 et
881 5005 1047 5078 postrema
1068 5017 1129 5060 sua
1149 5017 1230 5062 voce
1250 5003 1283 5061 et
1299 4998 1352 5061 in·
1405 5001 1516 5080 citant,
1540 5000 1635 5066 alteri
1648 4993 1850 5079 1111111119,
1863 4997 1901 5055 21
1918 4992 2020 5074 seqq.)
2034 4990 2190 5057 vaticinio
2202 4989 2309 5054 simile
2321 4996 2381 5068 est,

374 5082 426 5141 ter
442 5076 577 5141 ultimos
594 5076 731 5159 spiritus
751 5077 840 5142 edita
852 5079 1006 5145 Christus
1023 5082 1229 5162 significavit,
1250 5105 1353 5166 quum
1404 5087 1461 5151 ubi
1477 5086 1638 5170 propheta
1655 5081 1695 5145 de
1712 5078 1818 5145 tribus
1836 5078 1993 5144 altaribus
2010 5079 2047 5141 in
2064 5077 2211 5162 hayna
2228 5076 2381 5160 Aegypto

375 5161 471 5228 dixit:
503 5171 766 5230 consummatum
794 5170 844 5227 est
869 5164 999 5245 (Ioanu.
1021 5169 1070 5243 19,
1090 5166 1155 5251 30).
1200 5166 1352 5235 Solemus
1404 5181 1438 5238 et
1454 5171 1578 5237 Iudaea
1594 5166 1757 5250 erigendis
1773 5162 1939 5248 praedicit
1972 5164 2125 5228 Primum
2142 5163 2230 5229 enim
2250 5180 2381 5244 quaero,

375 5255 539 5314 extremae
565 5249 776 5313 morientium
797 5269 893 5314 voces
921 5269 981 5331 pro
1005 5250 1146 5314 oraculis
1168 5252 1351 5318 observare.
1405 5279 1514 5323 annon
1547 5254 1645 5318 huius
1677 5252 1869 5337 prophetiae
1902 5270 1974 5316 com
1996 5249 2177 5314 lamentum
2208 5248 2246 5310 in
2277 5266 2313 5310 re
2360 5265 2381 5309 o

375 5334 529 5401 Christus
549 5336 693 5401 moriens
718 5342 860 5400 11111111
881 5356 947 5399 uno
969 5356 1028 5399 suo
1049 5336 1206 5401 sacrificio
1227 5338 1352 5419 perfec-
1405 5341 1531 5409 Christi
1549 5360 1619 5405 esse
1637 5337 1841 5404 concedant?
1875 5271 2014 5415 Deinilb,
2036 5334 2094 5400 ubi
2112 5334 2180 5399 sint
2201 5331 2303 5397 arae'
2331 5350 2380 5411 11,

374 5427 447 5486 tum
468 5443 538 5488 esse
559 5430 594 5488 et
613 5419 966 5504 impletum‘quidquid
985 5421 1022 5484 in
1043 5420 1183 5486 salutem
1204 5429 1351 5488 nostram
1405 5436 1464 5493 aut
1481 5423 1611 5510 quando
1627 5445 1773 5509 unquam
1790 5425 1858 5491 sint
1874 5421 2023 5488 erectae?
2056 5420 2175 5493 Tertio,
2193 5439 2275 5482 num
2293 5416 2380 5482 exis·

374 5513 455 5573 erat.
505 5507 608 5574 Nobis
634 5508 823 5574 huiusmodi
850 5507 1023 5587 sacrificio,
1059 5507 1152 5573 ouius
1180 5507 1351 5590 perlectio-
1404 5516 1523 5577 timent
1561 5511 1702 5597 singulis
1736 5510 1852 5596 regnis
1887 5508 2045 5575 destinari
2077 5503 2209 5590 singula
2246 5501 2379 5584 templa,

375 5613 452 5658 nem
472 5594 657 5660 luculenter
674 5593 755 5660 adeo
773 5593 1136 5676 commendavitque
1151 5594 1350 5678 imperfecto,
1404 5597 1500 5681 quale
1526 5597 1609 5674 illud
1635 5597 1961 5682 hierosolymitanum
1992 5591 2076 5659 fuit?
2119 5591 2213 5655 Haec
2244 5589 2273 5653 si
2304 5609 2380 5671 per·

243 5732 253 5749 .
374 5699 419 5744 aa
434 5679 611 5748 innumera
626 5682 770 5766 quotidie
788 5701 916 5747 assume
931 5679 1055 5746 licebit?
1082 5677 1226 5762 Quando
1243 5701 1352 5747 11111-
1403 5684 1567 5769 pendunt,
1595 5683 1801 5766 fatebuntur,
1830 5683 1961 5768 opinor,
1989 5677 2183 5763 prophetam
2210 5673 2271 5740 sub
2290 5674 2382 5760 typis
