5600 6809
393 793 455 855 97⁷
671 787 844 853 61611.
889 785 953 852 DE
976 785 1213 854 aarum&
1236 785 1404 854 afflans
1426 787 1492 852 AD
1514 785 1747 856 SALUTEM.
1792 787 1891 855 OAP.
1915 767 1994 855 XV.
2025 789 2122 856 XVI.
2202 872 2215 891 Ι
2335 796 2398 857 978
2489 813 2493 825 ·

390 999 481 1043 16616
517 984 693 1059 1666611116.
750 974 1004 1041 Sacramentum
1049 977 1138 1040 enim
1175 976 1240 1040 nisi
1278 982 1367 1040 certe
1421 982 1500 1053 stus,
1524 983 1758 1060 argumentum
1778 977 1856 1043 hinc
1878 976 1999 1042 ducens
2021 977 2063 1042 ad
2080 979 2294 1044 evincendam
2315 980 2397 1047 fide-

391 1064 483 1129 verbi
504 1064 569 1128 Dei
590 1062 802 1127 fundamento
823 1062 963 1140 nitatur,
987 1062 1027 1127 de
1048 1062 1104 1126 filo
1126 1060 1255 1144 pendet.
1299 1061 1367 1127 Ve-
1420 1061 1501 1126 lium
1527 1062 1807 1128 immortalitatem
1833 1069 1867 1127 et
1893 1065 2165 1128 resurrectionem
2204 1065 2395 1145 Μ61111.22,

390 1171 465 1213 1661
487 1148 566 1232 quid
587 1149 671 1214 6116
692 1148 792 1232 probe
814 1146 1044 1214 animadversa
1064 1147 1222 1212 eiusmodi
1244 1146 1367 1212 calum·
1421 1151 1477 1225 32;
1499 1147 1580 1211 1166.
1601 1151 1651 1226 20,
1671 1147 1737 1232 38).
1781 1148 1895 1231 Neque
1917 1149 2022 1227 enim,
2050 1149 2171 1232 inquit,
2228 1173 2286 1217 eus
2307 1173 2396 1216 mor-

390 1237 481 1299 niam
512 1234 593 1299 falso
623 1256 661 1300 ac
693 1235 803 1315 inique
837 1242 969 1299 sanetae
1001 1234 1137 1298 Domini
1169 1232 1366 1297 ordinationi
1420 1242 1550 1297 tuorum
1572 1232 1711 1312 6616611
1732 1234 1922 1299 viventium.
1956 1232 2067 1314 Quare
2090 1242 2123 1299 et
2140 1235 2265 1301 Paulus
2283 1236 2396 1320 Ephe-
2444 1256 2447 1262 ·

391 1320 478 1384 inuri
508 1319 696 1402 apparebit?
745 1320 977 1401 Disquiramus
1009 1340 1087 1403 6166
1120 1319 1264 1402 primum
1296 1320 1366 1384 eius
1419 1319 1476 1383 siis
1499 1318 1544 1403 (2,
1566 1320 1621 1402 12)
1644 1319 1872 1384 (161666611666
1892 1341 1934 1385 ex
1953 1341 2016 1402 666
2034 1321 2135 1385 exitio
2153 1321 2323 1388 liberasset
2340 1345 2395 1388 666

390 1414 506 1470 611616.
547 1407 593 1470 Ε1
614 1407 642 1470 61
663 1405 795 1488 quidem
817 1405 1008 1484 constiterit,
1032 1406 1101 1473 sola
1122 1405 1295 1468 hominum
1315 1412 1365 1468 16-
1418 1405 1598 1484 Dominus,
1629 1427 1671 1470 ex
1693 1426 1731 1470 66
1753 1406 1839 1488 quod
1860 1406 1896 1469 in
1917 1406 2172 1472 circumcisionis
2201 1406 2314 1474 foedus
2336 1408 2395 1474 ad·

389 1493 541 1556 meritate
569 1493 804 1574 excogitatum,
833 1512 870 1555 oo
892 1491 1004 1557 valere
1025 1492 1127 1568 iusso,
1151 1511 1264 1555 veram
1286 1490 1364 1572 bap-
1417 1491 1508 1556 missi
1530 1511 1598 1554 666
1615 1492 1754 1569 fuerant,
1778 1513 1832 1556 eos
1854 1492 1926 1556 6166
1949 1489 2095 1571 Christe,
2119 1493 2190 1557 sine
2212 1495 2299 1573 Deo,
2323 1496 2396 1561 sine

390 1578 477 1641 tismi
507 1576 766 1642 observationem
793 1577 863 1642 sola
889 1577 953 1642 Dei
980 1576 1151 1643 voluntate
1178 1575 1362 1640 metiamur.
1418 1597 1484 1658 666,
1508 1586 1682 1642 extraneos
1705 1598 1725 1641 a
1745 1577 1950 1642 testamentis
1967 1579 2190 1659 promissionis
2208 1580 2308 1644 fuisse
2329 1580 2396 1645 cel·

390 1660 453 1727 Sin
476 1684 552 1728 vero
580 1672 669 1728 certa
697 1664 774 1726 eiua·
794 1664 967 1727 autoritate
999 1683 1206 1746 nequaquam
1233 1661 1365 1726 destitui
1416 1662 1507 1745 11611,
1541 1684 1624 1745 quae
1662 1664 1771 1726 omnia
1803 1662 1916 1726 foedus
1949 1664 2055 1744 ipsum
2088 1665 2402 1746 comprehendebat.

390 1749 634 1831 comprobatum
661 1750 774 1826 fuerit,
802 1748 984 1814 cavendum
1006 1770 1048 1813 ne
1071 1754 1277 1813 sacrosancta
1299 1747 1363 1812 Dei
1417 1748 1552 1812 Primus
1579 1757 1689 1813 autem
1718 1746 1759 1811 ad
1785 1749 1896 1812 Deum
1922 1768 2086 1826 accessus,
2114 1751 2240 1831 primus
2263 1751 2304 1815 ad
2333 1752 2396 1815 im-

390 1834 541 1899 instituta
562 1834 773 1900 convellenda
799 1835 835 1898 in
861 1835 969 1917 ipsum
995 1855 1122 1917 quoque
1151 1840 1298 1898 autorem
1320 1834 1364 1898 si·
1416 1833 1589 1898 mortalem
1609 1835 1713 1899 vitam
1733 1835 1910 1916 ingressus,
1934 1841 1984 1899 est
2006 1848 2213 1916 peccaterum
2234 1838 2393 1902 remissio.

390 1942 463 1984 mus
485 1921 718 1985 contumeliosi.
1416 1919 1513 1984 Unde
1534 1921 1711 1998 conficitur,
1729 1920 1939 2001 promissioni
1956 1919 2109 2001 baptismi
2127 1920 2168 1984 de
2184 1929 2299 1985 nostra
2315 1944 2396 2004 pur-

475 2010 504 2070 2.
554 2007 722 2089 Principio
744 2005 863 2089 dogma
884 2014 934 2071 est
961 2006 1040 2070 satis
1063 2012 1191 2083 notum,
1221 2011 1254 2068 et
1276 2005 1364 2069 inter
1416 2005 1547 2088 gatione
1575 2006 1661 2070 hane
1686 2005 1891 2093 respondere.
1936 2006 2018 2070 Post
2046 2005 2086 2069 ab
2108 2005 2299 2070 Abrahamo
2324 2007 2394 2072 Do-

389 2092 460 2172 pios
481 2111 594 2156 omncs
615 2092 814 2168 confessum,
839 2098 963 2157 rectam
985 2092 1155 2175 signorum
1178 2090 1362 2157 considera·
1415 2092 1526 2156 minus
1549 2091 1724 2173 stipulatur
1747 2090 1859 2175 (Deut.
1883 2095 1931 2168 10,
1954 2091 2022 2174 16),
2053 2098 2092 2154 ut
2117 2091 2262 2155 ambulet
2283 2094 2394 2158 cerain

389 2178 511 2240 1166616
537 2197 605 2241 666
626 2177 661 2241 16
683 2178 828 2241 externis
846 2177 1009 2242 duntaxat
1031 2177 1244 2243 caeremoniis
1265 2178 1362 2240 sitam
1415 2197 1451 2241 66
1472 2177 1509 2240 16
1529 2178 1715 2242 sinceritate
1737 2182 1770 2241 et
1791 2176 1976 2242 innocentia
1993 2175 2109 2255 cordis,
2132 2177 2219 2258 quod
2242 2177 2284 2241 ad
2304 2199 2393 2242 mor·

389 2283 474 2340 esse,
497 2284 612 2327 verum
634 2283 654 2325 a
675 2263 890 2345 promissione
916 2262 1058 2345 pendere
1081 2264 1301 2346 potissimum,
1324 2283 1362 2328 ae
1414 2263 1627 2328 tilicationem
1656 2262 1801 2344 pertinet
1832 2284 1890 2327 seu
1928 2263 2219 2344 regenerationem.
2271 2263 2321 2328 Ac
2350 2284 2393 2328 ne

388 2349 555 2432 mysteriis
583 2348 822 2431 spiritualibus,
852 2350 968 2431 quibus
994 2349 1176 2432 figmandis
1198 2368 1361 2413 caeremo-
1415 2349 1486 2430 6616
1509 2349 1699 2431 ambigeret,
1722 2349 1751 2412 si
1799 2370 1857 2412 um
1878 2348 2139 2412 mortificationis
2161 2369 2232 2413 esse
2253 2349 2393 2414 circuni·

388 2435 460 2498 nias
481 2435 567 2515 ipsas
589 2435 753 2499 Dominus
775 2434 912 2499 ordinat.
958 2435 1072 2517 Itaque
1095 2437 1151 2518 qui
1178 2433 1361 2517 perdiscere
1415 2435 1580 2511 eisionem,
1604 2435 1714 2499 Moses
1771 2435 1813 2498 'bi
1836 2433 1951 2518 (Dect.
1972 2437 2023 2510 30,
2044 2433 2078 2517 6)
2101 2434 2220 2498 6161166
2238 2434 2391 2517 explieat,

388 2519 528 2583 voluerit
558 2519 636 2602 quid
669 2520 779 2586 valeat
810 2519 1004 2602 baptismus,
1042 2541 1197 2603 quorsum
1229 2526 1361 2602 spectet,
1414 2519 1493 2583 dum
1511 2519 1721 2584 israeliticum
1739 2520 1896 2601 populum
1914 2520 2107 2585 exhortatur
2124 2518 2166 2582 ad
2183 2521 2393 2602 praeputium

389 2604 466 2686 quid
489 2604 626 2687 denique
653 2607 787 2670 omnine
809 2607 865 2684 sit,
894 2629 935 2671 nc
959 2606 1187 2690 cogitationem
1210 2626 1304 2670 suam
1325 2605 1362 2668 in
1414 2604 1520 2669 cordis
1543 2603 1686 2668 Domino
1709 2604 2016 2683 circumcidendum,
2039 2612 2214 2687 propterea
2235 2605 2320 2687 quod
2340 2627 2392 2670 se-

388 2690 550 2754 elemento
572 2691 666 2756 sistat
687 2698 720 2755 et
741 2712 895 2774 corporeo
917 2692 1108 2773 spectaculo,
1131 2691 1188 2756 sed
1210 2712 1281 2755 eam
1304 2712 1361 2773 po·
1414 2691 1518 2755 166166
1546 2692 1590 2754 611
1616 2691 1653 2753 16
1680 2690 1836 2771 66661661
1863 2692 1927 2755 Dei
1950 2712 1992 2755 ex
2020 2690 2171 2754 omnibus
2198 2697 2307 2755 161166
2331 2712 2391 2755 na·

388 2777 453 2840 tius
476 2776 517 2840 ad
539 2776 603 2840 Dei
629 2777 874 2858 promissiones,
903 2799 985 2859 quae
1012 2779 1107 2843 nobis
1130 2777 1197 2841 11116
1219 2778 1361 2841 offerun·
1413 2777 1565 2841 tionibus.
1599 2774 1886 2855 Quemadmodum
1906 2777 2007 2853 Deus,
2031 2775 2086 2839 ubi
2108 2775 2263 2840 Abrahae
2283 2784 2391 2858 poste-

387 2869 451 2935 tur,
475 2861 570 2925 etad
593 2863 765 2940 interiora,
789 2885 871 2945 quac
893 2863 960 2926 illic
982 2870 1286 2946 repraesentantur,
1308 2883 1361 2925 ar·
1413 2863 1546 2925 ritatem
1568 2862 1604 2924 in
1625 2862 1783 2943 populum
1804 2861 1866 2925 sibi
1888 2868 2032 2943 cooptat,
2057 2861 2244 2925 circumcidi
2266 2862 2391 2943 praeei-

387 2967 468 3011 eana
489 2948 602 3030 erigat.
647 2948 740 3013 Haec
762 2950 818 3030 qui
838 2956 943 3027 tenet,
971 2948 1109 3013 solidam
1129 2949 1283 3030 baptismi
1305 2969 1362 3013 16-
1414 2949 1472 3030 611,
1494 2949 1543 3011 116
1563 2949 1673 3012 Moses
1691 2945 1787 3012 corde
1808 2946 1995 3011 circumcidi
2019 2954 2167 3027 oportere
2189 2948 2389 3027 pronuntiat,

387 3033 518 3096 ritatem
546 3041 579 3096 et
605 3042 721 3111 totam,
751 3043 790 3096 ut
817 3035 864 3098 116
891 3033 1020 3116 166661,
1050 3036 1120 3099 6166
1143 3034 1362 3099 substantiam
1415 3053 1573 3097 enarrans
1600 3033 1723 3097 scilieet
1750 3054 1833 3113 quae
1861 3033 1905 3095 sit
1930 3032 2027 3096 istius
2056 3030 2196 3095 earnalis
2219 3033 2390 3097 eircumci-

387 3126 437 3183 est
459 3126 651 3200 assequutus
658 3143 665 3196 ;
690 3128 787 3201 atque
807 3118 883 3183 inde
905 3122 1003 3184 611661
1025 3119 1193 3185 docebitur
1214 3140 1298 3202 quae
1319 3119 1362 3183 sit
1415 3120 1515 3184 sionis
1537 3121 1667 3184 1611166.
1710 3116 1849 3196 Deinde,
1878 3140 1920 3182 66
1944 3118 2016 3200 6616
2039 3116 2081 3180 ad
2103 3137 2176 3179 eam
2197 3117 2265 3180 suis
2287 3117 2391 3199 ipsius

387 3203 470 3267 ratio
499 3205 626 3286 etquis
654 3226 733 3270 usus
761 3213 918 3269 externae
945 3207 1150 3289 aspersionis.
1202 3206 1360 3283 Rursum,
1415 3204 1539 3269 viribus
1576 3203 1771 3281 eniteretur,
1804 3224 1885 3285 opus
1921 3203 2047 3285 gratiae
2080 3200 2145 3265 Dei
2186 3223 2256 3265 6666
2288 3201 2390 3266 (16661

387 3289 444 3370 661
467 3288 519 3354 his
540 3292 752 3372 contemptim
772 3291 972 3372 praeteritis,
998 3291 1116 3356 visibili
1138 3291 1361 3356 caeremoniae
1413 3292 1506 3355 Haec
1528 3291 1639 3354 omnia
1659 3290 1755 3354 toties
1773 3309 1793 3352 6
1810 3289 1979 3372 prophetis
1996 3287 2212 3363 inculcantur,
2231 3295 2268 3350 ut
2287 3287 2393 3352 multa
2467 3372 2470 3377 .

386 3382 533 3438 mentem
554 3377 685 3456 6661166
706 3377 839 3440 affixam
868 3376 1021 3441 habuerit
1040 3385 1074 3441 61
1095 3377 1276 3460 alligatam,
1300 3397 1361 3442 666
1414 3378 1479 3441 hue
1502 3376 1691 3440 testimonia
1712 3395 1888 3457 congerere
1909 3395 1977 3438 non
2004 3374 2047 3437 sit
2068 3393 2150 3455 opus
2171 3394 2255 3453 quae
2276 3379 2392 3454 sponte
2461 3378 2464 3385 '

386 3461 464 3537 1116,
487 3481 548 3524 666
569 3462 800 3544 proprietatem
822 3462 974 3544 baptismi
997 3463 1171 3545 intelliget,
1200 3483 1306 3544 66666
1327 3461 1361 3524 id
1414 3463 1536 3545 passim
1563 3468 1747 3524 6661111661.
1790 3461 1962 3525 Habemus
1990 3458 2392 3542 61666611116616111616-

387 3544 533 3627 quidem,
566 3546 644 3628 quid
672 3548 733 3611 sibi
755 3569 840 3630 aqua
862 3548 955 3627 velit,
986 3557 1043 3612 661
1064 3569 1162 3630 66616
1183 3569 1280 3612 66616
1301 3547 1361 3611 ha·
1414 3547 1602 3612 missionem
1629 3547 1664 3609 in
1693 3546 1939 3612 circumcisione
1961 3544 2109 3628 patribus
2132 3543 2262 3620 editam,
2285 3544 2391 3626 qualis

387 3629 470 3695 beat.
522 3630 616 3712 Quae
649 3634 811 3698 sententia
848 3635 996 3716 pluribus
1028 3641 1061 3698 et
1093 3632 1362 3698 luculentioribus
1413 3634 1449 3696 in
1472 3632 1633 3715 baptismo
1650 3631 1743 3697 nobis
1762 3631 1875 3712 datur;
1897 3629 2160 3714 quandoquidem
2180 3639 2391 3711 peecatorum

387 3717 566 3799 scripturae
585 3719 780 3783 testimoniis
801 3721 1010 3802 comprobata
1031 3727 1090 3799 est,
1112 3740 1211 3801 quam
1233 3725 1270 3781 ut
1290 3718 1362 3782 lon·
1414 3718 1641 3783 remissionem
1667 3725 1701 3782 et
1727 3718 1836 3783 earnis
1863 3717 2147 3782 mortificationem
2175 3714 2240 3779 illis
2267 3717 2390 3798 figura·

389 3802 462 3883 gius
484 3826 557 3867 eam
578 3805 613 3867 16
640 3826 796 3886 61666666
816 3807 967 3888 persequi
988 3805 1191 3870 6666666611
1237 3802 1362 3887 Super·
1415 3805 1471 3870 vit
1515 3804 1701 3883 Praeterea,
1725 3812 1761 3868 ut
1777 3804 2028 3868 fundamentum
2048 3801 2200 3883 baptismi
2219 3799 2390 3868 Christum

389 3893 439 3950 est
461 3910 538 3970 6166
560 3890 627 3952 1661
648 3898 686 3953 61
707 3912 749 3955 ex
770 3890 1040 3973 promissionibus
1062 3893 1097 3955 in
1118 3891 1281 3972 baptismo
1304 3889 1361 3953 da·
1414 3911 1486 3955 esse
1513 3889 1696 3968 docuimus,
1729 3891 1765 3953 in
1791 3911 1855 3972 quo
1881 3898 2059 3971 utrumque
2092 3889 2232 3951 istorum
2258 3888 2389 3967 residet,

389 3974 431 4036 116
457 3994 647 4054 quaeamus
672 3998 755 4058 61166
783 3978 833 4041 116
863 3977 932 4041 6166
955 3978 998 4041 611
1019 3987 1052 4040 61
1073 3986 1202 4040 661616.
1249 3973 1360 4058 Scrip-
1414 3977 1461 4040 116
1482 3983 1516 4039 61
1536 3976 1789 4041 circumcisionis
1810 3997 1880 4040 6666
1903 3983 2037 4040 constat.
2077 3974 2153 4055 1666
2176 3973 2265 4037 66116
2281 3974 2390 4040 Abra·

388 4071 464 4123 1616
496 4058 655 4137 ostendit,
689 4058 895 4142 peecatorum
932 4063 1177 4146 purgationem,
1211 4083 1310 4144 quam
1341 4082 1361 4122 a
1415 4062 1478 4127 hae
1499 4061 1709 4143 promittitur,
1733 4068 1831 4143 atquc
1853 4061 1980 4143 inipso
2000 4061 2148 4143 gentium
2166 4059 2313 4123 omnium
2335 4061 2390 4125 be-

388 4144 515 4209 Ohristi
537 4146 696 4227 sanguine
718 4146 911 4225 obtinemus,
935 4148 989 4211 hic
1006 4149 1112 4231 primo
1134 4146 1359 4212 demonstrari.
1414 4146 1566 4212 nedictio.
1622 4144 1704 4231 (1111,
1718 4147 1841 4230 gratioe
1878 4146 2100 4229 obsignandas
2135 4145 2389 4211 circumcisionis

386 4229 516 4295 Deinde
534 4231 641 4295 carnis
658 4232 950 4311 mortificationem,
969 4253 1052 4315 quae
1069 4235 1184 4297 mortis
1199 4235 1268 4297 6166
1285 4253 1361 4315 661-
1414 4234 1546 4318 6166661
1569 4231 1709 4297 additur.

387 4317 575 4399 tioipatione
597 4326 733 4395 constat,
756 4340 933 4400 perquam
950 4319 986 4381 in
1005 4320 1091 4383 11166
1112 4321 1292 4383 6611161616
1310 4340 1362 4382 re·
1501 4325 1529 4381 4.
1575 4318 1649 4383 1616
1674 4318 1764 4382 66116
1792 4318 1923 4402 6666116
1951 4317 2062 4382 videre
2090 4323 2155 4391 est,
2185 4313 2263 4395 quid
2286 4314 2392 4380 simile

387 4413 587 4484 6666166161
620 4403 748 4480 fideles,
781 4411 878 4486 atque
907 4404 986 4467 adeo
1019 4403 1143 4468 Christi
1181 4405 1361 4469 societatem.
1415 4405 1458 4469 sit
1478 4405 1515 4468 in
1537 4404 1590 4469 his
1612 4402 1739 4469 duobus
1761 4405 1879 4488 signis,
1907 4412 1965 4467 aut
1987 4401 2067 4485 quid
2086 4399 2262 4464 diversum.
2308 4400 2391 4464 Pro·

388 4487 442 4551 Ad
464 4489 549 4554 hanc
570 4512 733 4555 summam
761 4491 873 4554 referri
896 4497 1005 4573 potest
1025 4488 1183 4572 quidquid
1204 4491 1239 4553 in
1261 4490 1362 4571 scrip-
1415 4491 1541 4566 missio,
1572 4491 1607 4554 in
1628 4510 1693 4572 qua
1719 4490 1889 4573 signorum
1911 4489 2067 4555 virtutem
2090 4485 2267 4551 consistere
2289 4505 2391 4568 expo·

389 4574 471 4636 turis
504 4574 544 4638 de
575 4577 737 4659 baptismo
769 4575 928 4640 traditum
956 4582 1020 4654 est;
1053 4575 1115 4639 nisi
1148 4575 1235 4656 quod
1263 4574 1362 4639 611616
1416 4577 1609 4654 6111616616
1632 4584 1771 4658 utroque
1793 4597 1860 4640 una
1881 4585 1947 4653 est,
1970 4595 2088 4656 nempe
2104 4571 2234 4650 66161111
2256 4568 2321 4634 Dei
2340 4572 2392 4653 fa·

388 4667 557 4738 praeterea
595 4662 764 4727 testandae
802 4662 887 4745 apud
926 4661 1076 4726 homines
1114 4660 1281 4744 religionis
1314 4669 1363 4725 est
1414 4663 1514 4740 66116,
1536 4663 1738 4727 remissionis
1759 4668 1981 4744 peccatorum,
2007 4660 2094 4724 vitae
2115 4666 2275 4720 aeternae.
2321 4655 2390 4720 De·

388 4744 565 4823 apatheiam.
1416 4747 1493 4811 inde
1521 4769 1574 4812 res
1601 4750 1744 4831 figurata
1771 4749 1871 4812 etiam
1899 4767 1967 4811 una
1993 4745 2168 4819 61666661,
2197 4761 2315 4823 nempe
2338 4762 2389 4806 re·

476 4834 503 4892 3.
544 4827 706 4910 Quoniam
724 4845 834 4899 autem
853 4843 930 4899 ante
947 4835 1136 4900 institutum
1154 4833 1361 4915 baptismum,
1416 4834 1591 4916 generatio.
1636 4833 1906 4899 Fundamentum
1926 4852 1990 4915 quo
2011 4831 2149 4895 istarum
2170 4847 2281 4890 rerum
2302 4848 2391 4892 com-

389 4915 459 4977 61116
482 4915 566 4991 vice,
599 4918 719 4999 populo
747 4920 812 4984 Dei
838 4921 1039 4987 circumcisio
1068 4928 1153 4998 erat,
1177 4917 1256 5002 quid
1277 4920 1363 4983 inter
1415 4919 1621 5001 plumentum
1641 4922 1770 4999 nititur,
1793 4921 1829 4983 16
1852 4927 1990 5002 6116666
2012 4938 2126 4980 66661.
2171 4911 2284 4992 Quare
2306 4911 2392 4977 nihil

389 5021 423 5062 se
452 4997 619 5079 differant,
652 5012 685 5065 61
717 5024 780 5082 6116
812 5007 1025 5071 similitudine
1053 5007 1249 5071 conveniant
1282 5005 1363 5070 haee
1415 5005 1451 5069 in
1472 5005 1628 5090 mysterio
1648 5006 1804 5069 interiore
1825 5013 1876 5070 est
1897 5002 2102 5080 discriminis,
2124 5022 2142 5063 e
2164 5020 2227 5081 quo
2249 5006 2317 5062 teta
2339 5019 2391 5063 sa·

301 5083 308 5107 ’
390 5084 453 5149 duo
475 5085 583 5167 signa,
612 5086 837 5168 inspiciamus:
866 5091 952 5155 unde
979 5101 1092 5172 pateat
1112 5114 1194 5172 quae
1217 5093 1260 5157 sit
1281 5091 1363 5156 alte·
1416 5099 1657 5156 crementorum
1672 5091 1721 5154 116
1739 5098 1773 5153 61
1789 5092 1973 5172 proprietas
1991 5085 2193 5154 aestimanda
2211 5092 2269 5148 est.
2297 5082 2391 5163 Quae

389 5172 457 5235 rius
479 5171 520 5235 ad
547 5172 687 5235 alterum
714 5192 868 5254 anagoge.
913 5175 978 5238 Ubi
1004 5174 1167 5240 Dominus
1194 5177 1363 5241 circumci-
1415 5184 1519 5242 166161
1538 5172 1777 5251 dissimilitudo,
1795 5196 1833 5237 ea
1851 5176 1887 5237 in
1905 5176 2108 5240 caeremonia
2119 5171 2280 5237 exteriore
2297 5170 2390 5248 iacet,

389 5259 515 5322 sionem
543 5258 697 5322 Abrahae
726 5257 920 5322 servandam
952 5259 1103 5337 mandat,
1134 5262 1301 5342 praefatur
1329 5284 1363 5327 66
1415 5284 1499 5345 6666
1529 5259 1667 5322 minima
1700 5265 1750 5322 661
1777 5259 1898 5338 661116;
1932 5283 2034 5342 66661
2066 5259 2235 5343 potissima
2266 5275 2343 5338 pars
2371 5276 2392 5319 a

388 5343 437 5407 illi
470 5353 503 5408 et
534 5345 651 5409 semini
683 5343 773 5408 illius
799 5343 834 5406 in
863 5345 972 5408 Deum
998 5344 1082 5422 fore,
1115 5344 1238 5409 addens
1264 5367 1364 5427 penes
1389 5358 1392 5490 Ι
1416 5345 1630 5429 promissione
1659 5351 1693 5407 et
1719 5364 1755 5407 re
1782 5344 1912 5423 signata
1939 5346 2089 5425 pendeat
2134 5345 2249 5425 Itaque
2271 5339 2391 5404 consti·

388 5450 425 5493 se
446 5431 649 5495 affluentiam
669 5430 962 5512 sufficientiamque
984 5449 1055 5493 6666
1076 5450 1189 5493 161661
1206 5431 1363 5510 omnium,
1417 5441 1509 5495 tuere
1527 5429 1612 5503 lieet,
1636 5427 1792 5511 quidquid
1810 5429 2049 5493 circumcisioni
2067 5430 2230 5505 convenit,
2248 5424 2290 5489 ad
2311 5425 2391 5508 bap-

388 5536 453 5596 666
474 5515 643 5580 Abraham
660 5536 797 5580 manum
814 5516 893 5594 6166,
917 5515 1021 5579 6161116
1038 5515 1115 5580 boni
1132 5515 1364 5597 scaturiginem
1417 5518 1552 5579 tisinum
1582 5513 1680 5577 simul
1706 5514 1884 5596 pertinere,
1913 5523 2048 5593 excepta
2069 5515 2206 5578 risibilis
2228 5531 2393 5576 caeremo-

389 5601 457 5664 fore
478 5601 539 5665 sibi
562 5601 703 5667 duceret.
737 5601 865 5681 Quibus
887 5603 996 5667 verbis
1014 5607 1166 5665 aeternae
1184 5600 1271 5664 11166
1289 5621 1364 5682 616·
1415 5601 1489 5663 6166
1512 5599 1705 5662 differentia.
1747 5599 1802 5664 Ad
1822 5600 1907 5665 hane
1928 5617 2101 5680 anagogen
2123 5606 2157 5661 61
2179 5598 2392 5679 comparatio·

390 5686 500 5751 missio
517 5689 714 5753 continetur:
734 5685 1009 5770 quemadmodum
1019 5685 1364 5769 interpretaturOhri·
1416 5704 1493 5748 nem
1520 5704 1581 5748 666
1607 5705 1709 5749 61666
1736 5686 1826 5752 (16611
1858 5684 1995 5768 apostoli
2021 5681 2147 5765 regula,
2175 5703 2240 5764 qua
2261 5703 2396 5750 omnem

493 5787 605 5844 0616161
615 5806 707 5859 opera.
745 5788 865 5846 V0t11.
2156 5782 2190 5836 62
