5600 6809
995 780 999 787 -
1040 680 1636 802 ΙΝΒΉΤΠΦΙΟ’111111.οΗΒ151.
1662 738 1753 797 1559.

393 745 476 808 1075
2317 737 2403 798 1076

392 938 431 997 ut
457 950 516 1013 per
537 926 706 993 vinculum
732 927 821 1009 pacis
850 926 1003 1009 spiritum
1030 932 1181 991 sanctum
1209 925 1274 989 illis
1301 925 1370 988 Do·
1423 931 1504 988 tum.
1550 925 1650 988 Hunc
1678 923 1827 987 ordinem
1849 923 1886 986 in
1902 921 2032 1004 publica
2058 921 2261 1004 poenitentia
2288 921 2402 987 obser-

393 1017 503 1082 minus
524 1013 693 1096 largiatur.
739 1011 905 1092 Quoniam
933 1019 1044 1076 autem
1066 1009 1243 1076 absurdum
1265 1009 1370 1075 videri
1424 1010 1555 1087 rabant,
1574 1011 1686 1093 utqui
1703 1007 1858 1073 iniunctis
1876 1008 1937 1073 sibi
1956 1008 2230 1073 satisfactionibus
2252 1005 2403 1073 defuncti

393 1107 523 1186 poterat
549 1120 707 1162 manuum
735 1099 978 1180 impositionem
1004 1097 1109 1179 repeti
1141 1097 1371 1178 potiusquam
1424 1104 1533 1173 erant,
1564 1095 1693 1159 solenni
1720 1115 1838 1158 manus
1865 1094 2071 1176 impositione
2099 1093 2401 1159 reconciliarentur.

392 1187 605 1269 baptismum,
629 1183 803 1249 discrimen
826 1182 977 1248 ostendit.
1023 1181 1112 1262 Quid
1134 1183 1231 1260 enim,
1255 1182 1370 1263 inquit,
1424 1180 1619 1267 Symbolum
1649 1180 1733 1244 illud
1755 1187 1826 1245 erat
1847 1179 2073 1258 absolutionis,
2096 1200 2158 1263 quo
2181 1179 2300 1261 etipse
2321 1200 2403 1262 pec·

394 1271 484 1337 aliud
505 1277 555 1335 est
575 1290 735 1333 manuum
757 1270 930 1353 impositio,
954 1290 1053 1350 quam
1070 1269 1173 1332 oratio
1194 1289 1292 1350 super
1312 1268 1371 1331 ho·
1423 1275 1513 1334 cator
1531 1267 1718 1350 erigebatur
1739 1270 1849 1332 coiam
1866 1267 1939 1330 Deo
1957 1266 2073 1330 veniae
2094 1265 2223 1343 fiducia,
2240 1270 2279 1329 et
2294 1266 2403 1330 eecle-

393 1356 538 1422 miuem?
584 1356 693 1438 Atque
716 1356 804 1420 hunc
826 1376 897 1420 esse
919 1376 1051 1419 sensum
1074 1375 1115 1417 ex
1138 1354 1240 1418 altero
1263 1354 1332 1418 loco
1346 1353 1370 1436 ¹)
1423 1354 1473 1417 sia
1500 1352 1738 1417 admonebatur
1760 1359 1799 1416 ut
1818 1373 1893 1416 eum
1922 1351 2078 1435 benigne,
2109 1351 2230 1416 abolita
2257 1351 2403 1415 offensae

395 1450 546 1526 apparet,
577 1442 634 1506 ubi
662 1440 753 1518 dicit,
784 1447 917 1523 propter
944 1440 1089 1506 caritatis
1122 1439 1370 1521 copulationem,
1423 1439 1596 1516 memoria,
1624 1439 1659 1502 in
1689 1439 1829 1521 gratiam
1860 1438 2026 1520 reciperet.
2077 1438 2150 1501 Hoc
2173 1436 2363 1521 Cyprianus
2376 1437 2403 1520 ¹)

395 1528 483 1612 quod
500 1533 551 1592 est
572 1529 754 1590 maximum
776 1526 898 1590 donum
917 1527 1052 1608 spiritus
1074 1527 1187 1604 sancti,
1213 1527 1283 1589 sine
1306 1544 1371 1607 quo
1425 1544 1659 1606 saepenumero
1687 1523 1845 1607 appellat,
1868 1544 1982 1606 pacem
2005 1523 2092 1587 dare.
2138 1521 2212 1602 Quo
2235 1529 2347 1587 autem
2369 1532 2404 1586 et

395 1636 463 1679 non
491 1612 605 1679 valent
633 1611 675 1677 ad
701 1611 841 1676 salutem
864 1632 1076 1694 quaecunque
1105 1610 1171 1675 ohe
1194 1618 1308 1677 sancta
1336 1610 1372 1673 in
1425 1611 1557 1694 gravior
1579 1615 1679 1688 esset,
1703 1618 1737 1673 et
1763 1609 1836 1692 plus
1864 1607 2153 1674 commendationis
2186 1608 2274 1690 apud
2294 1628 2402 1690 popu-

391 1700 530 1764 ‘homine
564 1699 700 1775 fuerint,
743 1718 862 1761 manus
907 1698 1079 1762 haereticis
1118 1698 1271 1761 correctis
1310 1698 1372 1759 im·
1425 1696 1495 1759 lum
1516 1694 1651 1760 haberet
1672 1697 1737 1760 ista
1759 1695 1857 1774 actio,
1883 1695 2099 1769 constitutum
2123 1694 2186 1758 fuit
2212 1701 2249 1758 ut
2271 1715 2404 1777 semper

397 1786 538 1868 ponitur.
802 1846 805 1853 ,
1425 1781 1567 1863 episcopi
1595 1782 1752 1846 autoritas
1779 1781 1833 1846 hic
1857 1780 2082 1845 intercederet.
2127 1780 2216 1845 Hinc
2238 1778 2322 1844 illud
2346 1778 2403 1844 de-

367 1945 371 1951 ,
486 1873 533 1932 13.
578 1868 715 1933 Utinam
747 1889 825 1933 vero
856 1888 982 1932 morem
1024 1869 1240 1933 retineremus
1274 1888 1373 1949 quem
1426 1874 1551 1930 cretum
1578 1867 1707 1931 concilii
1730 1865 1992 1950 carthaginensis
2017 1864 2165 1931 secundi:
2188 1865 2403 1930 reconciliare

398 1954 486 2038 apud
514 1960 640 2020 veteres
667 1954 767 2019 fuisse
796 1954 968 2033 admonui,
997 1954 1189 2036 priusquam
1226 1952 1374 2017 abortiva
1424 1951 1552 2035 publice
1574 1953 1796 2034 poenitentem
1818 1953 1855 2014 in
1874 1953 1976 2016 missa
1992 1951 2182 2035 presbytero
2203 1971 2272 2015 uon
2293 1951 2402 2015 liceat

397 2040 479 2104 haec
507 2040 704 2104 sacramenti
733 2040 826 2104 larva
853 2050 1043 2105 nasceretur
1050 2063 1057 2118 ;
1087 2060 1155 2102 non
1185 2040 1259 2122 ut2)
1288 2045 1374 2103 esset
1425 2039 1471 2101 Et
1488 2038 1630 2102 alterum
1647 2037 1775 2103 concilii
1793 2037 1991 2102 arausicani:
2011 2038 2067 2119 qui
2084 2036 2305 2118 poenitentiae
2316 2045 2404 2101 tem-

398 2126 602 2192 oonfirmatio
625 2125 699 2189 talis
719 2126 849 2208 qualem
871 2125 927 2190 isti
944 2128 1085 2208 fingunt,
1105 2146 1187 2206 quae
1206 2125 1276 2188 sine
1294 2123 1373 2205 bap·
1425 2145 1503 2207 pore
1527 2144 1568 2187 ex
1586 2122 1649 2188 hac
1665 2124 1736 2188 vita
1763 2123 1923 2207 migrant,
1946 2122 2018 2187 sine
2046 2121 2304 2187 reconciliatoria
2332 2143 2404 2185 ma·

399 2211 487 2275 tismi
514 2211 634 2274 iniuria
665 2232 726 2276 nec
749 2212 913 2275 nominari
948 2219 1070 2294 potest;
1100 2210 1157 2274 sed
1185 2210 1371 2288 catechesis,
1425 2232 1488 2274 nus
1520 2210 1724 2291 impositione
1752 2207 1795 2274 ad
1822 2209 2083 2275 communionem
2115 2208 2345 2287 admittantur3
2375 2208 2405 2273 si

399 2318 463 2381 qua
490 2297 585 2379 pueri
607 2304 666 2360 aut
693 2296 929 2362 adolescentiae
955 2296 1096 2379 proximi
1124 2296 1201 2360 fidei
1224 2316 1303 2359 suae
1320 2315 1372 2357 ra-
1426 2294 1628 2360 revaluerint
1648 2316 1689 2359 ex
1711 2295 1833 2374 morbo,
1857 2300 1946 2360 stent
1965 2295 2002 2358 in
2019 2294 2132 2358 ordine
2152 2294 2402 2377 poenitentium,

400 2384 521 2447 tionem
556 2403 664 2448 coram
699 2382 835 2446 ecclesia
867 2390 1077 2466 exponerent.
1131 2383 1231 2446 Esset
1264 2389 1373 2445 autem

399 2469 523 2551 optima
544 2467 767 2533 catechizandi
788 2468 880 2547 ratio,
899 2469 927 2532 si
949 2468 1088 2532 formula
1108 2468 1144 2531 in
1166 2468 1256 2530 hunc
1276 2488 1373 2531 usum

398 2555 582 2634 conscripta
604 2559 703 2631 esset,
731 2574 896 2618 summam
923 2554 1095 2619 continens
1115 2559 1149 2617 et
1169 2552 1374 2617 familiariter

399 2639 568 2721 explicans
595 2640 743 2701 omnium
756 2639 840 2703 ”fere
866 2639 1035 2722 religionis
1061 2646 1192 2702 nostrae
1220 2638 1372 2719 capitum,

399 2725 436 2788 in
457 2744 540 2805 quae
567 2724 722 2788 universa
750 2724 898 2788 fidelium
927 2725 1062 2790 ecclesia
1087 2724 1271 2789 consentire
1304 2724 1374 2788 siue

398 2809 620 2874 controversia
638 2806 743 2873 debet.
776 2810 866 2874 Puer
883 2809 1036 2875 decennis
1053 2810 1206 2875 ecclcsiae
1225 2830 1259 2873 se
1278 2809 1374 2873 offer·

400 2900 452 2958 ret
479 2893 521 2957 ad
553 2893 712 2958 edendam
745 2894 821 2959 fidei
854 2896 1102 2975 confessionem
1135 2902 1307 2979 rogaretur
1334 2892 1375 2958 de

366 2978 369 2982 ’
401 2979 539 3062 singulis
567 2978 741 3061 capitibus,
765 2980 806 3044 ad
835 2981 966 3065 singula
993 2981 1219 3064 responderet;
1247 2977 1376 3062 siquid

400 3065 582 3148 ignoraret,
615 3073 672 3128 aut
698 3066 809 3132 minus
844 3067 1058 3151 intelligeret,
1095 3066 1274 3131 doceretur.
1323 3065 1377 3130 Ita

400 3151 548 3228 unicam,
570 3171 683 3214 veram
705 3159 738 3215 et
759 3153 920 3216 sinceram
947 3153 1055 3232 fidem,
1090 3174 1154 3236 qua
1174 3151 1377 3216 unanimiter

400 3235 510 3300 Deum
530 3256 636 3298 unum
664 3236 742 3301 colit
768 3237 915 3302 fidelium
941 3239 1096 3320 populus,
1126 3245 1209 3303 teste
1230 3244 1265 3302 et
1285 3258 1376 3320 spoc-

400 3327 493 3386 tante
511 3320 646 3386 ecclesia
667 3323 883 3403 profiteretur.
929 3324 1022 3389 Haec
1043 3322 1214 3406 disciplina
1235 3324 1263 3386 si
1280 3322 1377 3387 hodie

399 3407 534 3484 valeret,
552 3408 696 3489 profecto
714 3416 889 3491 parentum
907 3409 1113 3491 quorundam
1131 3409 1265 3493 ignavia
1282 3429 1385 3480 acue,

400 3499 502 3570 retur,
524 3492 581 3573 qui
601 3491 779 3558 liberorum
801 3494 1049 3574 institutionem,
1073 3497 1167 3578 quasi
1188 3516 1258 3559 rem
1280 3494 1378 3558 nihili

401 3577 443 3642 ad
461 3599 496 3642 se
514 3578 743 3660 pertinentem,
767 3601 880 3645 secure
901 3580 1084 3665 negligunt,
1103 3602 1201 3663 quam
1219 3589 1290 3645 tum
1308 3580 1377 3644 sine

400 3663 530 3745 publico
552 3661 709 3728 dedecore
730 3667 879 3730 omittere
901 3686 968 3730 non
989 3674 1129 3750 possent.
1164 3667 1271 3731 Maior
1292 3671 1379 3730 esset

403 3749 440 3811 in
457 3748 576 3831 populo
602 3749 779 3815 christiano
796 3750 873 3816 fidei
890 3773 1076 3831 consensus,
1095 3772 1156 3818 nec
1178 3758 1271 3816 tanta
1292 3751 1378 3815 mul·

404 3837 514 3897 torum
536 3833 666 3900 inscitia
687 3845 720 3899 et
740 3836 867 3902 ruditas
873 3861 882 3917 ;
904 3858 973 3902 non
994 3837 1075 3902 adeo
1097 3844 1222 3903 temere
1244 3836 1378 3921 quidam

405 3919 501 3984 novis
523 3927 557 3982 et
578 3922 760 4004 peregrinis
783 3922 989 4005 dogmatibus
1008 3925 1249 4006 abriperentur-3
1273 3923 1378 3987 omni-

405 4003 467 4068 bus
495 4002 636 4087 denique
662 4014 747 4071 esset
780 4008 940 4091 quaedam
975 4010 1067 4075 velut
1099 4008 1276 4074 methodus
1303 4008 1378 4075 doc-

404 4089 513 4156 trinae
536 4089 744 4158 christianae.

555 4353 560 4366 .
681 4297 745 4363 Du
766 4295 1092 4366 POENIuaNuIA.

494 4439 541 4499 14.
583 4435 742 4500 Proximo
770 4434 840 4502 loco
875 4443 1026 4503 statuunt
1057 4437 1310 4520 poenitentiam,
1339 4435 1381 4502 de

404 4539 469 4601 qua
496 4521 543 4586 sic
575 4522 709 4587 confuse
735 4529 770 4585 et
796 4522 985 4604 perturbate
1021 4522 1204 4602 dissenrnt,
1231 4530 1270 4587 ut
1295 4523 1380 4587 nihil

404 4606 485 4670 certi
512 4626 573 4672 nec
600 4607 696 4671 solidi
724 4628 765 4671 ex
791 4628 906 4671 eorum
934 4607 1081 4672 doctrina
1103 4609 1226 4674 referre
1253 4611 1381 4692 possint

404 4692 631 4757 conscientiae.
676 4692 745 4757 Nos
781 4693 845 4757 alio
877 4693 962 4772 loco,
992 4713 1074 4775 quae
1108 4693 1147 4758 de
1175 4695 1379 4777 poenitentia

405 4774 621 4843 didiceramus
649 4798 690 4841 ex
719 4778 904 4860 scripturis,
934 4785 1006 4843 tum
1027 4778 1144 4843 deinde
1173 4780 1252 4861 quid
1274 4788 1307 4845 et
1329 4781 1378 4845 illi

405 4860 556 4940 doceant,
580 4863 706 4945 prolixe
735 4865 974 4943 enarravimus;
1002 4863 1146 4930 nuncid
1168 4872 1298 4929 tantum
1319 4888 1378 4931 no-

405 4944 460 5010 bis'
484 4948 713 5030 attingendum
747 4949 825 5028 erit,
853 4950 931 5033 quid
952 4951 1090 5017 rationis
1111 4949 1295 5029 habuerint,
1321 4953 1377 5034 qui

404 5031 587 5113 opinionem
606 5033 646 5097 de
664 5041 876 5114 sacramento,
894 5037 1033 5118 quae-in
1050 5037 1181 5120 templis
1203 5054 1241 5102 ac
1258 5036 1378 5102 scholis

404 5113 462 5180 diu
479 5118 618 5183 antehac
630 5121 789 5203 regnavit,
804 5122 998 5187 excitarunt
1027 5121 1146 5187 Dicam
1157 5130 1268 5188 tamen
1285 5123 1377 5205 prius

403 5201 527 5286 aliquid
548 5203 691 5272 breviter
709 5205 748 5270 de
765 5207 886 5272 veteris
908 5208 1060 5272 ecclesiae
1078 5208 1154 5287 ritu,
1173 5210 1265 5274 cuius
1282 5229 1376 5290 prae-

403 5295 497 5354 textu
514 5289 607 5356 abusi
625 5298 702 5356 sunt
719 5291 768 5355 illi
786 5293 828 5356 ad
846 5291 1076 5357 stabiliendum
1095 5315 1192 5358 suum
1213 5314 1376 5360 commen·

404 5469 607 5481 ——..—.....⁴

474 5579 502 5643 1)
522 5581 596 5632 Libr.
615 5580 639 5632 5.
658 5597 680 5632 c.
699 5579 740 5633 23.
794 5580 824 5645 2)
842 5597 894 5633 non
914 5583 1089 5636 animasset:
1108 5584 1269 5637 recentiores
1286 5601 1377 5639 omncs

402 5643 467 5698 inde
484 5651 503 5700 'a
521 5646 596 5700 1590.

1426 2381 1649 2463 completoque
1670 2387 1816 2462 tempore
1838 2381 2128 2445 reconciliatoriam
2149 2400 2267 2444 manus
2295 2381 2402 2462 impo-

1425 2466 1578 2531 sitionem
1601 2466 1809 2549 abepiscopo
1830 2466 1998 2548 accipiant
2031 2466 2117 2529 Item
2140 2464 2404 2548 carthaginensis

1425 2552 1527 2616 tertii:
1551 2549 1722 2637 presbyter
1744 2553 1816 2617 sine
1838 2559 2013 2616 autoritate
2035 2552 2176 2634 episcopi
2198 2571 2266 2614 non
2287 2572 2403 2616 recon-

1427 2638 1516 2703 ciliet
1544 2639 1774 2720 poenitentem.
1819 2639 1912 2703 Haec
1945 2639 2055 2702 omnia
2076 2658 2114 2701 eo
2136 2637 2336 2720 spectabant,
2360 2659 2403 2701 ne

1427 2724 1530 2788 nimia
1549 2723 1703 2787 facilitate
1725 2726 1883 2789 severitas
1904 2744 2003 2805 quam
2025 2724 2148 2788 servari
2170 2723 2206 2785 in
2224 2743 2263 2786 ea
2283 2744 2321 2786 re
2342 2744 2402 2789 vo-

1426 2810 1539 2874 lebant
1578 2809 1802 2874 collaberetur.
1858 2810 2058 2892 Episcopum
2090 2829 2167 2891 ergo
2201 2810 2402 2893 cognitorem

1427 2917 1498 2960 esse
1531 2894 1715 2973 voluerunt,
1750 2917 1848 2978 quem
1879 2895 2057 2961 verisimile
2089 2900 2160 2958 erat
2186 2895 2222 2956 in
2248 2895 2400 2958 examine

1428 2980 1578 3045 habendo
1600 2981 1917 3064 circumspectiorem
1934 2979 2011 3045 lore.
2048 2979 2242 3062 Quanquam
2259 2979 2399 3064 Cypria·

1427 3065 1666 3151 nusalicub12)
1695 3066 1812 3146 tradit,
1840 3087 1908 3131 non
1930 3065 2037 3132 solum
2058 3066 2165 3147 episco
2190 3087 2244 3129 um
2262 3086 2401 3129 manum

1427 3152 1634 3234 imposuisse,
1658 3151 1715 3216 sed
1737 3158 1844 3217 totum
1866 3153 1967 3216 etiam
1986 3152 2120 3216 olerum.
2165 3087 2222 3216 bic
2243 3151 2329 3216 enim
2351 3151 2401 3214 lo-

1428 3239 1553 3319 quitur:
1587 3238 1824 3320 poenitentiam
1850 3244 1955 3322 agunt
1982 3239 2067 3302 iusto
2094 3244 2255 3319 tempore3
2285 3235 2404 3300 deinde

1428 3323 1471 3387 ad
1492 3324 1754 3389 communionem
1766 3325 1905 3389 veniunt
1926 3330 1960 3388 et
1978 3344 2206 3406 permanuum
2223 3322 2405 3405 impositio-

1428 3430 1506 3473 nem
1537 3410 1679 3493 episcopi
1707 3417 1740 3474 et
1767 3410 1846 3475 cleri
1873 3411 1926 3473 ius
1958 3408 2197 3475 communionis
2229 3409 2403 3491 accipiunt

1429 3496 1550 3559 Postea
1572 3514 1725 3560 successu
1744 3495 1901 3578 temporis
1923 3515 1962 3559 eo
1983 3493 2117 3578 delapsa
2137 3515 2190 3559 res
2208 3502 2266 3572 est,
2290 3501 2329 3557 ut
2345 3515 2407 3558 ex-

1429 3590 1481 3644 tra
1501 3580 1665 3663 publicam
1690 3581 1924 3664 poenitentiam
1944 3581 1981 3644 in
2002 3580 2140 3662 privatis
2161 3599 2288 3661 quoque
2310 3578 2406 3644 abso-

1429 3666 1608 3731 lutionibus
1630 3665 1691 3730 hac
1713 3668 1915 3732 caeremonia
1935 3672 2116 3731 uterentur.
2150 3665 2238 3730 Hinc
2256 3665 2314 3729 illa
2336 3663 2406 3730 dis·

1432 3752 1544 3816 tinctio
1565 3750 1652 3833 apud
1676 3752 1874 3817 Gratianum
1882 3756 1911 3835 ⁸)
1939 3753 2027 3816 inter
2051 3751 2215 3833 publicam
2236 3757 2269 3814 et
2289 3751 2406 3833 priva-

1430 3845 1499 3901 tam
1516 3836 1821 3902 reconciliationem.
1864 3838 1937 3921 Ego
1964 3848 2107 3903 veterem
2133 3836 2226 3900 illam
2249 3836 2406 3901 observa·

1431 3924 1563 4000 tionem,
1587 3923 1627 3987 de
1644 3943 1709 4005 qua
1729 3923 1918 4008 Cyprianus
1941 3923 2103 4002 meminit,
2125 3928 2274 3986 sanctam
2290 3929 2330 3986 et
2351 3943 2405 3987 eo-

1432 4008 1547 4074 elesiae
1568 4008 1746 4074 salutarem
1767 4010 1866 4075 fuisse
1887 4008 2009 4089 iudico,
2032 4028 2070 4074 ac
2090 4007 2186 4072 hodie
2215 4008 2405 4072 restitutam

1432 4116 1503 4160 esse
1520 4115 1681 4178 cuperem.
1709 4095 1938 4160 Recentiorem
1957 4096 2044 4159 hano
2061 4093 2192 4158 tametsi
2209 4092 2401 4176 improbare,

1432 4181 1485 4247 vel
1506 4181 1622 4245 saltam
1642 4181 1751 4248 acrius
1768 4182 1926 4247 insectari
1941 4201 2008 4246 non
2026 4179 2138 4257 audeo,
2160 4180 2270 4244 minus
2290 4187 2401 4242 tamen

1431 4267 1649 4332 necessariam
1671 4266 1820 4332 arbitror.
1857 4268 2034 4350 Utcunque
2052 4266 2104 4346 sit,
2122 4265 2269 4330 videmus
2289 4270 2402 4326 tamen

1432 4372 1593 4417 manuum
1620 4352 1861 4436 impositionem
1879 4354 1916 4417 in
1937 4353 2139 4436 poenitentia
2166 4349 2403 4417 caeremoniam

1433 4458 1513 4518 esse,
1536 4437 1577 4502 ab
1598 4437 1795 4519 hominibus,
1818 4461 1885 4504 non
1903 4459 1923 4503 a
1939 4440 2011 4505 Deo
2032 4438 2226 4514 institutam,
2248 4454 2331 4517 quae
2348 4435 2404 4497 in-

1432 4532 1483 4589 ter
1500 4545 1553 4589 res
1570 4523 1695 4589 medias
1712 4532 1746 4589 et
1763 4533 1900 4590 externa
1917 4525 2071 4589 exercitia
2090 4522 2242 4605 ponenda
2257 4521 2316 4585 sit:
2335 4539 2406 4583 non

1431 4610 1489 4673 illa
1505 4609 1636 4692 quidem
1654 4610 1901 4688 contemnenda,
1912 4610 1970 4675 sed
1982 4630 2065 4693 quae
2081 4609 2234 4672 inferiore
2250 4607 2320 4671 loco
2332 4626 2407 4671 esse

1432 4694 1571 4845 debcpnt
1603 4715 1701 4778 qnam
1720 4715 1803 4777 qnae
1825 4694 1963 4760 Domini
1983 4693 2083 4762 verbo
2105 4693 2200 4759 nobis
2222 4700 2300 4757 sunt
2315 4712 2407 4758 com-

1431 4802 1510 4845 men
1533 4789 1595 4846 ata.

1521 4873 1568 4931 15.
1613 4867 1840 4930 Romanenses
1867 4873 1977 4930 autem
1996 4872 2030 4929 et
2051 4863 2264 4943 Scholastici,
2287 4861 2407 4947 quihus

1431 4953 1564 5017 solenne
1586 4959 1637 5016 est
1657 4952 1767 5015 omnia
1787 4971 1959 5034 perperam
1990 4949 2236 5035 interpretando
2258 4970 2407 5014 corrum-

1430 5059 1517 5120 pere,
1541 5036 1639 5101 anxie
1660 5036 1697 5100 in
1717 5037 1909 5120 reperiendo
1931 5038 1985 5104 hic
2005 5045 2208 5104 sacramento
2233 5034 2406 5100 desudant

1430 5123 1462 5187 N
1463 5144 1500 5188 ec
1510 5123 1631 5186 mirum
1645 5122 1749 5188 videri
1765 5122 1875 5203 debet3
1889 5123 2010 5191 nodum
2027 5125 2116 5189 enim
2132 5123 2168 5186 in
2183 5121 2290 5204 scirpo
2304 5141 2408 5203 quae-

1430 5216 1517 5274 runt.
1547 5207 1644 5289 Quod
1658 5217 1770 5275 tamen
1786 5211 1948 5293 optimum
1965 5208 2097 5288 habent,
2115 5230 2187 5272 rem
2201 5206 2405 5291 implicitam,

1431 5317 1633 5380 suspensam,
1651 5297 1826 5375 incertam,
1844 5296 2097 5379 opinionumque
2112 5294 2273 5360 varietate
2289 5293 2406 5358 confu-

1499 5587 1528 5653 1)
1548 5589 1621 5639 libr.
1641 5605 1656 5639 o
1676 5587 1719 5639 ist.
1740 5587 1762 5640 l.
1782 5589 1860 5656 epist.
1878 5585 1902 5639 2.
1979 5584 2010 5653 2)
2029 5586 2102 5639 Libr.
2122 5587 2200 5655 epist.
2219 5583 2243 5637 3.
2262 5584 2341 5652 epist.
2362 5583 2405 5638 14.

1333 5732 1342 5747 ⁴
1429 5654 1460 5719 3)
1478 5656 1509 5708 In
1529 5657 1635 5709 Decret.
1690 5696 1696 5708 .
1716 5662 1818 5724 quaest.
1837 5656 1862 5709 6.
