5600 6809
399 770 460 831 sor
1041 757 1307 825 msrrrnmo
1327 759 1434 826 nnn.
1456 755 1637 825 000000.
1662 762 1753 823 ruo.
1837 799 1839 801 .
1924 738 1926 746 '
2338 744 2401 827 000

397 953 566 1038 diligentia
577 952 743 1017 Christus:
763 973 845 1034 qnae
862 949 919 1013 ubi
931 947 1031 1013 semel
1049 947 1084 1009 in
1098 946 1207 1009 animo
1218 945 1369 1024 obtinuit,
1426 951 1526 1026 laten,
1544 948 1698 1010 iustitiam
1715 952 1743 1010 01
1757 948 1912 1026 pietatem.
1946 945 2001 1009 Ee
2018 947 2131 1026 quibus
2148 947 2297 1013 sobrietas
2314 948 2401 1015 baud

398 1041 542 1123 primum
559 1059 663 1120 neque
680 1038 864 1119 superbiae,
882 1055 986 1117 nequo
1002 1031 1115 1108 fastui,
1141 1051 1247 1112 neque
1264 1039 1373 1095 osten·
1426 1032 1518 1096 dubie
1538 1038 1603 1095 tom
1623 1034 1793 1097 castitatem
1817 1037 1845 1096 01
1864 1034 2099 1113 temperantiam
2120 1055 2214 1114 quam
2230 1041 2401 1114 perarmet

398 1125 524 1203 tationi,
544 1123 660 1188 deinde
678 1145 782 1205 neque
803 1121 969 1196 avaritiae,
988 1137 1093 1198 neque
1112 1113 1248 1193 libidini,
1267 1138 1373 1199 neque
1424 1117 1579 1200 fruqalem
1600 1118 1818 1196 temporalium
1839 1118 1983 1181 banorum
2004 1139 2110 1197 00000,
2135 1125 2163 1183 01
2184 1121 2310 1199 inopiae
2331 1123 2402 1187 tote·

397 1211 556 1288 luxuriae,
580 1228 686 1291 neque
705 1208 869 1282 mollitiae,
894 1226 998 1286 neque
1016 1203 1089 1266 aliis
1106 1223 1188 1283 quae
1205 1223 1247 1265 ex
1263 1222 1373 1267 amore
1425 1205 1564 1267 rentiam
1595 1204 1726 1267 denotat.
1783 1202 1913 1267 Iustitia
1953 1209 2055 1268 antem
2093 1206 2200 1269 omnia
2232 1208 2402 1286 aequitatis

398 1297 502 1362 nostri
513 1303 713 1378 generantur
728 1293 830 1371 malis,
850 1291 958 1356 locum
975 1289 1078 1352 ullum
1092 1287 1255 1368 relinquit.
1287 1286 1373 1352 Gon·
1426 1289 1530 1369 officia
1551 1290 1767 1368 complectitur,
1788 1295 1823 1352 ut
1844 1288 1994 1354 reddatur
2016 1291 2185 1372 urticuique
2206 1293 2289 1373 quod
2309 1313 2428 1369 suum
2455 1342 2467 1354 .

397 1390 449 1446 tra
471 1381 653 1463 ubicunque
675 1401 739 1444 non
763 1383 892 1461 regnat,
923 1375 990 1439 illio
1017 1374 1070 1438 vel
1091 1373 1302 1455 spurcissima
1323 1374 1373 1438 vi-
1425 1379 1476 1438 est.
1523 1373 1671 1455 Sequitur
1686 1376 1806 1454 pietas,
1835 1395 1914 1456 quae
1935 1395 1991 1438 nos
2012 1396 2032 1439 a
2053 1377 2163 1440 mundi
2185 1379 2402 1458 inquinamen-

397 1469 444 1531 tia
465 1469 534 1531 sine
553 1465 675 1548 pudore
691 1470 926 1548 pervagantur3
948 1460 1010 1538 vel,
1034 1461 1062 1525 01
1084 1480 1148 1541 qua
1170 1466 1220 1522 est
1242 1460 1373 1524 virtutis
1424 1461 1467 1523 tis
1487 1465 1659 1543 seprepatos
1676 1481 1751 1525 vera
1767 1462 1927 1524 sanctitate
1943 1481 2013 1524 cnm
2031 1459 2099 1526 Deo
2115 1463 2280 1545 coniunqit.
2314 1464 2401 1529 Haec

397 1554 533 1635 species,
567 1573 669 1633 prava
700 1551 822 1633 gloriae
855 1546 1005 1629 cupidine
1037 1546 1180 1611 vitiatur.
1227 1541 1373 1610 Ostende
1424 1545 1479 1608 ubi
1507 1542 1669 1610 insolabili
1698 1546 1819 1610 uiuente
1841 1548 1974 1610 interce
1995 1567 2131 1611 connexa
2153 1553 2239 1627 sunt,
2268 1549 2401 1614 solidam

397 1640 485 1704 enim
508 1638 682 1714 hominem,
706 1636 735 1698 si
756 1643 856 1718 potes,
879 1632 936 1715 qui
958 1631 1022 1697 nisi
1043 1631 1105 1694 sibi
1126 1630 1220 1694 iuxta
1238 1630 1373 1695 Domini
1425 1630 1565 1712 efficiunt
1585 1631 1811 1712 perfectionem.
1862 1632 1976 1696 Verum
2002 1633 2081 1714 quia
2106 1633 2189 1698 01101
2214 1636 2401 1718 0000100111-

397 1723 589 1790 mandatnm
607 1721 812 1797 renuntiarit,
833 1719 937 1802 gratis
954 1737 1105 1782 exercere
1124 1716 1304 1780 bonitatem
1322 1717 1372 1779 in·
1422 1717 1504 1797 ficiis
1525 1722 1578 1794 est,
1599 1737 1696 1797 quum
1717 1719 1838 1782 ratione
1858 1720 1964 1782 caruis
1984 1718 2085 1782 calere
2105 1719 2206 1799 iussa,
2229 1725 2256 1785 et
2276 1722 2403 1785 (10001110

397 1818 447 1874 ter
465 1808 613 1872 hominos
631 1806 718 1872 velit.
750 1806 836 1870 Nam
858 1805 1042 1887 quicunque
1063 1822 1131 1865 non
1152 1802 1289 1864 fuerunt
1310 1800 1372 1866 hoc
1423 1802 1656 1882 cupiditatibus,
1677 1803 1739 1866 imo
1761 1802 1928 1885 abnepotis,
1951 1802 2245 1884 Deoctfratribus
2267 1807 2402 1871 000001-

395 1916 492 1959 sensu
524 1894 686 1974 occupati,
720 1890 826 1956 laudis
854 1891 970 1955 saltem
999 1887 1106 1972 gratia
1133 1888 1286 1950 virtutem
1321 1908 1371 1951 so·
1423 1889 1532 1964 dicere,
1554 1893 1581 1951 et
1601 1888 1774 1970 anqelicam
1795 1890 1891 1953 citam
1912 1890 1948 1952 iu
1964 1894 2065 1953 terrae
2081 1890 2228 1956 sordibus
2245 1893 2401 1969 meditari,

350 1980 353 1987 ’
396 1981 489 2063 qunti
511 1986 594 2043 snnt.
628 1977 694 2058 Qui
717 1984 827 2041 autem
849 1995 993 2057 unquam
1015 1996 1057 2037 cx
1079 1972 1282 2055 philosophis
1304 1974 1371 2037 vir-
1426 1973 1563 2050 Paulus,
1596 1979 1631 2037 ut
1663 1975 1786 2038 animos
1816 1980 1936 2040 0001000
1966 1975 2006 2038 ab
2033 1975 2175 2041 omuibus
2201 1978 2325 2058 laqueis
2351 1999 2402 2042 ee·

395 2073 501 2130 tutem
523 2074 656 2147 propter
677 2084 712 2128 00
727 2060 944 2144 expetendam
963 2056 1370 2136 maximsoontenderunt,
1423 2060 1516 2137 tricet,
1538 2064 1658 2124 revocat
1679 2079 1734 2122 uos
1756 2059 1798 2122 ad
1819 2081 1904 2140 spem
1926 2061 2030 2125 beatae
2053 2062 2322 2143 immortalitatis,·¹
2340 2084 2400 2127 nou

395 2158 487 2216 tanta
508 2151 696 2233 arrogantia
716 2148 824 2212 inflati
844 2148 987 2224 fuerunt,
1010 2154 1047 2209 ut
1069 2152 1224 2226 appareat
1246 2165 1311 2207 non
1330 2144 1370 2208 ob
1422 2144 1544 2225 frustra
1566 2165 1622 2208 nos
1642 2150 1759 2209 certare
1779 2147 1962 2224 admonens,
1983 2148 2061 2228 quia
2081 2152 2116 2210 ut
2137 2149 2229 2213 semel
2250 2151 2402 2230 apparuit

395 2236 484 2302 aliud
507 2237 661 2300 virtutem
684 2234 872 2317 expetiisse,
900 2231 964 2296 nisi
986 2238 1024 2295 ut
1044 2227 1251 2311 superbiendi
1272 2229 1372 2294 habe·
1426 2228 1570 2295 Obristus
1596 2231 1781 2311 retemptor,
1811 2233 1856 2296 ita
1885 2233 1993 2296 0111000
2020 2253 2077 2298 suo
2105 2234 2237 2299 adventu
2264 2236 2401 2318 frrrctam

395 2336 470 2388 rent
501 2322 680 2385 materiam.
724 2318 829 2401 Atqui
860 2315 940 2382 adeo
972 2337 1039 2380 non
1067 2315 1247 2379 oblectatur
1270 2316 1371 2395 Deus,
1424 2315 1538 2380 salutis
1568 2337 1590 2379 a
1618 2337 1651 2380 se
1676 2321 1794 2394 partae
1826 2318 1966 2382 ostendet.
2011 2319 2115 2399 Atque
2141 2317 2198 2385 boc
2221 2323 2311 2386 modo
2337 2321 2403 2385 itte-

396 2430 501 2491 neque
524 2407 589 2471 illis
612 2405 777 2489 popularis
800 2424 899 2469 aurae
921 2401 1155 2485 captatoribus,
1184 2421 1244 2465 nec
1266 2402 1372 2484 turgi-
1424 2402 1530 2467 abac
1557 2422 1661 2466 munes
1687 2403 1815 2467 discutit
1843 2424 1923 2484 quae
1950 2425 2006 2470 nos
2029 2405 2223 2486 obtabilem,
2252 2429 2289 2470 00
2317 2408 2402 2487 aspi-

396 2494 447 2559 dis
480 2493 544 2557 illis
577 2492 776 2574 pectoribus,
809 2496 848 2553 ut
869 2488 1058 2572 pronuntiet
1085 2485 1157 2550 11100
1186 2487 1221 2549 in
1248 2486 1372 2550 mundo
1424 2507 1543 2565 remus,
1569 2491 1604 2550 ut
1624 2488 1718 2565 decet,
1747 2489 1789 2553 ad
1809 2489 1961 2554 coelestem
1979 2491 2130 2573 ylariani,
2158 2494 2221 2558 imo
2242 2495 2324 2559 docet
2347 2514 2402 2572 pe-

396 2600 490 2645 snam
512 2579 671 2660 recepisse
693 2573 890 2653 mercedem,
913 2574 966 2639 his
987 2573 1154 2656 propiores
1176 2592 1278 2655 regno
1301 2593 1372 2637 coc-
1423 2573 1649 2655 reprincndum
1681 2593 1745 2637 esse
1776 2575 1811 2638 in
1840 2575 1983 2655 0000010,ι
2004 2597 2043 2642 ne
2070 2584 2180 2655 pereat
2206 2580 2253 2643 vel
2280 2579 2403 2644 excidat

394 2665 504 2729 lorum
525 2663 623 2729 faciat
644 2662 831 2726 meretrices
857 2667 889 2725 et
910 2659 1108 2743 publicanos.
1152 2657 1301 2722 Necdum
1322 2666 1373 2722 ta-
1424 2657 1512 2723 nobis
1533 2659 1668 2723 coelestis
1688 2657 1872 2725 baereditas.

395 2772 473 2814 meu
507 2747 548 2814 ad
572 2748 732 2830 liquidum
759 2747 968 2829 exposuimus
998 2750 1076 2826 quot
1100 2750 1135 2807 et
1160 2743 1290 2825 quantis
1315 2743 1372 2806 ob·
1510 2749 1540 2807 4.
1584 2744 1689 2808 Porro
1717 2746 1752 2808 in
1778 2745 1829 2810 bis
1854 2746 1957 2811 uerbis
1978 2751 2190 2830 perspiciente
2214 2748 2400 2831 abnegatio-

397 2835 529 2901 staoulis
551 2833 748 2917 impediatur
764 2833 861 2896 homo
883 2853 902 2895 a
922 2831 1001 2895 recti
1023 2828 1139 2907 stadie,
1161 2827 1317 2912 quamdiu
1338 2850 1373 2893 se
1424 2849 1493 2893 nem
1525 2831 1629 2893 nostri
1660 2832 1788 2912 partim⁴
1819 2829 1951 2914 quidem
1982 2834 2018 2898 in
2051 2835 2199 2899 homines
2236 2835 2398 2916 respicere,

396 2922 505 3004 ipsum
522 2941 590 2984 non
607 2919 826 3002 abnegaverit.
858 2918 947 2981 Vere
965 2916 1054 2981 enim
1073 2914 1197 2979 dictum
1219 2922 1269 2978 eet
1285 2915 1372 2993 olim,
1426 2916 1546 2997 partim
1577 2937 1655 2979 vero
1690 2915 1802 3000 (idque
1834 2919 2023 3004 praecipue)
2055 2921 2090 2983 in
2116 2921 2235 2985 Deum.
2288 2918 2399 2998 Quum

396 3006 560 3070 mundum
581 3005 736 3070 vitiorum
758 3025 828 3068 esse
850 3001 1054 3068 reconditum
1076 2999 1113 3063 in
1136 3000 1278 3064 hominis
1301 3001 1372 3064 ani·
1425 3001 1513 3065 enim
1535 3002 1581 3066 sic
1602 3022 1663 3066 nos
1676 3023 1759 3066 cum
1781 3003 1969 3069 hominibus
1990 3026 2104 3088 gerere
2125 3005 2216 3069 iubet
2237 3004 2399 3086 scriptura

396 3113 459 3156 mn.
503 3090 573 3156 Noc
595 3089 684 3154 aliud
706 3089 886 3154 remedium
906 3087 1065 3164 invenias,
1090 3106 1189 3170 quam
1210 3086 1239 3150 si
1260 3093 1293 3151 te
1315 3087 1372 3151 ab·
1425 3086 1535 3171 (Rom
1557 3090 1606 3166 12,
1628 3088 1788 3166 10;Ρ1011.
1810 3088 1902 3173 00),
1927 3100 1965 3153 ut
1985 3089 2058 3155 illos
2081 3090 2204 3154 honore
2223 3091 2317 3155 nobis
2339 3112 2399 3154 an-

396 3183 530 3261 negato,
560 3197 597 3242 ac
629 3177 804 3257 praeterita
831 3174 1046 3250 miratione,
1080 3179 1227 3236 mentem
1260 3171 1302 3236 ad
1334 3192 1373 3236 ca
1425 3173 1615 3251 toleramus,
1648 3180 1686 3237 ut
1718 3173 1932 3256 procurandis
1963 3195 2076 3240 eorum
2108 3175 2284 3241 commodis
2316 3184 2400 3240 totos

395 3261 582 3345 quaerenda
620 3268 725 3326 totam
756 3259 908 3325 intendas
939 3280 1023 3342 quae
1055 3257 1113 3323 abs
1146 3266 1178 3322 10
1209 3257 1373 3322 Dominus
1425 3279 1484 3323 nos
1506 3258 1591 3324 bona
1608 3259 1673 3324 fido
1689 3260 1932 3342 impendamus:
1954 3281 1994 3325 00
2013 3261 2071 3325 dat
2091 3260 2247 3326 mandata
2263 3282 2402 3344 qnorum

395 3348 546 3430 requirit,
577 3355 610 3412 01
638 3346 710 3411 ideo
738 3354 867 3411 tantum
893 3343 1094 3428 quaerenda,
1122 3344 1199 3425 qnia
1226 3342 1275 3406 illi
1302 3343 1372 3426 pla·
1425 3344 1559 3409 minime
1582 3366 1686 3428 capax
1708 3353 1758 3410 est
1780 3347 1908 3411 animus
1925 3354 2046 3428 nostor,
2069 3348 2135 3412 nisi
2160 3355 2238 3412 ante
2260 3347 2403 3413 naturali

396 3443 480 3500 cent.
1426 3452 1523 3494 sensu
1553 3438 1736 3496 evacuatus.
1791 3431 1879 3496 Nam
1916 3431 1995 3515 (qua
2034 3435 2189 3499 caecitate
2221 3455 2336 3498 omnes
2366 3434 2403 3498 in

483 3523 511 3582 3.
557 3517 648 3582 Alibi
676 3518 856 3582 distinctius
887 3517 970 3582 idem
1004 3515 1128 3580 Paulam
1156 3515 1235 3600 (Tit.
1261 3516 1373 3599 2,11)
1426 3536 1570 3580 amorem
1591 3517 1697 3583 nostri
1719 3517 1859 3599 ruimus)
1888 3516 1950 3582 sibi
1973 3519 2108 3602 quisque
2129 3520 2251 3584 iustam
2270 3541 2403 3591 causam

395 3605 537 3688 sirrpulas
563 3605 644 3669 uitae
665 3604 737 3680 bene
758 3604 940 3683 compositae
956 3606 1080 3684 partes,
1108 3600 1374 3681 000001010ου1-
1426 3602 1546 3666 habere
1576 3601 1709 3667 videtur
1741 3624 1776 3667 00
1804 3603 1976 3681 efferendi,
2011 3604 2091 3670 alios
2119 3612 2231 3669 autem
2258 3626 2337 3687 prae
2369 3626 2403 3670 se

395 3696 454 3768 ter,
476 3691 661 3771 exsequitur.
694 3688 815 3754 Illueit
833 3689 939 3772 pratia
960 3687 1025 3752 Dei
1046 3686 1213 3767 salutifera
1233 3685 1375 3751 omnibus
1426 3708 1540 3752 omnes
1568 3687 1803 3752 contemnendi.
1847 3686 1986 3773 Siquid
2014 3689 2049 3754 in
2072 3713 2131 3755 nos
2152 3691 2290 3756 00010111
2311 3693 2403 3755 Deus

397 3776 582 3854 bominibus,
604 3777 751 3841 aarum
768 3795 825 3840 nos
841 3779 884 3853 ut,
907 3772 1050 3856 abtepata
1070 3773 1227 3853 impietate
1244 3778 1375 3836 010000-
1426 3794 1493 3836 non
1521 3772 1768 3854 poenitendum,
1797 3795 1835 3838 oo
1863 3775 1939 3838 freti
1962 3777 2074 3840 statim
2096 3777 2221 3841 animos
2242 3777 2403 3854 tollimus;

279 3858 290 3868 ’
396 3861 492 3926 donis
506 3861 767 3942 concupiscentiis,
788 3859 888 3925 sobrie
908 3864 936 3923 01
957 3860 1037 3924 10010
1057 3859 1157 3938 etpie
1175 3859 1317 3922 piramus
1338 3859 1374 3921 in
1425 3878 1485 3922 nec
1527 3866 1656 3923 tantum
1688 3860 1950 3941 intumescimus,
1992 3861 2049 3926 sed
2083 3883 2187 3944 paene
2220 3864 2404 3944 rumpimur

391 3947 552 4027 praesciti
574 3947 708 4025 saeculo,
730 3950 933 4026 ecspectautes
955 3945 1074 4009 beatam
1094 3964 1195 4024 spem,
1225 3944 1375 4008 0100001-
1426 3943 1586 4026 superbia.
1630 3944 1736 4021 Vitia,
1750 3945 1880 4031 ¹quibus
1902 3946 2120 4024 abundamus,
2148 3958 2182 4011 et
2202 3949 2402 4012 occultamus

395 4032 586 4115 sectationem
616 4032 734 4115 ploriae
765 4032 872 4114 mapm
902 4031 983 4109 Dei,
1015 4034 1043 4095 et
1075 4031 1244 4094 sermtoris
1276 4029 1375 4094 000101
1427 4029 1539 4095 sedulo
1568 4029 1655 4111 apud
1683 4030 1778 4109 alios,
1812 4039 1846 4096 et
1872 4032 1967 4097 nobis
1994 4033 2073 4115 ipsis
2099 4033 2186 4098 levia
2213 4034 2402 4112 minutaque

397 4116 474 4182 Iesu
498 4115 629 4196 Obristi,
642 4118 665 4202 ¹)
695 4118 750 4198 qui
777 4116 861 4181 dedit
887 4136 919 4181 se
940 4115 1125 4196 pronubis,
1152 4121 1187 4178 01
1213 4115 1376 4179 redimeret
1426 4137 1497 4180 esse
1517 4117 1673 4199 fingimus
1694 4116 1906 4196 blandiendo,
1936 4119 2002 4182 imo
2029 4117 2194 4182 interdum
2217 4137 2275 4199 pro
2297 4117 2401 4179 virtu-
2433 4162 2435 4167 -

396 4223 454 4267 uos
480 4202 519 4266 ab
546 4204 631 4268 omui
658 4203 835 4283 iniquitate,
868 4207 895 4266 et
921 4200 1108 4283 purificaret
1133 4201 1194 4266 sibi
1220 4201 1376 4281 populum
1426 4201 1513 4267 tibus
1530 4201 1724 4267 osculamur.
1762 4201 1917 4282 Eaedem,
1941 4225 2023 4286 quas
2040 4206 2075 4267 in
2092 4204 2184 4267 nobis
2202 4201 2404 4266 admiramur

393 4288 597 4372 peculiarem,
630 4288 806 4353 studiosum
837 4288 985 4351 bonorum
1017 4306 1153 4367 operum.
1204 4285 1376 4368 Postquam
1428 4287 1528 4365 dotes,
1552 4287 1637 4352 siin
1659 4288 1732 4354 01110
1754 4298 1921 4372 apparent,
1943 4288 2118 4353 ueletiam
2142 4287 2338 4369 superiores,
2360 4307 2403 4349 ne

396 4375 480 4438 euuu
507 4375 550 4438 ad
576 4394 632 4439 uos
657 4373 846 4439 animandos
871 4373 1011 4456 qratiam
1037 4372 1101 4436 Dei
1127 4374 1308 4453 proponit,
1341 4377 1377 4436 ut
1428 4394 1585 4457 cogamur
1610 4374 1675 4439 illis
1702 4375 1832 4454 cedere,
1861 4380 1973 4439 nostra
1998 4373 2201 4456 malignitate
2225 4371 2402 4436 deterimus

396 4459 482 4524 nobis
504 4461 548 4525 ad
565 4458 672 4524 Deum
692 4479 761 4523 uere
782 4459 942 4524 0010001000
962 4459 1048 4522 uiam
1069 4462 1193 4536 sternat,
1213 4459 1276 4523 duo
1297 4458 1377 4523 tollit
1428 4480 1466 4524 ao
1487 4461 1667 4544 carpimus3
1694 4462 1721 4525 si
1743 4483 1807 4544 qua
1826 4468 1903 4526 sunt
1925 4459 2020 4537 vitia,
2044 4477 2158 4523 severa
2179 4458 2310 4538 acrique
2332 4459 2403 4522 ani·-

396 4545 553 4611 obstacula
573 4566 652 4627 quae
672 4547 810 4610 manime
831 4544 1018 4625 impediunt,
1045 4543 1233 4624 impietatem
1253 4544 1374 4624 scilicet,
1427 4546 1654 4612 madversion'e
1674 4567 1713 4611 ea
1734 4548 1906 4613 observare
1928 4565 1994 4608 non
2015 4543 2173 4620 contenti,
2202 4543 2311 4606 odiose
2334 4564 2403 4606 am·

397 4629 440 4694 ad
473 4651 568 4712 quarn
596 4636 714 4696 natura
745 4650 856 4697 sumus
893 4630 1028 4694 nimium
1059 4631 1229 4709 proclives,
1266 4630 1376 4695 deinde
1427 4632 1618 4714 plificamus.
1646 4633 1735 4696 Hinc
1756 4628 2013 4708 illainsolentiu,
2036 4629 2225 4711 utquisque
2243 4635 2402 4704 nostrum,

396 4718 578 4781 mundanas
597 4717 784 4798 cupiditates
811 4737 890 4797 quae
911 4735 943 4779 se
964 4715 1087 4798 1000100
1109 4717 1282 4782 extendunt.
1326 4716 1377 4781 Ac
1428 4738 1487 4782 oen
1516 4719 1681 4781 communi
1709 4718 1781 4800 lege
1809 4723 2010 4801 exemptus,
2030 4736 2130 4798 supra
2155 4713 2297 4796 reliquos
2325 4714 2405 4778 velit

397 4800 454 4865 smb
483 4803 640 4882 impietate
668 4803 795 4883 quidem
822 4822 884 4866 uon
909 4801 998 4865 uredo
1026 4802 1260 4881 superstitiones
1284 4806 1376 4881 notat,
1428 4803 1586 4879 eminere,
1619 4802 1785 4866 neminem
1810 4822 1889 4866 vero
1920 4801 2109 4864 mortalium
2137 4821 2203 4864 non
2232 4821 2346 4865 secure
2373 4808 2405 4863 01

397 4887 451 4950 sed
482 4887 706 4966 comprehendit
734 4890 828 4953 etiam
860 4887 1015 4969 quidquid
1039 4893 1162 4969 pupuat
1194 4907 1264 4952 cum
1294 4889 1376 4952 seria
1427 4887 1579 4952 ferociter
1604 4894 1804 4966 contemnat,
1833 4885 1887 4951 vel
1914 4894 2001 4950 certe
2031 4893 2189 4968 tanquam
2219 4886 2405 4951 inferiorem

397 4972 505 5034 timore
525 4970 597 5036 Dei.
642 4971 828 5038 Mundanae
859 4978 961 5038 autem
990 4973 1175 5053 cupiditates
1196 4973 1376 5036 lampadem
1429 4973 1593 5055 despiciat
1639 4971 1770 5037 Oodunt
1792 4970 1948 5038 divitibus
1967 4993 2144 5054 pauperes,
2172 4972 2291 5054 plebeii
2314 4972 2405 5036 nobi-

397 5056 498 5120 ualent
522 5061 613 5137 atque
641 5061 747 5123 carnis
774 5060 909 5140 affectus.
954 5057 1087 5139 Itaque
1107 5058 1149 5121 ad
1161 5057 1190 5139 ²)
1212 5061 1377 5138 utramque
1428 5058 1527 5134 libus,
1550 5058 1637 5122 servi
1660 5057 1814 5135 dominis,
1836 5056 1975 5122 literatis
1995 5058 2132 5137 indocti;
2162 5057 2219 5122 sed
2241 5079 2336 5121 nomo
2356 5064 2406 5122 est

397 5141 474 5226 lepis
495 5141 634 5207 tabulam
655 5144 735 5208 iubet
755 5165 813 5209 nos
828 5145 999 5226 preprium
1020 5143 1180 5225 inperium
1201 5161 1326 5220 enuere,
1348 5147 1376 5206 ct
1429 5143 1486 5226 qui
1514 5165 1581 5207 non
1602 5143 1746 5225 aliquam
1766 5144 1985 5226 praestantiae
2011 5144 2198 5227 opinionem
2220 5144 2308 5207 intus
2330 5143 2404 5206 alat

397 5227 549 5311 abnepare
578 5229 733 5310 quidquid
759 5232 842 5296 ratio
863 5235 890 5294 et
911 5229 1053 5294 00100100
1075 5228 1174 5292 dictat
1220 5226 1293 5291 Iam
1315 5249 1377 5292 om·
1429 5230 1482 5293 Ita
1509 5229 1631 5313 singuli
1661 5228 1722 5294 sibi
1750 5228 1914 5294 adrdando
1941 5251 2082 5314 regnum
2103 5229 2265 5313 quoddam
2287 5237 2406 5309 gerunt

396 5333 451 5379 nes
477 5316 559 5379 ritae
586 5315 719 5380 actiones
747 5318 790 5381 ad
813 5317 877 5381 tria
902 5313 1038 5380 membra
1064 5314 1237 5397 restrinpit‚
1263 5313 1376 5379 sobrie
1429 5316 1465 5380 in
1486 5323 1624 5397 pectore.
1658 5310 1731 5380 Sibi
1751 5315 1841 5380 enim
1865 5324 2056 5399 arrogantes
2078 5337 2141 5397 quo
2163 5314 2223 5379 sibi
2245 5311 2404 5394 placeant,

1431 5401 1471 5467 dc
1494 5401 1633 5467 aliorum
1654 5401 1795 5486 ingeniis
1817 5408 1850 5468 ct
1872 5402 2017 5467 moribus
2039 5419 2209 5466 censuram
2231 5404 2347 5480 agunt:
2377 5399 2405 5461 si

1430 5507 1509 5553 vero
1537 5487 1579 5552 ad
1606 5489 1849 5554 contentionem
1871 5494 2008 5554 ventum
2028 5486 2140 5564 tuerit,
2169 5481 2236 5547 illic
2264 5484 2407 5564 erumpit

396 5602 566 5724 ..md
582 5606 731 5726 11011
751 5605 1379 5744 111111111111111111111
1430 5568 2406 5743 100010011010001100001

399 5487 418 5492 ⁸-
432 5488 600 5497 ·—--·——---
