5600 6809
434 761 497 823 188
690 723 693 729 ’
799 786 819 807 ..
1084 738 1795 818 118111118111181111811888.
2382 755 2450 817 rae

433 946 595 1032 quispiam
612 943 682 1008 sine
700 963 861 1008 consensu
879 941 980 1006 totius
997 938 1109 1023 plebis,
1129 938 1212 1004 110
1260 939 1372 1003 1181118
1387 938 1411 1022 ¹)
1464 947 1543 1017 erat,
1566 960 1665 1021 quam
1682 939 1711 1004 si
1728 946 1816 1004 totus
1833 939 1972 1023 populus
1994 942 2154 1006 scisceret.
2190 939 2293 1006 ouius
2312 942 2360 1006 rei
2377 964 2447 1007 non

434 1033 610 1115 diligenter
636 1035 771 1094 excuset
798 1025 885 1110 quod
912 1026 1084 1092 Aurelium
1112 1046 1200 1107 quen
1223 1046 1276 1088 am
1298 1025 1412 1088 incon-
1463 1022 1561 1110 modo
1583 1025 1779 1109 exemplum,
1803 1024 1860 1090 sed
1882 1026 2057 1091 formulam
2083 1046 2210 1110 quoque
2233 1027 2334 1092 habes
2356 1028 2447 1110 apud

433 1112 1088 1185 8111888818818188181811881811118111
1119 1111 1196 1194 quia
1221 1109 1256 1174 id
1282 1117 1413 1192 praeter
1464 1110 1733 1196 augustinum)
1754 1112 1791 1174 in
1812 1112 2036 1177 nominatione
2057 1112 2181 1177 Eradii.
2225 1113 2273 1176 Et
2294 1113 2448 1177 Theodo-

432 1224 569 1282 morem,
591 1202 724 1266 tametsi
740 1206 807 1265 non
829 1201 899 1264 sine
916 1199 1041 1262 ratione
1062 1197 1186 1261 factum
1204 1197 1319 1260 fuerat.
1355 1192 1412 1260 Sic
1464 1197 1557 1275 ritus,
1570 1195 1599 1280 ²)
1627 1217 1729 1278 quum
1755 1196 1855 1262 refert
1875 1197 2014 1263 Petrum
2040 1198 2080 1263 ab
2103 1198 2287 1263 Athanasio
2315 1219 2449 1264 succes·

433 1296 545 1355 autem
566 1287 745 1371 praefatur:
775 1286 810 1350 in
837 1282 1026 1350 ordinandis
1049 1281 1189 1361 clericis,
1212 1282 1331 1345 fratres
1358 1302 1412 1346 88
1464 1302 1573 1346 sorem
1594 1283 1817 1361 nominatum,
1844 1284 1999 1348 continuo
2021 1283 2185 1368 adiungit,
2209 1283 2449 1349 sacerdotalem
2526 1318 2529 1324 ·

433 1374 570 1453 rissimi,
605 1372 746 1438 solemus
779 1392 837 1436 vos
871 1375 947 1434 ante
980 1367 1148 1434 consulere
1175 1374 1208 1432 et
1240 1386 1348 1431 mores
1375 1387 1413 1431 88
1464 1366 1613 1431 ordinem
1644 1376 1754 1432 ratum
1781 1368 1817 1431 id
1848 1368 2015 1448 habuisse,
2048 1372 2280 1454 magistratum
2310 1378 2343 1434 et
2373 1371 2450 1453 pri-

432 1461 552 1526 merita
570 1459 774 1543 singulorum
791 1456 954 1521 communi
971 1453 1105 1519 oonsilio
1122 1452 1312 1538 ponderare.
1344 1452 1413 1516 Ve-
1463 1473 1572 1518 mores
1593 1453 1813 1537 populumque
1835 1454 2028 1520 universum
2049 1475 2109 1520 sua
2130 1455 2363 1522 acclamatione
2384 1475 2449 1540 ap-

433 1568 509 1612 rum
530 1546 608 1628 quia
628 1546 663 1608 in
689 1543 870 1608 minoribus
897 1541 962 1605 11118
990 1539 1156 1605 exercitiis
1183 1559 1250 1603 non
1270 1537 1413 1602 multum
1464 1537 1626 1621 probasse.
1688 1542 1697 1552 '
2066 1619 2068 1623 Ι

435 1639 507 1698 8181
532 1629 686 1714 periculi,
718 1628 805 1711 quod
830 1626 872 1692 ad
905 1624 1095 1690 diuturnam
1127 1624 1352 1708 probationem
1379 1630 1414 1687 et
1553 1628 1601 1689 12.
1637 1625 1699 1692 Est
1721 1625 1851 1708 quidem
1873 1635 1907 1689 et
1924 1626 2014 1704 illud,
2036 1627 2149 1706 fateor,
2173 1628 2296 1709 optima
2317 1626 2448 1691 ratione

435 1739 503 1783 non
523 1736 677 1800 magnam
703 1714 904 1779 functionem
926 1717 1180 1789 assumerentur,
1203 1710 1313 1793 rogari
1334 1730 1412 1774 con-
1464 1710 1627 1775 sancitum
1653 1712 1690 1775 in
1716 1710 1892 1778 laodicensi
1917 1712 2062 1791 concilio,
2076 1713 2114 1797 ⁸)
2136 1732 2179 1777 ne
2201 1714 2306 1778 turbis
2328 1712 2446 1777 electio

434 1825 550 1870 sensus
571 1801 674 1884 plebis
696 1799 799 1865 1188111.
843 1799 965 1863 Postea
991 1798 1026 1861 in
1047 1797 1182 1879 reliquis
1210 1816 1336 1877 quoque
1359 1815 1412 1858 or·
1463 1796 1682 1878 permittatur.
1718 1797 1787 1861 Vix
1809 1799 1898 1862 enim
1918 1818 2063 1880 unquam
2084 1798 2194 1863 evenit
2216 1811 2252 1862 ut
2268 1805 2319 1862 tot
2335 1798 2448 1880 capita

434 1888 573 1967 dinibus,
596 1892 731 1968 excepto
753 1885 953 1968 episcopatu,
977 1881 1068 1967 plebs
1090 1883 1239 1965 episcopo
1261 1902 1299 1946 ae
1321 1901 1412 1963 pres·
1465 1902 1532 1945 uno
1560 1902 1659 1947 sensu
1684 1904 1755 1948 rem
1781 1884 1924 1966 aliquam
1948 1882 2030 1949 bene
2063 1891 2274 1967 componant,
2308 1893 2342 1948 et
2376 1885 2447 1948 fere

433 1974 558 2059 hyteris
579 1971 734 2036 iudicium
757 1970 982 2052 delectumque
1003 1969 1071 2033 fere
1091 1968 1257 2051 permisit,
1279 1973 1318 2030 ut
1337 1987 1412 2048 cog·
1463 1966 1546 2031 illud
1567 1989 1683 2032 verum
1704 1976 1763 2047 est,
1785 1970 1948 2035 incertum
1969 1970 2074 2035 scindi
2096 1969 2205 2035 studia
2226 1971 2263 2034 in
2280 1970 2448 2034 contraria

433 2065 607 2125 noscerent
633 2058 767 2140 quinam
788 2055 896 2120 idonei
924 2076 961 2120 ac
984 2053 1075 2138 digni
1097 2054 1218 2132 forent;
1244 2052 1307 2116 nisi
1328 2052 1412 2115 forte
1464 2052 1592 2136 vulgus.
1637 2055 1764 2119 Verum
1785 2054 1862 2121 huic
1883 2055 2026 2138 periculo
2054 2055 2237 2120 adhibitum
2264 2063 2335 2120 erat
2360 2056 2447 2137 opti·

432 2167 535 2230 quum
552 2143 716 2227 parochiis
733 2142 811 2207 novi
827 2141 1009 2225 presbyteri
1032 2138 1287 2209 destinabantur.
1319 2137 1413 2201 Iunc
1464 2159 1557 2202 mum
1579 2140 1769 2205 remedium
1819 2139 1971 2206 Primum
2000 2142 2089 2206 enim
2116 2142 2177 2206 8811
2203 2141 2312 2207 8181181
2344 2141 2446 2224 elige·

433 2232 522 2296 enim
544 2230 608 2295 loci
629 2227 875 2293 multitudinem
895 2226 1089 2291 nominatim
1110 2225 1295 2290 consentire
1318 2243 1413 2306 opor·
1464 2223 1552 2288 bant.
1603 2223 1711 2306 Quem
1737 2226 1919 2311 elegerant,
1952 2227 2133 2293 offerebant
2158 2228 2365 2312 magistratu
2389 2227 2446 2291 vel

433 2318 506 2401 tuit.
537 2316 606 2380 Nec
627 2314 749 2378 mirum
772 2320 822 2378 881
841 2311 929 2395 quod
949 2310 1120 2376 retinendo
1128 2310 1158 2395 ²)
1181 2331 1241 2375 suo
1262 2310 1333 2374 iure
1354 2329 1412 2390 po·
1465 2311 1595 2375 senatui
1627 2331 1665 2377 88
1696 2312 1901 2394 primoribus.
1952 2313 2022 2393 Illi,
2054 2313 2168 2378 habita
2199 2312 2444 2391 deliberatione,

433 2403 533 2486 pulus
557 2402 620 2466 hac
648 2402 684 2464 in
710 2406 802 2481 parte
829 2399 941 2462 minus
966 2397 1123 2463 sollicitus
1149 2396 1257 2460 fucrit.
1307 2395 1412 2459 Nemo
1464 2394 1665 2475 electionem,
1689 2399 1717 2462 si
1733 2399 1819 2463 iusta
1834 2398 2015 2478 videbatur,
2037 2398 2288 2483 consignabant:
2311 2399 2365 2463 sin
2382 2399 2445 2462 mi·

434 2488 525 2553 enim
551 2485 796 2571 hypodiaconus
822 2484 922 2549 fiebat
947 2483 1002 2566 qui
1028 2503 1093 2547 non
1119 2483 1255 2565 longum
1282 2481 1412 2546 811181-
1465 2503 1542 2559 nus,
1571 2483 1735 2566 eligebant
1764 2483 1866 2548 alium
1892 2495 1990 2567 quem
2015 2486 2121 2569 magis
2146 2482 2337 2567 probarent,
2372 2490 2446 2548 tum

434 2574 657 2657 perimentum
684 2571 718 2634 in
752 2569 935 2649 clericatu,¹
954 2566 1016 2633 sub
1043 2589 1083 2632 ea
1115 2589 1198 2650 quae
1230 2572 1309 2631 tunc
1342 2571 1414 2630 erat
1466 2565 1508 2631 ad
1528 2568 1774 2634 multitudinem
1792 2591 1844 2635 188
1865 2568 2078 2649 deferebatur,
2090 2591 2182 2653 quae,
2200 2570 2332 2635 tametsi
2349 2590 2445 2653 prae-

436 2658 627 2740 disoiplinae
639 2657 821 2732 severitate,
841 2655 991 2720 dedisset.
1014 2654 1194 2737 Postquam
1205 2653 1240 2716 in
1257 2672 1295 2717 88
1369 2651 1413 2715 du
1465 2652 1593 2718 indiciis
1609 2654 1675 2720 illis
1691 2675 1759 2720 non
1776 2655 1976 2740 alligaretur,
1998 2656 2110 2720 minus
2127 2664 2240 2721 tamen
2250 2655 2446 2720 tumultuari

435 2744 594 2829 probatus
619 2743 739 2820 fuerat,
774 2741 930 2829 diaconus
963 2738 1235 2817 constituebatur3
1268 2672 1368 2801 11111ἡ

434 2827 632 2915 presbyterii
653 2827 811 2892 honorem
832 2826 1052 2909 perveniebat,
1075 2826 1104 2890 81
1124 2823 1265 2890 fideliter
1287 2844 1322 2887 88
1340 2842 1413 2907 ges·
1465 2823 1500 2887 id
1532 2824 1632 2890 fiebat
1658 2836 1697 2890 ut
1730 2827 1869 2892 sciretur
1885 2848 1997 2911 -quem
2029 2829 2235 2912 potissimum
2267 2835 2446 2909 expeteret

435 2917 540 2982 818881.
573 2915 626 2978 118
647 2913 758 2978 nullus
777 2911 1030 2995 promovebatur
1047 2910 1087 2976 de
1109 2931 1173 2992 quo
1190 2931 1256 2974 non
1278 2927 1415 2974 181818
1467 2910 1599 2976 Auditis
1619 2912 1824 2994 popularium
1846 2915 1944 2992 votis,
1972 2914 2081 2980 clerici
2111 2914 2244 2979 demum
2270 2912 2444 2995 eligebant.

435 3001 549 3066 multis
576 3000 671 3064 annis
698 2996 848 3062 habitum
875 3004 960 3063 88881
986 2995 1045 3063 811
1071 2996 1184 3080 populi
1212 2995 1314 3060 oculis
1336 3013 1414 3059 era-
1465 2995 1520 3060 Ita
1540 3018 1601 3063 nec
1624 2997 1748 3063 clericis
1769 2999 1887 3065 licebat
1907 3020 2007 3083 quem
2029 3000 2151 3066 vellent
2171 3001 2359 3083 praeficere,
2382 3017 2446 3062 nec

433 3107 520 3152 men.
564 3086 611 3149 Et
637 3090 731 3148 erant
757 3083 853 3147 multi
881 3104 1021 3149 canones
1049 3081 1091 3147 ad
1112 3080 1279 3165 punienda
1300 3101 1415 3144 eorum
1466 3088 1579 3147 tamen
1600 3083 1709 3149 stultis
1731 3085 1842 3168 populi
1859 3084 2027 3151 desideriis
2045 3084 2177 3168 obsequi
2194 3104 2325 3150 necesse
2342 3083 2445 3148 habe-

434 3173 529 3250 111118
551 3178 590 3235 11
611 3169 746 3236 ecelesia
767 3168 863 3234 malis
883 3170 981 3252 presb
1038 3170 1083 3233 ris
1106 3175 1163 3232 aut
1185 3166 1331 3232 diaconis
1347 3187 1414 3230 non
1466 3167 1556 3233 bant.
1600 3170 1701 3235 Hunc
1719 3169 1868 3236 ordinem
1884 3173 1980 3255 ponit
1994 3170 2072 3246 alibi
2089 3173 2168 3250 Leo,
2183 3172 2212 3256 ⁴)
2232 3191 2333 3253 quum
2350 3168 2444 3233 dicit:

433 3265 638 3343 graderetur,
660 3256 725 3320 nisi
746 3254 890 3320 remedia
917 3276 983 3338 neg
997 3255 1108 3338 ‘geret
1153 3251 1352 3335 Quanquam
1378 3252 1415 3315 in
1467 3253 1650 3336 expetenda
1669 3263 1749 3322 sunt
1769 3263 1847 3322 vota
1867 3258 2002 3337 civium,
2032 3258 2217 3323 testimonia
2230 3256 2445 3340 populorum,

433 3343 634 3428 presbyteris
660 3362 787 3423 quoque
814 3362 944 3424 semper
969 3339 1162 3425 erigebatur
1190 3339 1311 3405 civium
1338 3358 1414 3403 con-
1466 3339 1702 3406 honoratorum
1729 3341 1916 3422 arbitrium,
1950 3343 2063 3408 electio
2091 3343 2294 3410 clericorum.
2344 3341 2443 3406 Item:

433 3451 561 3495 sensus.
598 3426 696 3508 Quod
718 3428 817 3492 etiam
838 3433 978 3491 testatur
999 3446 1104 3491 canon
1122 3425 1250 3509 primus
1268 3422 1341 3488 dist.
1362 3427 1413 3486 67.
1466 3432 1618 3491 teneatur
1630 3427 1874 3493 honoratorum
1895 3429 2129 3507 testimonium,
2157 3429 2353 3512 subscriptio
2380 3426 2445 3493 818-

433 3516 490 3599 qui
511 3512 670 3580 Anacleto
691 3513 857 3577 tribuitur.
893 3513 1045 3595 Denique
1062 3532 1175 3576 omnes
1192 3509 1415 3574 ordinationes
1466 3513 1618 3591 ricorum,
1641 3512 1765 3580 ordinis
1787 3535 1965 3580 consensus
1986 3535 2024 3580 ac
2041 3514 2153 3598 plebis.
2189 3515 2305 3593 Aliter,
2329 3514 2444 3595 inquit,

333 3653 340 3678 ,
433 3600 507 3666 ideo
535 3600 630 3666 statis
656 3599 734 3663 anni
760 3598 961 3682 temporibus
988 3599 1126 3675 fiebant,
1154 3596 1295 3679 nequis
1323 3594 1413 3660 clan-
1465 3597 1539 3662 fieri
1560 3598 1653 3664 nulla
1673 3600 1757 3663 ratio
1779 3600 1865 3665 sinit.
1904 3600 1974 3667 Neo
1996 3599 2085 3678 aliud
2107 3599 2170 3666 sibi
2190 3601 2265 3666 vult
2285 3599 2367 3664 illud
2390 3597 2444 3663 de·
2547 3659 2553 3664 ,

416 3687 547 3753 ·eulum
574 3686 645 3751 sine
674 3683 821 3750 fidelium
847 3705 1009 3750 consensu
1030 3684 1214 3766 obreperet,
1236 3687 1293 3747 aut
1313 3681 1415 3745 nimia
1465 3690 1593 3770 cretum
1614 3683 1732 3770 synodi
1748 3685 1952 3767 laodicensis,
1974 3707 2075 3769 quam
2091 3708 2133 3752 ne
2154 3684 2446 3753 abinconsiderata

434 3771 590 3837 facilitate
613 3770 733 3853 absque
755 3770 892 3836 testibus
913 3776 1168 3854 promoveretur.
1464 3769 1675 3835 multitudine
1696 3772 1866 3854 patiantur
1887 3793 1922 3838 se
1944 3771 2049 3855 abripi
2077 3772 2186 3838 elerici
2212 3779 2246 3836 et
2271 3773 2444 3854 primores;

526 3861 574 3920 11.
618 3856 661 3919 In
689 3855 847 3939 eligendis
874 3857 1032 3940 episcopis
1060 3855 1117 3920 diu
1143 3876 1202 3921 sua
1229 3852 1348 3937 populo
1372 3851 1414 3915 li·
1466 3854 1524 3920 sed
1550 3857 1657 3939 potius
1685 3876 1744 3920 sua
1775 3857 1950 3940 prudentia
1976 3865 2010 3924 et
2038 3860 2200 3942 gravitate
2226 3858 2345 3923 stultas
2374 3857 2445 3921 eius

435 3942 546 4006 bertas
567 3941 629 4005 fuit
649 3949 848 4020 conservata,
871 3964 913 4007 ne
934 3943 1005 4024 quis
1027 3940 1256 4007 obtruderetur
1273 3939 1329 4022 qui
1346 3959 1413 4003 non
1466 3941 1668 4023 cupiditates,
1693 3943 1722 4008 si
1743 3943 1872 4026 quando
1893 3965 1975 4027 opus
1995 3945 2103 4026 fuerit,
2125 3945 2314 4027 reprimant.

434 4027 587 4094 omnibus
610 4033 761 4109 acceptus
782 4034 876 4092 esset
920 4027 994 4093 Hoc
1014 4028 1116 4113 igitur
1137 4027 1173 4091 in
1194 4025 1329 4091 concilio
1355 4045 1413 4089 an-
1555 4031 1603 4091 13.
1647 4029 1741 4094 Haec
1760 4028 1904 4113 eligendi
1924 4031 2008 4095 ratio
2029 4031 2137 4096 adhue
2161 4037 2267 4095 aetate
2291 4027 2446 4112 Gregorii

434 4114 585 4179 tiocheno
603 4113 742 4179 vetitum
760 4119 818 4190 est,
836 4136 879 4178 ne
896 4113 968 4196 quis
984 4113 1098 4181 invitis
1114 4114 1293 4198 ingeratur.
1317 4108 1414 4192 Quod
1465 4112 1609 4192 valebat,
1638 4122 1672 4179 et
1699 4115 1875 4181 verisimile
1897 4124 1948 4183 est
1969 4116 2026 4181 diu
2051 4125 2166 4200 postea
2187 4115 2329 4180 durasse.
2375 4115 2446 4178 1111-

409 4269 412 4276 ,
433 4201 555 4265 etheo
577 4199 703 4283 primus
725 4197 900 4282 diligenter
921 4200 1094 4267 confirmat
1111 4199 1231 4284 (Epist.
1251 4201 1301 4262 90.
1321 4217 1347 4262 8.
1366 4196 1412 4282 2).
1465 4204 1555 4264 stant
1576 4198 1664 4284 apud
1685 4222 1761 4266 eum
1782 4201 1941 4285 plurimae
1962 4203 2118 4287 epistolae
2137 4223 2220 4286 quac
2241 4200 2448 4265 luculentum

433 4285 524 4352 Hinc
549 4286 633 4351 istae
665 4285 859 4349 sententiae:
891 4284 921 4351 is
948 4284 1088 4370 eligatur
1116 4306 1215 4367 quem
1248 4282 1354 4349 clerus
1380 4286 1415 4346 et
1464 4284 1563 4351 huius
1584 4286 1634 4351 rei
1654 4288 1877 4353 testimonium
1899 4288 1987 4353 dant
2032 4287 2169 4370 Quoties
2197 4288 2285 4351 enim
2307 4284 2347 4347 dc
2374 4304 2448 4347 cre-

425 4372 528 4456 81818
556 4378 614 4437 811
647 4370 752 4435 maior
784 4391 941 4437 numerus
969 4371 1174 4455 postularint.
1223 4369 1323 4433 Item:
1356 4367 1414 4450 qui
1443 4370 1550 4436 ‘ando
1571 4371 1690 4437 alicubi
1711 4394 1797 4439 novo
1818 4375 1967 4458 episcopo
1989 4374 2111 4458 agitur,
2134 4372 2273 4439 scribere
2295 4368 2380 4433 solet
2402 4370 2447 4434 ad

432 4458 642 4542 praebiturus
665 4463 716 4522 est
737 4454 896 4536 omnibus,
920 4456 960 4522 ab
982 4458 1133 4522 omnibus
1155 4456 1305 4540 eligatur.
1345 4452 1413 4535 Qui
1465 4457 1597 4537 olerum,
1620 4458 1769 4524 ordinem
1789 4467 1824 4524 et
1844 4460 1987 4544 plebem,
2010 4457 2175 4524 interdum
2196 4456 2296 4520 etiam
2319 4453 2361 4518 ad
2384 4453 2445 4518 du-

432 4545 523 4609 enim
543 4544 675 4627 ignotus
697 4551 730 4607 81
748 4563 817 4607 non
839 4542 1045 4608 examinatus
1061 4543 1258 4626 praeficitur,
1280 4560 1412 4606 necesse
1464 4563 1545 4623 cem,
1568 4552 1666 4627 prout
1687 4551 1738 4609 est
1758 4545 1915 4630 regimen·
1928 4545 2071 4611 civitatis
2088 4543 2311 4609 constitutum.
2346 4538 2444 4620 Quod

433 4636 485 4695 est
505 4637 544 4693 ut
564 4650 623 4712 per
643 4629 713 4694 vim
733 4626 932 4694 intrudatur.
977 4628 1077 4694 Item:
1100 4629 1130 4694 is
1151 4627 1294 4712 eligatur
1315 4627 1370 4709 qui
1392 4646 1413 4689 a
1464 4630 1492 4693 si
1519 4630 1559 4695 ob
1591 4631 1841 4713 incompositum
1874 4631 2028 4698 ecclesiae
2060 4634 2182 4694 statum
2208 4628 2315 4692 vicino
2345 4626 2444 4692 alicui
2510 4637 2517 4650 '

432 4715 559 4781 clericis
586 4714 723 4794 electus,
746 4735 767 4777 a
787 4712 882 4797 plebe
903 4715 1067 4798 expetitus
1089 4715 1201 4793 firerit,
1230 4720 1264 4777 et
1290 4734 1310 4776 8
1336 4733 1412 4796 pro-
1463 4715 1613 4799 episeopo
1634 4717 1868 4798 inspectionem
1888 4717 1924 4781 in
1951 4714 2108 4780 electione
2136 4712 2286 4791 mandat,
2315 4734 2444 4796 semper

434 4799 628 4865 vincialibus
660 4821 736 4865 cum
768 4801 1012 4885 metropolitani
1043 4799 1161 4866 iudicio
1194 4805 1410 4865 consecretur.
1463 4806 1575 4865 tamen
1595 4802 1733 4884 requirit
1760 4801 1893 4867 solenne
1914 4800 2091 4881 decretum,
2113 4801 2262 4864 omnium
2279 4797 2444 4882 subscrip·

435 4883 529 4949 Adeo
556 4893 667 4949 autem
693 4893 852 4951 88181111
878 4886 983 4952 sancti
1008 4892 1119 4970 patres
1147 4906 1189 4950 ne
1217 4884 1284 4949 ullo
1316 4890 1412 4969 pacto
1464 4886 1607 4951 tionibus
1627 4886 1824 4952 roboratum
1863 4885 1954 4967 Quin
1975 4885 2078 4951 etiam
2097 4907 2199 4968 quum
2220 4892 2349 4951 creatus
2370 4885 2444 4949 1118-

1371 2734 1414 2801 ad
1465 2746 1601 2820 poterat.
1646 2740 1716 2805 Aut
1736 2740 1765 2805 si
1787 2762 1807 2806 a
1828 2741 2290 2825 mutumne-incipiebatur,
2313 2749 2447 2805 tantum
2558 2809 2577 2833 ,Ι

434 4969 684 5034 imminueretur
699 4970 781 5035 haec
801 4973 913 5054 populi
929 4973 1072 5051 libertas,
1090 4978 1129 5036 ut
1145 4993 1246 5054 quum
1267 4969 1413 5057 synodus
1464 4969 1586 5035 diolani
1612 4971 1781 5054 episcopus
1808 4979 1894 5038 esset
1921 4971 2307 5055 081818111188111118111,
2342 4970 2444 5035 8181
2544 5006 2550 5017 =

436 5053 632 5119 universalis
664 5053 949 5141 Constantinopoli
987 5064 1184 5142 congregata
1219 5058 1412 5122 Nectarium
1464 5056 1665 5120 incursiones
1690 5056 1905 5142 barbarorum
1931 5057 2031 5122 multi
2055 5056 2353 5123 Mediolanensium
2375 5055 2444 5121 ee-

435 5138 613 5219 ordinaret,
636 5139 670 5204 id
689 5141 796 5207 facere
816 5143 959 5227 noluerit
983 5145 1054 5211 sine
1075 5145 1174 5208 totius
1195 5144 1275 5209 cleri
1296 5150 1330 5208 et
1354 5162 1412 5223 po-
1463 5160 1564 5206 nuam
1591 5142 1825 5226 confugissent,
1852 5166 1919 5209 non
1946 5143 2042 5208 ahter
2061 5144 2132 5210 fore
2157 5144 2339 5228 legitimam
2359 5140 2443 5208 eleo·

435 5225 507 5310 puli
536 5224 788 5311 approbatione;
820 5237 859 5293 ut
886 5252 945 5295 sua
973 5229 1015 5294 ad
1046 5228 1210 5315 synodum
1241 5248 1412 5293 romanam
1464 5227 1587 5292 tionem
1619 5234 1726 5311 putat,
1759 5251 1858 5314 quam
1885 5231 1914 5297 si
1944 5230 2009 5297 isi
2041 5249 2177 5313 quoque,
2210 5231 2247 5294 in
2269 5247 2443 5295 commune

435 5312 573 5397 epistola
593 5318 714 5378 testata
734 5321 793 5379 881.
836 5315 990 5397 Proinde,
1012 5336 1113 5399 quum
1134 5316 1303 5399 episeopus
1324 5313 1412 5398 quis·
1463 5315 1642 5394 convocati,
1660 5318 1786 5384 assensi
1802 5252 1979 5402 foenum)
1996 5316 2069 5381 Imo
2085 5316 2233 5382 nondum
2251 5315 2330 5380 anni
2347 5313 2444 5398 quin·

434 5399 524 5482 piam
546 5419 766 5467 successorem
786 5400 850 5464 sibi
875 5400 1070 5486 designaret,
1092 5423 1158 5466 non
1186 5401 1281 5466 aliter
1301 5408 1413 5466 ratum
1972 5431 1974 5433 >

436 5573 641 5586 ----
1535 5536 1564 5603 1)
1582 5538 1669 5660 113181.
1690 5537 1742 5591 110
1764 5537 1856 5606 (213);
1879 5540 1914 5604 cf.
1937 5543 2060 5592 81188181.
2084 5546 2207 5592 nomam
2224 5539 2264 5593 ad
2287 5536 2373 5590 VIII.
2397 5535 2442 5589 62.

1585 5623 1600 5659 C

506 5669 536 5738 1)
552 5670 627 5724 mbr,
644 5670 669 5725 2·
688 5671 766 5741 opist-
784 5669 809 5724 5·
879 5670 909 5738 2)
931 5669 983 5727 Q
1464 5621 1589 5742 ffir-
1608 5647 1632 5729 2.·
1651 5605 1730 5744 epia)
1744 5608 1819 5728 ἔξω.
1837 5606 1862 5661 I
1881 5624 1903 5661 c.
1922 5604 1964 5660 20.
2035 5605 2065 5674 3)
2084 5607 2112 5660 O.
2133 5606 2172 5660 13.
2243 5605 2442 5675 4111818187.
