5600 6809
2316 754 2383 813 100
2414 708 2420 723 ”

632 741 721 806 LIB.
743 739 807 804 ΠΙ.
851 739 916 804 DE
938 738 1074 806 MODO
1095 738 1447 823 PERCIPOENDAE
1471 739 1660 808 CHRISTI
1682 740 1899 807 asartha.
1941 741 2041 809 CAP.
2063 743 2127 809 ΠΙ.

377 748 439 808 449

318 957 323 967 ’
371 937 518 1017 maus.
565 929 745 994 Notandum
764 895 932 1009 praeterea
955 931 1011 1006 est,
1032 926 1267 1008 poenitentiam,
1300 929 1352 992 cui
1404 950 1488 992 rum.
1532 928 1748 993 Praedicatur
1778 929 1977 1012 poenitentia
2008 930 2045 992 in
2077 932 2208 996 nomine
2241 932 2379 1014 Christi,

377 1018 504 1084 assidue
525 1016 696 1079 incumbere
709 1013 872 1090 iubemur,
901 1013 941 1076 ab
963 1034 1000 1076 ea
1026 1012 1150 1093 differre
1171 1033 1250 1092 qnae
1272 1013 1352 1077 uelut
1405 1034 1507 1095 quum
1528 1035 1587 1096 per
1600 1015 1762 1097 evangelii
1779 1014 1961 1079 doctrinam
1979 1014 2118 1079 audiunt
2139 1017 2287 1084 homines
2301 1041 2379 1085 suas
2481 1071 2485 1079 ,

378 1107 515 1170 amorte
535 1101 647 1166 eccilrd
667 1099 723 1180 qui
744 1100 791 1163 vel
812 1099 939 1179 turpius
957 1099 1134 1176 cecideruut,
1156 1099 1202 1162 oet
1222 1099 1352 1179 effraeni
1404 1101 1631 1182 cogitationes,
1665 1122 1740 1165 suos
1768 1101 1917 1178 affectus,
1951 1120 2010 1163 sua
2037 1109 2090 1164 stu
2115 1123 2147 1165 ra
2172 1117 2324 1187 corrupta
2346 1117 2380 1171 et

326 1216 337 1233 ²
377 1189 502 1257 licentia
520 1209 553 1252 se
568 1186 764 1268 proiecerant
783 1186 826 1249 od
839 1185 1044 1266 pacandum,
1070 1183 1117 1248 oet
1143 1184 1281 1264 quadam
1302 1184 1352 1248 de'·
1403 1185 1521 1249 vitiosa
1543 1208 1628 1264 esse;
1657 1193 1829 1268 propterea
1856 1206 1987 1249 necesse
2009 1207 2080 1250 esse
2093 1186 2117 1270 ¹)
2146 1195 2183 1250 ut
2204 1211 2379 1257 renascan-

376 1274 517 1359 seotionis
537 1273 635 1353 specie
655 1275 854 1335 eacusseraut
869 1271 976 1352 iuqum
989 1268 1061 1333 Dei.
1092 1269 1178 1333 Nam
1195 1271 1351 1350 scribtura
1404 1278 1475 1349 tur,
1505 1273 1535 1334 si
1571 1271 1688 1335 volunt
1712 1271 1841 1353 ingredi
1868 1272 1902 1334 in
1930 1291 2069 1354 regnum
2098 1273 2170 1336 Dei.
2214 1275 2379 1343 Remissio

303 1404 315 1431 1
377 1360 564 1441 saepedum
586 1358 728 1421 bortatur
750 1357 1042 1437 adpoeniteutiam,
1071 1357 1164 1435 quasi
1185 1357 1351 1419 transitum
1403 1363 1609 1437 peccatorum
1642 1355 1860 1438 praedicatur,
1894 1377 1996 1437 quum
2027 1357 2186 1422 docentur
2218 1362 2377 1443 homines,

377 1451 406 1512 et
426 1445 679 1509 resurrectionem
696 1463 717 1505 a
738 1446 832 1505 morte
854 1442 888 1503 in
909 1443 1005 1504 eitam
1024 1440 1195 1523 sacrificat,
1223 1446 1250 1512 et
1276 1443 1351 1505 diem
1404 1440 1575 1506 Christum
1596 1440 1658 1507 sibi
1679 1443 1799 1505 factum
1824 1462 1894 1505 esse
1916 1441 2182 1524 redemptionem,
2208 1445 2378 1530 iustitiam,

377 1532 470 1611 refert
485 1530 637 1611 populum
654 1530 751 1609 egisse
762 1527 993 1607 poenitentiam,
1012 1526 1050 1590 ab
1067 1527 1246 1590 idolotatria
1261 1527 1351 1590 aliis·
1403 1526 1556 1607 salutem,
1590 1536 1623 1593 et
1654 1528 1757 1591 vitam
1792 1528 1824 1609 (l
1851 1526 1925 1592 Cor.
1959 1532 1991 1606 1,
2014 1527 2084 1611 30);
2123 1530 2216 1594 cuius
2247 1537 2379 1600 nomine

378 1638 436 1698 que
457 1617 576 1680 crassis
596 1612 758 1678 sceleribus
779 1632 956 1676 conensem
975 1614 1075 1693 tuisse
1093 1613 1244 1694 iutcttiqit.
1282 1613 1351 1692 Qua
1404 1614 1506 1695 gratis
1528 1615 1563 1676 in
1581 1615 1644 1677 Dei
1667 1620 1839 1694 conspectu
1861 1613 1940 1676 iusti
1963 1614 2147 1678 habeantur
2164 1624 2203 1681 01
2223 1618 2379 1684 innoeen-

378 1704 497 1769 ratione
521 1700 647 1764 Paulus
674 1699 788 1762 lardum
804 1697 1015 1778 peecatoribus
1041 1696 1349 1780 1100011110112001,
1404 1707 1461 1761 tes.
1505 1698 1653 1780 Utraque
1680 1699 1787 1782 gratia
1814 1720 1915 1780 quum
1944 1699 2008 1762 fids
2035 1701 2303 1782 apprehendatur
2327 1708 2380 1786 (ut

382 1791 430 1864 12,
451 1788 521 1869 21),
547 1787 602 1867 qui
617 1785 838 1866 poenitemiam
859 1787 1067 1866 uon‘eqeruut
1084 1803 1180 1865 super
1200 1784 1350 1862 lasciuiis,
1404 1783 1483 1848 alibi
1505 1783 1765 1848 demonstratum
1782 1784 1856 1866 est),
1882 1785 1957 1865 quia
1980 1793 2089 1850 tamen
2111 1789 2282 1869 proprium
2303 1791 2380 1860 fidei

378 1875 558 1939 scortatiorce
591 1876 618 1934 et
650 1870 855 1952 impudicitia.
900 1868 967 1932 Hoc
998 1870 1164 1933 discrimen
1193 1869 1353 1950 dilianator
1405 1871 1566 1934 obiectum
1577 1871 1700 1934 estDei
1711 1868 1913 1951 bonitasque
1925 1879 2058 1951 peccata
2071 1873 2293 1953 remittuntur,
2306 1898 2380 1941 eam

381 1958 604 2024 observandum
626 1962 677 2033 est,
700 1977 739 2019 ne
759 1955 813 2018 ubi
827 1974 949 2035 paucos
970 1955 1117 2018 audimus
1139 1955 1181 2018 ad
1196 1957 1352 2035 poeniten
1405 1978 1425 2019 a
1443 1955 1643 2038 poenitentia
1662 1956 1837 2037 diligenter
1852 1954 2007 2036 distingui
2020 1978 2137 2038 operae
2150 1961 2292 2039 pretium
2304 1963 2377 2026 11111.

379 2046 457 2109 tiam
475 2044 576 2121 citari,
597 2042 685 2107 nomn
705 2042 823 2120 supina
839 2040 962 2119 obrepat
979 2041 1136 2117 securitas,
1159 2041 1251 2120 quasi
1271 2040 1352 2103 nibil
1491 2045 1541 2105 20.
1581 2042 1685 2105 Porro
1706 2050 1745 2104 ut
1765 2040 1889 2122 peccati
1911 2040 2031 2117 odium,
2054 2043 2138 2124 quod
2160 2047 2379 2124 poeniteutiae

379 2130 518 2210 amplius
548 2129 591 2192 ad
616 2148 672 2192 nos
698 2128 866 2206 pertineret
891 2127 997 2189 carnis
1022 2127 1231 2206 certificatio,
1262 2126 1353 2189 cuites
1405 2126 1576 2190 exordium
1598 2138 1661 2205 est,
1679 2128 1821 2208 primum
1843 2125 1935 2189 uobis
1957 2126 1999 2189 ad
2017 2127 2142 2193 Christi
2161 2132 2380 2212 cognitionem

380 2236 487 2280 curam
514 2216 664 2278 remittere
691 2233 752 2275 ram
773 2212 956 2292 permittunt
982 2231 1060 2290 quae
1086 2232 1142 2275 nos
1169 2231 1289 2291 suuper
1316 2211 1353 2274 ti·
1404 2212 1590 2294 ingressum
1612 2215 1726 2294 aperit,
1749 2212 1804 2293 qui
1826 2212 1928 2276 nullis
1950 2234 1984 2276 se
2002 2213 2143 2292 exhibet,
2167 2218 2229 2280 uisi
2252 2219 2380 2282 miseris

379 2301 482 2365 tittaut
504 2320 627 2382 prauae
652 2297 850 2378 cupiditates,
884 2301 911 2359 et
937 2317 1016 2376 quae
1043 2296 1173 2361 subinde
1193 2297 1354 2376 pullulant
1405 2306 1438 2360 et
1460 2299 1587 2362 afflictis
1610 2298 1842 2381 peecatoribus,
1869 2298 1925 2379 qui
1947 2307 2090 2380 gemunt,
2114 2301 2272 2378 laborant,
2301 2325 2380 2368 one-

380 2387 464 2450 oitia.
512 2385 663 2465 Specialis
694 2404 764 2464 erqo
790 2383 980 2461 poenitentia
1013 2403 1092 2461 quoe
1120 2404 1140 2445 a
1167 2382 1353 2462 quibusdam
1405 2383 1468 2445 rati
1496 2391 1587 2457 suut,
1621 2385 1782 2456 esuriunt,
1817 2384 1947 2460 sitiunt,
1975 2382 2084 2449 dolore
2112 2393 2145 2449 et
2169 2388 2302 2452 miseria
2329 2396 2379 2454 ta—

380 2476 499 2535 tantam
521 2472 670 2551 eripitur,
699 2489 775 2547 quos
795 2467 936 2531 diabolus
957 2488 977 2529 a
1000 2466 1063 2529 Dei
1084 2469 1191 2531 timore
1213 2468 1353 2548 abreptos
1406 2466 1543 2532 bescunt
1572 2469 1648 2550 (Ies.
1669 2474 1725 2546 61,
1748 2474 1779 2545 1;
1802 2469 1922 2533 Matth.
1946 2474 2000 2548 11,
2021 2475 2054 2547 5;
2076 2471 2156 2536 Luc.
2176 2480 2212 2551 4,
2236 2475 2304 2556 18),
2332 2476 2381 2539 110

379 2557 561 2621 exitialibus
578 2556 698 2633 laqueis
714 2554 877 2632 implicuit,
900 2552 1096 2616 ordinariam
1118 2553 1280 2631 sustollit,
1303 2553 1353 2616 cui
1406 2553 1440 2616 in
1468 2555 1703 2634 poenitentiam
1731 2556 1834 2636 ipsam
1857 2556 1951 2632 eniti,
1979 2563 2048 2618 tota
2070 2558 2139 2621 vita
2165 2559 2201 2620 in
2228 2579 2301 2622 eam
2327 2560 2380 2622 in·

373 2664 443 2723 per⁴
456 2646 549 2705 totum
571 2642 651 2703 ritae
672 2638 862 2703 curriculum
883 2658 1009 2718 apuam
1029 2639 1108 2703 dare
1129 2658 1184 2702 nos
1206 2640 1284 2721 cepit
1299 2659 1354 2701 na-
1406 2637 1571 2714 cumbere,
1594 2660 1666 2702 eam
1688 2639 1729 2702 ad
1751 2639 1903 2702 ultimum
1926 2643 2078 2722 prosequi
2100 2664 2160 2708 uos
2182 2652 2323 2725 oportet,
2353 2648 2380 2709 si
2444 2654 2447 2658 '

379 2733 469 2791 turae
490 2727 652 2804 corruptio.

470 2816 516 2874 19.
561 2811 664 2874 Porro
692 2809 719 2872 si
748 2830 863 2873 verum
891 2815 940 2871 est
966 2808 1051 2888 quod
1078 2808 1255 2873 clarissime
1278 2830 1353 2874 ceu-

379 2904 453 2975 stat,
476 2904 578 2960 tetam
597 2894 757 2978 evangelii
776 2914 938 2958 summam
960 2893 1085 2957 duobus
1106 2894 1177 2958 istis
1195 2896 1354 2976 capitibus

380 2984 548 3058 contineri,
571 2981 779 3064 poenitentia,
802 2989 835 3044 et
852 2987 1058 3061 peecatorum
1075 2981 1272 3056 remissione,
1296 3002 1354 3044 an-

289 3066 294 3071 ’
380 3091 444 3133 nen
467 3068 629 3143 videmus,
652 3067 833 3131 Dominum
854 3064 926 3128 ideo
947 3065 1050 3146 gratis
1072 3086 1147 3127 suos
1169 3066 1353 3143 iustificare,

380 3176 442 3236 quo
472 3175 526 3217 eos
554 3152 650 3216 simul
673 3152 805 3234 spiritus
833 3151 885 3214 sui
912 3150 1220 3214 sanctificationem
1242 3172 1354 3215 veram

380 3240 541 3303 iustitiam
564 3237 744 3302 instauret?
790 3238 947 3313 Ioannes,
978 3235 1113 3319 augelus
1136 3244 1211 3299 ante
1239 3237 1354 3301 faciem

381 3324 506 3389 Christi
533 3325 651 3387 missus
681 3323 722 3387 ad
750 3323 821 3388 vias
849 3323 919 3385 eius
939 3320 1195 3403 praeparandas,
1225 3322 1354 3404 praedi-

380 3410 492 3475 cabat:
529 3409 765 3491 poeniteutiam
804 3408 890 3490 agite
902 3431 910 3485 ;
956 3407 1229 3488 appropinquavit
1267 3409 1354 3471 euim

381 3518 517 3578 reguum
547 3495 710 3559 coelorum
739 3492 873 3578 (Matth.
899 3496 932 3571 3,
953 3492 996 3575 2).
1041 3492 1096 3555 Ad
1122 3493 1354 3574 poenitentiam

380 3581 550 3645 invitando
583 3580 737 3644 monebat
775 3588 813 3642 ut
846 3600 881 3642 se
913 3584 1098 3659 peccatores
1129 3588 1352 3662 agnoscerent,

382 3688 504 3748 suaque
527 3667 637 3729 emnia
659 3686 769 3729 coram
791 3665 934 3727 Domino
958 3663 1128 3741 damnata,
1157 3686 1219 3747 quo
1248 3666 1354 3730 carnis

381 3773 460 3816 suae
489 3752 773 3815 mortificationem
801 3772 838 3814 ao
867 3769 988 3812 novam
1015 3749 1050 3811 in
1078 3749 1195 3832 spiritu
1218 3771 1354 3834 regene-

380 3840 542 3903 rationem
569 3838 647 3899 totis
675 3837 760 3899 votis
788 3842 988 3915 expeterent.
1033 3835 1187 3917 Regnum
1208 3835 1273 3900 Dei
1295 3858 1353 3899 an-

1406 2722 1974 2789 10011110100000101010110111111110.
2014 2727 2067 2789 Ad
2086 2739 2271 2810 peccatores
2291 2733 2380 2794 enim
2441 2769 2446 2775 ·

1405 2808 1569 2873 vocandos
1591 2811 1696 2888 venit,
1720 2810 1777 2873 sed
1799 2806 1840 2873 ad
1861 2812 2095 2890 poenitentiam
2118 2815 2252 2896 (Matth.
2273 2821 2301 2895 9,
2324 2821 2380 2896 133

1406 2896 1479 2960 Act.
1501 2899 1534 2972 3,
1554 2897 1594 2956 26
1617 2905 1651 2958 01
1673 2901 1700 2972 5,
1721 2895 1786 2977 31).
1831 2895 1953 2958 Μ100110
1980 2905 2030 2960 001
2055 2899 2096 2960 ad
2124 2900 2381 2968 benedicendum

1406 2980 1564 3063 indignis;
1593 2979 1650 3045 sed
1675 3001 1738 3061 quo
1766 3002 1800 3045 se
1830 2989 2000 3044 convertat
2027 2986 2249 3066 unusquisque
2278 3009 2297 3050 a
2323 3010 2381 3051 ne-

1407 3067 1510 3148 quitia
1538 3087 1606 3130 sua.
1651 3066 1756 3130 Plena
1788 3074 1838 3130 est
1864 3067 2027 3147 scriptura
2051 3070 2209 3133 eiusmodi
2237 3073 2379 3137 vecibus

1407 3150 1518 3231 Quare
1535 3152 1591 3215 ubi
1605 3160 1810 3234 peccatorum
1828 3153 2050 3216 remissionem
2068 3155 2164 3217 offert
2177 3156 2276 3233 Deus,
2300 3159 2381 3221 resi·

1406 3238 1598 3320 piscentiam
1611 3239 1754 3302 vicissim
1768 3237 1917 3320 stipulari
1933 3238 2001 3301 fere
2014 3238 2110 3315 solet;
2127 3240 2269 3303 innuens
2288 3263 2381 3306 suam

1406 3323 1661 3387 misericordiam
1689 3323 1899 3405 resipiscendi
1934 3344 2067 3388 causam
2095 3325 2283 3390 homiuibus
2310 3349 2381 3392 esse

1407 3408 1532 3473 debere.
1577 3409 1705 3486 Facite,
1729 3409 1850 3492 iuquit,
1874 3409 2029 3473 iudicium
2051 3416 2084 3473 et
2106 3411 2279 3475 iustitiam:
2305 3415 2382 3494 quia

1407 3494 1495 3558 salus
1516 3496 1788 3576 appropinquavit
1806 3494 1882 3577 (les.
1897 3501 1946 3574 56,
1963 3497 2003 3572 l).
2037 3496 2135 3559 Item:
2159 3498 2268 3560 veniet
2287 3496 2382 3563 Sioni

1406 3579 1605 3661 redemptor,
1640 3587 1672 3644 et
1698 3580 1739 3644 iis
1766 3582 1821 3663 qui
1850 3582 1884 3644 in
1911 3580 2008 3644 Iacob
2036 3583 2232 3663 resipiscunt
2260 3605 2280 3647 a
2307 3605 2382 3665 pec-

1406 3666 1486 3730 catis
1509 3664 1599 3750 (ibid.
1620 3671 1675 3744 59,
1693 3665 1758 3749 20).
1803 3666 1903 3730 Item:
1933 3666 2079 3748 quaerite
2101 3668 2281 3731 Dominum
2303 3668 2382 3733 dum
2486 3714 2491 3731 .

1406 3752 1547 3815 1111011111
1567 3759 1687 3833 potest,
1715 3753 1863 3816 invocate
1890 3773 1966 3815 eum
1994 3751 2073 3816 dum
2101 3774 2201 3835 prope
2228 3763 2292 3834 est;
2326 3754 2382 3820 de·

1394 3836 1568 3918 ,relinquat
1595 3837 1714 3917 impius
1737 3839 1826 3900 viam
1849 3858 1956 3915 suam,
1980 3844 2013 3901 et
2034 3838 2239 3919 iniquitatem
2260 3841 2396 3923 eogita·'

380 3919 561 3986 nrrntiaudo
587 3921 627 3983 ad
649 3921 747 3984 fidem
768 3921 904 3984 vocabat
911 3943 918 3998 ;
946 3920 1105 4001 siquidem
1130 3942 1188 4002 per
1213 3943 1353 4004 rognum
1406 3923 1531 3985 tionum
1549 3944 1692 4000 suarum,
1715 3935 1749 3986 et
1767 3922 1808 3985 ad
1825 3923 2005 3987 Dominum
2025 3933 2241 4003 convertatur,
2265 3932 2298 3989 et
2319 3926 2382 3989 mi-

380 4008 446 4072 Dei
473 4005 560 4087 quod
589 4006 723 4071 docebat
749 4006 784 4069 iu
812 4006 992 4087 propinquo
1015 4027 1099 4084 esse,
1128 4008 1353 4071 remissionem
1405 4008 1565 4072 serebitur
1587 4008 1656 4071 eius
1678 4006 1768 4086 (ibid
1789 4012 1844 4084 55,
1865 4008 1908 4090 6).
1953 4009 2054 4072 Item:
2081 4010 2324 4090 convertimini,
2349 4018 2382 4076 et

380 4103 596 4177 peecatorum,
620 4093 768 4167 salutem,
792 4091 903 4167 vitam,
930 4099 963 4154 et
984 4089 1142 4172 quidquid
1163 4093 1295 4157 omniuo
1318 4094 1353 4156 in
1404 4093 1593 4174 resipiscite,
1621 4101 1657 4155 ut
1679 4093 1851 4156 deleantur
1869 4101 2002 4176 peecata
2023 4101 2133 4159 vestra
2154 4094 2241 4179 (Aet.
2264 4101 2293 4174 2,
2313 4096 2380 4180 38).

382 4179 513 4242 Christo
536 4177 750 4258 assequimur,
774 4176 984 4257 significabat.
1030 4174 1140 4255 Quare
1163 4177 1250 4259 apud
1273 4177 1353 4242 alios
1404 4179 1471 4243 Uhi
1497 4187 1608 4241 tamen
1629 4177 1852 4242 adnotandum
1874 4187 1937 4256 est,
1966 4201 2033 4243 nou
2062 4201 2135 4244 eam
2162 4181 2380 4245 conditionem

382 4263 600 4345 evangelistas
622 4262 755 4345 legitur:
785 4262 876 4325 venit
897 4262 1037 4325 Ioannes
1061 4261 1252 4343 praedicans
1273 4263 1352 4344 bap·
1406 4264 1452 4329 sio
1485 4264 1602 4344 apponi
1634 4264 1728 4344 quasi
1760 4265 1952 4329 emerendae
1984 4267 2099 4330 veniae
2131 4266 2380 4329 fundamentum

382 4351 516 4412 tismum
548 4349 782 4430 poenitentiae,
821 4347 856 4410 iu
886 4346 1111 4411 remissionem
1143 4357 1353 4430 peccatorum
1405 4350 1449 4414 sit
1474 4358 1587 4413 nostra
1615 4349 1852 4432 resipiscentia;
1880 4352 1960 4433 quin
1986 4352 2095 4432 potius
2123 4351 2213 4433 (quia
2232 4351 2267 4412 in
2290 4350 2380 4416 hune

382 4435 497 4518 (Maro.
522 4439 598 4511 1,4;
617 4435 698 4498 Luc.
718 4436 747 4511 3,
768 4432 811 4516 3).
849 4431 945 4511 Quod
963 4432 1040 4513 quid
1062 4432 1152 4496 aliud
1175 4441 1232 4510 est,
1255 4454 1353 4514 quam
1406 4437 1506 4498 finem
1535 4435 1705 4498 hominum
1732 4436 1879 4499 misereri
1910 4437 2025 4500 statuit
2047 4435 2209 4499 Dominus
2236 4442 2274 4497 ut
2299 4437 2380 4499 resi·

253 4553 263 4564 ·
382 4529 419 4583 ut
441 4527 649 4602 peecatorum
671 4520 756 4583 mole
777 4519 881 4600 pressi
903 4525 937 4582 et
957 4518 1087 4600 fatigati
1110 4516 1151 4581 ad
1173 4519 1353 4582 Dominum
1405 4520 1562 4604 piscant),
1585 4541 1650 4602 que
1671 4520 1715 4584 sit
1735 4519 1936 4586 tendendum
1957 4521 2089 4597 indicat,
2112 4521 2139 4583 si
2160 4520 2300 4601 gratiam
2323 4521 2381 4584 ob-

382 4627 415 4669 se
445 4613 687 4681 converterent,
722 4627 759 4669 00
789 4603 828 4667 de
856 4604 1047 4668 remissione
1075 4611 1108 4667 et
1134 4604 1240 4668 salute
1262 4627 1354 4687 spem

381 4691 607 4769 conciperent?
643 4690 699 4755 Sia
722 4698 755 4755 et
777 4690 930 4754 Christus
952 4710 1028 4754 suas
1050 4689 1222 4754 conciones
1244 4691 1353 4772 auspi-

381 4784 474 4839 catus
492 4783 541 4836 est
561 4775 677 4855 (Marc.
694 4782 719 4853 l,
736 4777 804 4860 15):
828 4775 1103 4858 appropinquavit
1121 4798 1257 4858 reguum
1276 4776 1353 4854 Dei;

381 4859 617 4943 poenitentiam
633 4863 727 4942 agito,
748 4869 781 4924 et
792 4861 912 4926 credite
929 4862 1107 4944 evangelio.
1136 4862 1287 4926 Primum
1298 4862 1354 4926 de-

382 4946 492 5021 clarat,
510 4943 682 5008 thesauros
700 4947 939 5012 misericordiae
951 4948 1016 5012 Dei
1033 4948 1071 5015 ih
1086 4971 1121 5013 se
1137 4956 1275 5030 apertos,
1299 4948 1354 5012 de-

382 5030 457 5094 inde
470 5029 705 5112 poeniteutiam
722 5032 832 5113 exigit,
850 5042 921 5096 tum
933 5044 1095 5115 postremo
1111 5033 1263 5099 fiduciam
1276 5055 1354 5117 erga

382 5117 445 5180 Dei
457 5114 697 5197 promissiones.
726 5115 842 5195 Itaque
859 5139 960 5199 quum
976 5127 1077 5184 totam
1095 5120 1258 5203 evangelii
1270 5141 1353 5183 sum-

383 5222 466 5266 mam
493 5200 634 5264 breviter
661 5199 829 5281 complecti
858 5200 977 5278 voluit,
1011 5204 1095 5268 dixit
1117 5205 1213 5286 (Luc.
1234 5208 1291 5282 24,
1312 5209 1352 5268 26

382 5295 415 5350 01
432 5287 489 5384 ab)
513 5308 547 5350 se
569 5286 749 5368 oportuisse
759 5285 835 5366 pati,
858 5307 1029 5368 resurgere
1051 5311 1071 5352 a
1088 5292 1235 5368 mortuis,
1258 5312 1353 5373 prae-

383 5371 483 5436 dicam
508 5374 542 5436 iu
570 5371 703 5436 nemine
731 5390 791 5434 suo
813 5370 1050 5451 poeniteutiam
1072 5381 1106 5435 et
1126 5375 1352 5439 remissionem

382 5467 595 5538 peccatorum.
625 5457 664 5521 Id
687 5465 720 5521 ot
741 5455 879 5538 apostoli
898 5461 972 5537 post
993 5456 1062 5521 eius
1082 5460 1352 5524 resurrectionem

382 5542 611 5624 praedicarunt
632 5542 719 5626 (Act.
735 5546 763 5619 5,
777 5542 842 5626 31),
865 5540 1044 5606 excitatum
1066 5539 1184 5619 aDeo,
1208 5543 1249 5607 ad
1272 5542 1351 5607 dan-

372 5625 458 5693 dam
482 5629 719 5711 poeuitentiam
739 5627 869 5707 Israeli,
898 5632 933 5691 01
959 5626 1184 5692 remissionem
1204 5635 1351 5710 peceato-

488 5729 597 5786 Calbim
611 5747 702 5801 opera
742 5731 798 5788 Vol.
817 5730 862 5786 11.

1407 4608 1511 4669 tinere
1538 4606 1660 4670 volunt.
1706 4606 1869 4683 Proinde,
1899 4606 2002 4670 donec
2029 4606 2065 4667 in
2088 4625 2216 4669 carcere
2238 4607 2382 4686 corporis

1406 4692 1509 4755 nostri
1550 4692 1787 4771 habitabimus,
1828 4692 1957 4757 assidue
1996 4690 2088 4754 nobis
2128 4710 2203 4753 eum
2242 4701 2380 4757 naturae

1406 4787 1536 4840 nostrae
1559 4786 1728 4860 corruptae
1748 4778 1837 4842 vitiis
1859 4775 2049 4842 luctandum
2062 4781 2120 4851 est,
2144 4773 2287 4857 adeoque
2305 4799 2381 4842 cum

1406 4862 1550 4927 naturali
1571 4872 1682 4927 nostra
1703 4865 1821 4928 anima.
1860 4863 1951 4925 Dicit
1970 4861 2139 4940 aliquoties
2161 4861 2308 4945 Plat0,²)
2330 4864 2380 4929 vi·

1406 4959 1475 5013 tam
1501 4948 1687 5031 philosophi
1714 4948 1958 5013 meditationem
1986 4965 2056 5008 esse
2089 4947 2213 5010 mortis.
2258 4947 2380 5014 Verius

1407 5035 1500 5099 nobis
1527 5032 1634 5099 dicere
1656 5035 1746 5112 licet,
1774 5035 1876 5098 vitam
1904 5031 2074 5095 christiani
2101 5031 2243 5097 hominis
2264 5054 2380 5116 perpe·

1406 5128 1502 5184 tuum
1529 5141 1599 5184 esse
1626 5119 1770 5183 studium
1785 5125 1828 5182 ‘et
1849 5117 2114 5182 exercitationem
2135 5119 2381 5184 mortificandae

1406 5207 1522 5281 carnis,
1546 5205 1647 5268 donee
1669 5223 1708 5266 ea
1729 5203 1825 5285 plane
1847 5205 2043 5285 interempta
2065 5202 2198 5286 spiritus
2218 5204 2281 5269 Dei
2301 5224 2377 5287 reg-

1405 5312 1486 5355 num
1507 5291 1542 5354 in
1564 5288 1655 5353 uobis
1677 5289 1827 5352 obtineat
1862 5287 1974 5368 Quare
1995 5287 2089 5352 illum
2111 5288 2252 5353 arbitror
2272 5289 2376 5371 pluri·

1404 5398 1495 5440 mum
1515 5373 1703 5457 profecisse,
1733 5374 1790 5455 qui
1816 5375 1877 5439 sibi
1898 5375 2077 5459 plurimum
2100 5373 2269 5457 displicere
2292 5372 2376 5437 didi-

1472 5578 1501 5637 1)
1521 5575 1594 5627 Edd.
1614 5573 1783 5630 leot-1637
1802 5595 1852 5632 om.
1871 5597 1938 5633 0000.

2007 5579 2037 5647 2)
2054 5579 2087 5632 Id
2104 5595 2164 5630 cum
2181 5579 2255 5642 alibi,
2273 5584 2332 5630 tum
2349 5580 2379 5631 iu

1404 5646 1556 5707 Phaedone,
1575 5645 1666 5695 multis
1685 5645 1812 5714 disputat.

2142 5729 2176 5783 29
