5600 6809
442 746 505 808 rvo
556 819 562 830 ,
622 744 628 751 ·
815 774 821 790 ι
892 821 897 851 Ι
1086 731 1478 802 mauraneum.
1501 730 1681 798 enarer.
1705 735 1796 798 1559.
2101 744 2110 765 ν
2386 733 2450 796 reo

344 965 347 969 ,
446 931 603 1011 detleacrit
620 929 662 994 dd
683 925 888 990 mendacium.
916 922 961 988 Et
977 930 1066 1002 certe,
1089 927 1252 1004 commpto
1270 921 1334 986 Dei
1354 941 1422 986 oer-
1477 921 1563 1002 Quae
1584 922 1707 985 oiddur
1725 921 1828 1001 fuisse
1846 921 1929 986 ratio
1949 920 2167 986 cummunis
2188 919 2330 985 ecclesiae
2351 921 2451 984 docto-

346 1023 357 1037 '
447 1017 497 1095 bo,
531 1015 683 1081 mcutdur
709 1012 811 1077 omnis
837 1012 907 1074 cius
933 1011 1119 1088 reuerentia;
1146 1009 1222 1090 quia
1249 1028 1303 1073 nec
1329 1008 1423 1072 aliter
1473 1006 1570 1085 ribus,
1605 1026 1662 1070 cur
1689 1007 1813 1072 obscure
1845 1012 1965 1071 tantum
1989 1007 2235 1088 perstrinqereut
2264 1005 2319 1070 boc
2340 1009 2450 1087 caput,⁴

447 1102 587 1168 consistit
612 1101 682 1165 eius
712 1098 862 1169 maiestas
888 1096 969 1159 iuter
994 1116 1067 1173 uas,
1097 1114 1151 1159 noc
1177 1096 1294 1177 inteqer
1319 1096 1423 1157 manet
1473 1093 1583 1157 saltem
1603 1093 1711 1157 minus
1731 1092 1868 1157 dilucide
1889 1113 1983 1173 quam
1995 1095 2148 1173 parerat
2163 1091 2360 1173 explicarent.
2385 1090 2451 1156 Ne·

447 1188 516 1252 eius
538 1186 647 1265 cubus,
669 1185 733 1247 nisi
756 1183 830 1245 dcem
849 1180 889 1244 ab
910 1181 979 1245 eius
994 1181 1164 1260 pendemus
1189 1199 1248 1244 ore.
1283 1177 1422 1243 Proinde
1473 1198 1532 1258 que
1553 1183 1656 1243 tamen
1676 1175 1751 1243 laec
1771 1178 1927 1243 timiditas
1947 1178 2065 1259 efficere
2086 1176 2190 1258 potuit
2210 1177 2287 1258 quin
2309 1181 2451 1260 surqcret

447 1272 616 1355 infidelitas
638 1270 734 1334 radia
755 1267 933 1349 defectionis
953 1266 1025 1346 fuit.
1069 1263 1157 1329 Hinc.
1175 1270 1278 1329 anum
1298 1264 1423 1329 emersit
1476 1262 1641 1347 Pelaqius,
1678 1265 1771 1328 cuius
1795 1264 1970 1345 profanum
2000 1266 2199 1328 calamentum
2228 1262 2307 1342 fuit:
2338 1262 2451 1327 Adam

447 1356 589 1431 antidio,
618 1361 646 1420 et
672 1353 828 1434 superbia,
850 1351 964 1432 quibas
985 1371 1111 1415 annena
1130 1351 1195 1432 fuit
1220 1350 1421 1433 inpratitudo,
1473 1370 1530 1414 sua
1561 1354 1681 1414 muttum
1708 1349 1823 1414 damno
1842 1369 1999 1429 peccasse,
2026 1347 2108 1412 nibil
2139 1349 2278 1412 nocuisse
2303 1349 2449 1429 posteris.

447 1443 529 1525 quod
545 1442 661 1519 Adam,
680 1440 758 1522 plus
774 1437 1049 1517 appetendoquam
1066 1456 1239 1503 cancesaun
1257 1441 1423 1513 crottam
1474 1435 1546 1500 Hac
1567 1436 1680 1500 scitica
1707 1436 1824 1499 nautia
1844 1440 1938 1500 satan
1964 1434 2106 1499 morbum
2132 1434 2257 1515 teqendo
2288 1432 2451 1499 incurabi-

329 1584 331 1588 .
447 1534 512 1592 mm
534 1527 599 1592 Dei
621 1525 835 1590 liberalitatem
856 1542 918 1601 qua
940 1522 1060 1587 ditans
1087 1528 1168 1600 erat,
1190 1522 1318 1604 indique
1338 1541 1424 1601 spre-
1474 1521 1534 1585 lem
1564 1521 1691 1586 reddere
1730 1521 1865 1585 amauit.
1918 1519 2078 1586 Οαεέεηιοη
2110 1539 2213 1601 quum
2243 1520 2451 1584 evinceretur

446 1615 499 1677 ait.
551 1612 638 1677 Haec
665 1630 734 1674 aero
756 1608 941 1690 prodiqiosa
967 1608 1213 1689 sationales,
1235 1605 1424 1687 terraefiti'o
1473 1607 1646 1672 manifesto
1668 1607 1849 1689 scripturae
1876 1606 2075 1684 testimonio,
2104 1611 2274 1687 peccatum
2295 1626 2316 1670 a
2339 1604 2450 1687 primo

441 1718 563 1780 parum
582 1697 683 1761 uidem
705 1695 786 1775 qaod
806 1693 848 1757 ad
869 1692 1108 1758 similitudinem
1128 1691 1193 1757 Dei
1212 1693 1316 1773 factus
1336 1695 1421 1770 esset,
1474 1692 1606 1760 homine
1633 1693 1803 1757 transiisse
1827 1692 1864 1756 in
1884 1698 1989 1756 totam
2007 1691 2248 1774 posteritatem,
2272 1690 2474 1756 cavillata-⁵

446 1785 513 1848 nisi
535 1784 657 1848 accedat
678 1779 859 1860 aequalitas.
906 1777 944 1841 Si
963 1780 1089 1862 foedum
1110 1782 1138 1842 et
1158 1777 1342 1843 anseaabile
1362 1797 1424 1843 sce·
1475 1786 1530 1841 tur
1560 1778 1731 1843 transiisse
1761 1799 1821 1860 per
1852 1777 2084 1853 imitationem,
2120 1797 2196 1851 non·
2223 1777 2449 1860 propaginem.

446 1869 498 1934 lus
518 1873 562 1932 est
583 1866 759 1947 apostasia,
781 1883 845 1944 qua
861 1884 894 1928 ee
915 1863 1002 1929 borno
1030 1864 1197 1929 conditoris
1218 1865 1270 1928 sui
1291 1863 1423 1943 imperia
1473 1865 1564 1946 Ergo
1592 1862 1669 1928 boni
1694 1864 1759 1929 viri
1785 1865 1820 1928 in
1847 1863 1910 1929 hoc
1944 1861 2155 1928 elaborarunt
2190 1860 2243 1945 (aa
2273 1882 2352 1943 prae
2374 1862 2451 1926 aliis
2492 1932 2502 1943 ,

447 1953 603 2031 subducit,
632 1954 694 2016 irno
716 1950 894 2032 petulanter
916 1951 1029 2016 caecutit
1055 1952 1124 2014 eius
1145 1950 1269 2032 iuqum,
1298 1951 1422 2030 frustra
1474 1948 1706 2034 Augustinus),
1725 1957 1764 2013 ut
1784 1948 1992 2014 ostenderent
2012 1967 2073 2012 nos
2091 1968 2157 2012 non
2179 1947 2281 2011 ascita
2300 1947 2452 2031 nequitia

447 2043 629 2104 artmuatur
648 2042 810 2118 peccatum
836 2035 937 2100 Adae.
989 2035 1175 2116 Quanquam
1202 2055 1263 2099 nan
1290 2034 1423 2115 simplex
1474 2036 1657 2118 corrumpi,
1680 2035 1738 2100 sed
1761 2034 1945 2119 ingenitam
1966 2033 2175 2099 vitiositatem
2200 2031 2240 2097 ab
2261 2040 2356 2098 utero
2376 2054 2451 2098 ma·

446 2124 607 2205 apostasia
627 2124 706 2205 fuit,
728 2120 783 2185 sed
804 2140 873 2184 auru
898 2120 999 2202 foedis
1025 2122 1061 2185 in
1082 2120 1186 2185 Deum
1209 2120 1334 2202 probris
1355 2138 1423 2182 con-
1473 2121 1533 2185 tris
1566 2120 1692 2185 afferro.
1749 2119 1847 2201 Quod
1872 2119 2012 2186 inficiari
2045 2138 2192 2183 summae
2223 2116 2465 2201 impudentiae

448 2213 569 2287 iuncta,
609 2210 685 2274 dum
722 2212 851 2270 satanae
883 2205 1051 2271 cdumniis
1082 2205 1277 2271 sncbscribunt
1308 2203 1423 2287 quibus
1474 2206 1543 2270 fuit.
1589 2204 1657 2271 Sed
1678 2207 1930 2290 Pelagianorum
1957 2212 1991 2270 et
2012 2203 2294 2270 Caelestianorum
2315 2204 2449 2269 tomeri-

447 2295 554 2359 Deum
576 2299 603 2359 et
629 2293 784 2357 mendacii
805 2295 833 2355 ct
851 2291 990 2356 mvidiae
1018 2296 1045 2355 a
1065 2291 1272 2375 mdiqnitatis
1293 2292 1423 2354 iunicum
1473 2299 1577 2355 tatem
1596 2312 1663 2356 non
1683 2292 1864 2372 mirabitur,
1886 2290 2000 2375 quiex
2016 2290 2107 2353 illius
2124 2290 2228 2355 sanati
2244 2290 2306 2354 viri
2328 2310 2450 2354 monn-

390 2417 400 2436 ·
448 2381 500 2445 lat.
558 2379 699 2460 Denique
731 2377 900 2458 infidelitas
928 2377 1090 2442 ambiani
1121 2378 1252 2441 manant
1279 2377 1423 2457 aperuit;
1473 2377 1595 2441 mentis
1623 2377 1827 2459 perspexerit
1854 2398 1953 2460 quam
1982 2377 2106 2440 fuerint
2133 2376 2168 2438 in
2195 2374 2267 2439 aliis
2293 2375 2449 2441 omnibus

346 2509 352 2518 -
447 2465 574 2531 ornatio
596 2486 666 2528 acro
688 2464 898 2528 contumaciae
916 2462 979 2543 fuit
999 2467 1111 2540 mater,
1139 2467 1173 2526 nt
1193 2461 1345 2540 tornines,
1371 2461 1424 2525 ab
1475 2460 1620 2545 perditae
1648 2464 1766 2528 frontis
1793 2464 1925 2528 hestiae.
1969 2460 2067 2527 Certe
2094 2483 2160 2525 non
2181 2460 2374 2544 ambignum
2395 2469 2451 2526 est

447 2553 521 2615 iacto
544 2550 608 2614 Dei
625 2555 714 2628 rnatu,
737 2569 802 2612 sese
813 2550 1001 2629 pauorem
1017 2568 1077 2628 quo
1092 2549 1207 2630 ferebat
1225 2548 1328 2612 libido.
1358 2546 1425 2610 lta·
1458 2548 1562 2639 „quod
1584 2550 1758 2613 confitetur
1778 2548 1889 2613 David
1911 2547 2013 2631 (Psal.
2033 2551 2083 2625 51,
2104 2546 2153 2629 7),
2176 2566 2211 2610 se
2232 2547 2268 2610 in
2289 2547 2449 2630 iniquita·

448 2658 506 2718 que
527 2640 605 2700 recte
627 2634 814 2699 Beruardns
835 2635 967 2697 ianuam
985 2634 1100 2698 edatis
1122 2634 1242 2714 aperiri
1264 2634 1352 2697 natm
1372 2632 1424 2696 da-
1475 2633 1563 2698 tibus
1596 2634 1758 2718 genitum,
1791 2635 1884 2699 etin
1912 2639 2042 2716 peccato
2070 2639 2303 2714 conceptumn
2329 2640 2449 2698 matre.

448 2727 500 2798 cet,
523 2742 621 2801 quum
642 2719 731 2785 bodie
752 2719 944 2801 euangelium
964 2719 1095 2783 aurbus
1121 2720 1305 2799 recipimus,·
1331 2718 1425 2783 sicuti
1474 2720 1550 2783 Non
1573 2721 1682 2802 arguit
1705 2719 1772 2786 illic
1794 2721 1897 2802 patris
1919 2726 1977 2783 aut
1996 2719 2111 2783 matris
2133 2716 2265 2796 delicta3
2287 2717 2358 2796 sed,
2382 2739 2450 2801 qno

448 2808 517 2871 illis
537 2807 694 2888 tmestcis,
721 2807 798 2869 dnm
819 2810 949 2870 satanae
964 2809 1154 2886 patuerunt,
1177 2824 1261 2868 mors
1281 2805 1424 2870 admissa
1474 2806 1539 2869 Dei
1560 2826 1639 2889 erga
1659 2826 1694 2870 se
1714 2807 1895 2870 bonitatem
1916 2802 2273 2881 melius'oommendot,
2296 2804 2451 2886 propriae

446 2892 518 2974 fuit.
570 2891 744 2971 Nunquam
771 2892 853 2955 enim
878 2909 1049 2972 repuqnare
1075 2890 1140 2954 Dei
1166 2890 1297 2971 irnperio
1324 2909 1424 2954 austes
1474 2892 1697 2975 perversitatis
1724 2892 1958 2957 confessionem
1984 2888 2025 2954 ab
2051 2890 2125 2972 ipsa
2145 2889 2298 2972 genitura
2319 2890 2448 2972 repetit

446 2979 561 3059 fuisset
587 2977 694 3040 Adam
720 2976 785 3039 ruisi
812 2977 881 3040 eius
906 2974 996 3040 uerbo
1023 2975 1210 3040 incredulus.
1263 2974 1425 3055 Optimum
1476 2976 1588 3057 Quum
1615 2976 1649 3041 id
1670 2976 1792 3042 Davidi
1819 2976 1985 3059 peculiare
2011 2995 2077 3039 non
2103 2975 2204 3040 fuisse
2225 2981 2366 3053 constet,
2395 2995 2451 3041 se-
2543 2977 2545 2980 ’

448 3063 563 3128 scilicet
582 3061 637 3126 boc
664 3066 730 3126 erat
758 3062 905 3142 fraenum
926 3060 968 3124 ad
989 3081 1092 3128 uanae
1117 3062 1247 3142 affectus
1271 3063 1330 3126 rite
1351 3067 1424 3126 ura
1475 3062 1588 3146 quitur
1609 3084 1812 3128 communem
1841 3062 1980 3126 humani
2001 3061 2130 3145 generis
2152 3065 2272 3124 sortem
2294 3062 2354 3126 sub
2377 3062 2452 3128 eius

442 3149 609 3230 perandos,
637 3146 720 3211 nibil
746 3146 861 3211 melius
881 3166 946 3212 esse
972 3166 1068 3226 quaen
1089 3145 1155 3211 Dei
1181 3147 1341 3211 mandatis
1363 3167 1424 3228 pa-
1475 3149 1624 3232 exemplo
1650 3149 1766 3213 notari.
1818 3147 1943 3214 Omnes
1968 3167 2045 3229 ergo
2077 3147 2133 3228 qui
2160 3145 2202 3210 ab
2234 3146 2364 3229 impuro
2397 3168 2451 3212 se-

447 3235 542 3298 renda
576 3232 671 3297 colere
702 3233 874 3311 iustitiam;
905 3232 1016 3308 daiam
1045 3232 1189 3296 ultimam
1214 3232 1317 3312 felicis
1341 3233 1427 3296 uitae
1474 3235 1563 3299 mine
1590 3234 1816 3300 descendimus
1840 3233 1965 3317 peccati
1992 3233 2184 3315 contagione
2210 3233 2377 3298 nascimur
2396 3233 2451 3297 in-

446 3323 559 3383 motam
585 3337 650 3383 esse
677 3318 716 3386 ab
747 3318 817 3399 ipso
837 3317 938 3401 diliqi.
982 3315 1113 3381 Diaboli
1134 3338 1203 3400 erqo
1224 3317 1424 3398 blasphemiis
1474 3320 1565 3399 feoti;
1592 3321 1675 3399 imo,
1703 3328 1878 3401 antequam
1906 3318 2012 3383 lucem
2039 3318 2125 3382 hano
2146 3319 2233 3382 vitae
2259 3317 2451 3400 aspicimus,

446 3405 608 3487 abreptus,
640 3409 791 3484 quantum
822 3404 858 3467 iu
886 3407 1019 3497 soluat,
1047 3403 1221 3468 ammonivit
1240 3408 1333 3468 totam
1358 3402 1424 3468 Dei
1475 3427 1588 3471 sumus
1608 3407 1644 3470 in
1664 3407 1729 3471 Dei
1748 3411 1924 3487 conspectu
1953 3403 2073 3468 loedati
2094 3412 2128 3468 et
2148 3403 2320 3486 inquinati.
2363 3401 2451 3484 Quis

445 3490 588 3574 qlarianc.
1219 3493 1222 3496 ⁴
1475 3491 1564 3567 enim
1592 3491 1686 3556 daret
1712 3489 1870 3555 mundum
1893 3488 1933 3554 de
1960 3487 2151 3554 immundo?
2195 3489 2247 3553 Ne
2266 3510 2354 3554 unus
2375 3489 2451 3572 qui·

535 3580 563 3639 5.
610 3573 698 3638 Sicut
719 3573 899 3656 spiritualis
920 3572 1013 3639 Adae
1030 3574 1096 3638 uita
1116 3578 1191 3652 erat,
1212 3592 1336 3638 manem
1357 3575 1424 3655 opi·
1475 3577 1558 3654 dem,
1578 3583 1618 3642 ut
1637 3583 1688 3640 eet
1707 3576 1744 3640 in
1766 3575 1848 3640 libro
1869 3574 1931 3640 Iob
1952 3574 2018 3658 (14,
2042 3574 2087 3659 4).

444 3661 498 3743 fici
519 3682 576 3725 suo
603 3661 798 3725 coniunctum
826 3664 854 3724 et
873 3660 1061 3736 deoiudum,
1089 3659 1135 3723 ita
1162 3659 1308 3724 alienatio
1329 3659 1368 3723 ab
1390 3679 1424 3724 eo
1561 3667 1589 3726 6.
1634 3662 1799 3727 Audimus
1825 3663 1873 3726 ita
1899 3661 1936 3724 in
1962 3661 2047 3726 filios
2069 3661 2249 3725 transmitti
2274 3666 2448 3742 parentum

368 3754 375 3763 '
445 3747 509 3828 fnit
540 3747 666 3810 animae
694 3746 847 3810 interitus.
898 3745 965 3811 Nec
995 3745 1122 3825 nurum
1149 3745 1179 3809 si
1202 3764 1301 3828 qenus
1328 3765 1423 3809 suum
1474 3748 1729 3827 immunditiem,
1762 3753 1801 3812 nt
1832 3767 1945 3812 omnes
1971 3748 2055 3812 eitra
2079 3746 2182 3811 ullam
2211 3745 2446 3829 exceptionem,

442 3831 658 3913 pessumdedit
675 3851 735 3895 sua
756 3831 919 3913 defectione
936 3831 991 3913 qui
1008 3835 1105 3896 uum
1128 3836 1262 3896 naturae
1284 3830 1423 3896 ordinem
1474 3854 1534 3898 sna
1554 3834 1680 3918 origine
1701 3834 1769 3898 sint
1788 3832 1958 3916 inquinati.
1991 3831 2102 3896 Huius
2124 3837 2236 3896 autem
2256 3830 2450 3914 pollutionis

441 3918 591 3998 pereant
613 3917 648 3979 in
670 3916 747 3980 coelo
768 3923 796 3980 et
815 3917 850 3980 in
871 3919 962 3982 terra.
992 3916 1202 4000 quemiscunt
1219 3937 1323 3981 annm
1338 3936 1423 3982 crea·
1474 3940 1541 3984 non
1569 3920 1752 4002 reperietur
1773 3918 1960 3996 exordium,
1983 3917 2048 3982 nisi
2070 3917 2111 3982 ad
2132 3918 2276 4000 primum
2298 3917 2451 3981 omnium

447 4006 550 4078 turae,
583 4001 686 4081 inquit
715 4000 839 4066 Paulus
866 3999 977 4085 (Rom.
998 4007 1027 4081 8,
1047 4002 1118 4086 22),
1151 4003 1343 4084 coemptioni
1374 4003 1423 4067 ab·
1473 4014 1656 4088 parentem,
1688 4011 1847 4088 tanquam
1879 4003 1920 4068 ad
1952 4004 2091 4082 fontem,
2129 4002 2343 4067 ascendimus.
2392 4002 2451 4068 Ita

371 4144 374 4153 .
447 4088 574 4164 manac,
607 4106 668 4150 uon
699 4087 838 4151 caumes
890 4087 927 4151 Si
954 4107 1052 4153 cauea
1078 4089 1256 4170 quaeritur,
1283 4107 1344 4152 nou
1364 4090 1423 4154 dte·
1474 4100 1561 4157 certe
1582 4089 1771 4157 habendum
1797 4096 1860 4155 est:
1888 4090 1988 4154 fuisse
2009 4089 2176 4153 Adamum
2203 4088 2366 4153 humanae
2386 4108 2449 4152 na·

449 4171 534 4236 Mum
568 4177 610 4236 ost
642 4173 719 4251 quin
741 4177 864 4252 partera
889 4175 1060 4237 mutuant
1086 4175 1155 4238 aas
1179 4195 1299 4256 poenae
1325 4194 1422 4256 quam
1473 4185 1567 4242 turae
1591 4198 1659 4242 non
1688 4177 1930 4260 progenitorem
1954 4174 2065 4255 modo,
2093 4173 2150 4239 sed
2171 4173 2277 4257 quasi*
2291 4173 2448 4253 radicem,

442 4259 635 4340 mannitus
655 4262 700 4322 ast
720 4256 879 4336 inornata
897 4259 990 4323 ouius
1009 4278 1103 4324 usum
1122 4261 1260 4326 conditae
1286 4261 1420 4343 fumant.
1474 4270 1570 4346 atque
1600 4263 1675 4327 ideo
1712 4262 1747 4325 in
1784 4262 1873 4327 illius
1905 4261 2111 4343 corruptione
2142 4260 2260 4325 merito
2292 4259 2449 4325 vitiatum

451 4344 555 4426 Quum
575 4363 647 4427 erqo
668 4363 797 4408 sursruu
818 4348 845 4407 et
871 4343 1015 4408 deorscun
1035 4364 1073 4409 an
1093 4345 1162 4410 eius
1181 4347 1274 4428 culpa
1292 4347 1423 4426 tluaerit
1472 4350 1572 4414 trisse
1599 4349 1771 4413 hominum
1799 4369 1911 4432 genus.
1962 4344 2059 4427 Quod
2086 4367 2128 4410 ex
2154 4344 2242 4411 illius
2264 4352 2298 4410 et
2318 4344 2449 4410 Christi

447 4428 634 4508 maledictio,
663 4449 743 4510 quae
766 4434 933 4511 qrassatur
954 4450 1015 4510 per
1040 4449 1144 4494 annes
1164 4433 1275 4498 muudi
1295 4432 1420 4515 plagae,
1473 4435 1714 4518 comparatione
1743 4433 1880 4516 planum
1906 4431 1985 4497 feeit
2006 4431 2180 4514 apostolus.
2225 4427 2447 4517 Quemadmo-

446 4515 528 4579 nibil
552 4537 572 4580 a
594 4516 715 4580 rotiana
736 4513 888 4593 alienum,
902 4514 933 4579 si
948 4520 1126 4597 propaqata
1146 4516 1245 4596 fuerit
1265 4519 1307 4583 ad
1328 4523 1422 4582 totam
1473 4520 1559 4600 dum,
1582 4521 1688 4604 inquit
1708 4519 1818 4604 (Rom.
1839 4522 1868 4597 b,
1893 4518 1962 4600 12),
1989 4537 2050 4600 per
2066 4538 2170 4581 unum
2187 4517 2353 4582 hominem
2368 4535 2447 4597 peo-

447 4601 516 4665 aius
547 4600 683 4666 sobolem.
739 4599 909 4681 Postquam
936 4621 1014 4684 ergo
1041 4602 1076 4664 in
1103 4622 1141 4666 eo
1160 4603 1330 4667 obliterata
1357 4604 1422 4668 fuit
1472 4615 1583 4671 catum
1610 4606 1747 4670 intravit
1773 4606 1808 4668 in
1827 4605 2019 4668 universum
2037 4601 2213 4680 mundum,
2235 4608 2269 4667 et
2288 4621 2347 4686 per
2368 4620 2448 4683 peo-

447 4685 595 4750 ooelestis
621 4687 744 4770 imago,
774 4707 841 4751 non
869 4685 957 4751 solus
979 4687 1138 4750 sustinuit
1164 4688 1248 4754 hano
1270 4710 1419 4771 poenam,
1472 4700 1584 4756 catum
1614 4712 1717 4768 mors,
1751 4709 1835 4772 quae
1869 4690 1905 4753 in
1937 4709 2050 4752 omnes
2077 4688 2226 4753 hominos
2256 4694 2447 4771 pervagata,

446 4778 485 4835 ut
507 4770 542 4833 in
564 4771 670 4836 locum
693 4772 886 4854 sapientiae,
909 4772 1057 4851 miuus,
1081 4774 1277 4854 sanctitatis,
1298 4776 1420 4840 verita·
1472 4777 1602 4861 quando
1623 4797 1735 4841 omnes
1756 4780 1983 4857 peceaverunt,
2006 4773 2053 4838 ita
2074 4773 2294 4858 pergratiam
2317 4771 2448 4838 Christi

446 4857 504 4934 tis,
546 4856 705 4937 iustitiae,
739 4857 857 4940 quibus
886 4857 1087 4922 ornamentis
1125 4861 1263 4924 vestitus
1301 4862 1419 4940 fuerat,
1471 4863 1597 4927 iustitia
1619 4871 1652 4926 et
1677 4862 1746 4926 vita
1771 4860 1865 4924 nobis
1891 4859 2044 4924 restituta
2069 4868 2128 4924 est.
2178 4857 2267 4940 Quid
2294 4858 2348 4924 hio
2369 4878 2447 4942 gar-

446 4941 636 5006 teterrimae
658 4941 809 5008 aederent
829 4949 947 5027 pestes,
970 4944 1117 5022 caecitas,
1134 4945 1335 5027 impotentia,
1356 4948 1419 5028 ipu-
1471 4949 1559 5013 rient
1586 4947 1778 5032 Pelagiani‘l
1811 4956 1983 5028 peccatum
2005 4945 2097 5010 Adae
2122 4945 2305 5010 imitatione
2326 4964 2446 5027 propa·

445 5028 589 5109 puritas,
618 5028 762 5106 vanitas,
786 5029 960 5111 iniustitia;
989 5029 1046 5094 sed
1067 5028 1185 5095 fisdem
1207 5051 1336 5114 quoque
1356 5034 1419 5096 mi·
1471 5033 1606 5118 gatuml
1649 5034 1783 5116 Ergone
1806 5050 1847 5095 ex
1865 5030 1990 5096 Christi
2010 5030 2136 5096 iustitia
2157 5031 2240 5094 nihil
2262 5028 2351 5095 aliud
2368 5048 2446 5112 pro-

445 5111 540 5176 seriis
559 5112 722 5194 implicuit
742 5133 836 5178 suam
856 5116 1046 5199 progeniem
1069 5136 1107 5181 aa
1129 5115 1297 5182 immersit.
1326 5118 1420 5183 Haec
1471 5121 1615 5197 ficimus,
1638 5119 1701 5184 nisi
1724 5116 1810 5199 qnod
1831 5116 2020 5200 exemplum
2041 5117 2135 5183 nohis
2156 5124 2207 5181 est
2226 5114 2268 5180 ed
2289 5115 2445 5180 imitatio-

446 5205 496 5262 est
515 5197 734 5263 haereditaria
755 5202 927 5283 corruptio,
950 5220 1048 5284 quam
1069 5209 1240 5284 peecatum
1259 5203 1419 5287 originale
1471 5226 1548 5269 nem
1573 5203 1797 5288 propositum?
1842 5202 1926 5284 Quis
1952 5210 2081 5268 tantum
2108 5202 2317 5286 sacrilegium
2336 5198 2444 5265 ferat?

417 5338 419 5347 ,
444 5290 573 5348 veteres
596 5292 843 5366 nuncuparunt,
871 5287 996 5367 peccati
1017 5306 1097 5351 voce
1118 5287 1337 5372 intelligentes
1359 5311 1419 5353 na
1471 5289 1619 5372 Quodsi
1646 5297 1741 5354 extra
1762 5289 2017 5354 controversiam
2044 5296 2108 5364 est,
2137 5287 2263 5353 Christi
2284 5286 2446 5352 iustitiam

445 5375 538 5433 turae
572 5377 669 5434 antea
695 5371 801 5435 bonae
829 5391 994 5453 puraeque
1022 5370 1296 5455 depravationem
1342 5374 1420 5455 Qua
1470 5376 1763 5442 communicatione
1791 5382 1937 5440 nostram
1966 5395 2051 5452 esse,
2080 5383 2113 5438 et
2134 5395 2176 5439 ex
2198 5393 2238 5437 ea
2257 5374 2376 5452 vitam,
2399 5373 2446 5436 si-

446 5453 485 5517 do
508 5477 543 5519 re
565 5455 671 5520 mrrlta
692 5455 756 5518 luit
776 5455 841 5518 illis
863 5457 1074 5536 concertatio,
1104 5479 1201 5539 quum
1222 5481 1244 5524 a
1264 5462 1419 5526 ommuni
1469 5462 1539 5526 mul
1566 5463 1750 5541 conficitur,
1777 5468 1951 5544 utramque
1979 5461 2028 5525 ita
2053 5461 2088 5525 in
2109 5460 2218 5525 Adam
2245 5459 2346 5525 frrisse
2367 5477 2445 5540 per*

444 5559 538 5604 sensu
565 5541 647 5606 udal
675 5543 779 5624 maqiv
805 5540 849 5605 sit
873 5547 1024 5605 remotuu
1055 5563 1151 5623 quam
1179 5545 1215 5611 ob
1235 5547 1334 5611 unius
1355 5547 1418 5611 cul·
1469 5547 1580 5627 ditum,
1603 5549 1697 5612 utin
1719 5545 1852 5613 Christo
1873 5552 2097 5630 recuperatum
2119 5551 2286 5629 peceatum
2309 5564 2388 5611 vero
2409 5549 2447 5609 ot

439 5645 519 5706 panc
537 5624 611 5705 fieri
632 5647 736 5692 omues
757 5646 840 5705 reas,
868 5631 896 5690 et
916 5626 962 5689 lca
978 5633 1141 5708 peemtum
1160 5631 1232 5712 fieri
1253 5651 1418 5698 muunuue.
1468 5641 1609 5700 mortem
1633 5635 1682 5699 ita
1699 5655 1759 5717 per
1778 5633 1888 5697 Adam
1910 5632 2105 5715 obrepsisse,
2132 5637 2170 5696 nt
2189 5651 2249 5714 per
2270 5630 2445 5697 Christum
