5600 6809
370 808 410 869 is
742 807 832 871 um.
853 807 880 871 1.
925 807 989 872 uu
1012 804 1302 872 coourmouu
1325 805 1405 872 nm
1427 804 1702 872 censueras.
1748 760 1910 873 om.
1933 808 1996 872 ru.
2337 815 2380 875 u

370 991 517 1058 cordiam
544 993 579 1055 in
606 993 724 1070 millia,
761 995 817 1075 qui
848 995 957 1059 aufers
984 996 1189 1077 iniquitatem
1220 1001 1254 1058 et
1281 1014 1349 1060 sce-
1403 994 1525 1058 unane
1547 1014 1584 1057 ae
1605 995 1732 1057 reticere
1752 994 1824 1058 deos
1845 1015 1949 1059 omnes
1969 997 2118 1078 peritiam,
2147 999 2226 1078 quia
2246 999 2381 1064 saeculis

369 1079 455 1155 lera,
484 1078 572 1160 apud
598 1100 696 1161 quem
723 1080 881 1144 innocens
908 1102 973 1144 non
1003 1082 1066 1145 erit
1095 1082 1265 1159 innocens,
1295 1083 1349 1161 qni
1401 1081 1467 1161 fere
1494 1080 1635 1143 orandus
1658 1081 1785 1160 passim
1815 1081 1992 1146 odultmata
2015 1082 2077 1162 tuit
2100 1085 2216 1165 relipio.
2266 1084 2381 1149 Verum

370 1163 480 1229 reddis
508 1165 714 1246 iniquitatem
741 1175 871 1247 patrum
901 1165 978 1230 tiliis
1001 1187 1039 1231 aa
1060 1168 1240 1248 nepotibus.
1283 1166 1349 1231 Ubi
1403 1166 1527 1245 quidem
1550 1171 1607 1243 est,
1629 1167 1727 1228 unius
1749 1165 1813 1228 Dei
1834 1186 1943 1230 nomen
1964 1167 2077 1247 ulique
2095 1169 2195 1248 tuisse
2216 1176 2322 1234 notum
2343 1190 2381 1236 ac

371 1250 671 1315 animadvertamus
714 1252 784 1315 eius
822 1253 1049 1316 aeternitatem
1092 1256 1142 1314 nal
1181 1251 1349 1329 adsecuntur,
1404 1251 1523 1315 celebre.
1565 1251 1734 1330 Numqui
1762 1251 1913 1333 inperitem
1938 1253 2067 1317 morum
2092 1255 2216 1319 turbam
2236 1257 2380 1335 colebant,

371 1336 545 1418 magnifico
573 1336 629 1399 illo
656 1338 789 1400 nomine
817 1336 867 1400 bis
890 1339 1044 1419 repetito,
1072 1337 1266 1419 praedicem
1294 1339 1350 1402 do·
1404 1339 1521 1418 quaties
1549 1357 1587 1399 ea
1611 1338 1747 1418 pennino
1770 1342 1903 1401 natmae
1923 1357 2017 1403 scinu
2039 1340 2157 1418 loquuti
2178 1346 2264 1417 sunt,
2293 1363 2329 1405 ac
2350 1343 2381 1406 si

370 1421 448 1486 inde
476 1423 723 1486 commemorari
751 1422 820 1487 eius
846 1423 998 1501 virtutes,
1033 1424 1149 1505 quibus
1177 1425 1269 1489 nobis
1295 1424 1350 1488 dc-
1403 1424 1495 1486 unico
1523 1421 1590 1486 Deo
1616 1425 1744 1485 cementi
1771 1427 1885 1500 essent,
1918 1424 2104 1505 supliciter
2135 1427 2189 1489 usi
2217 1433 2291 1489 sant
2317 1428 2381 1490 Dei

372 1508 526 1572 scribitur
548 1528 614 1570 non
636 1509 709 1588 quis
731 1508 774 1572 sit
794 1508 881 1589 apud
903 1529 946 1584 se,
970 1509 1028 1572 sed
1049 1509 1154 1591 qualis
1176 1530 1254 1592 erga
1276 1532 1350 1588 nos;
1403 1509 1533 1572 nomine.
1578 1506 1681 1586 Atque
1708 1507 1762 1571 loc
1784 1509 1956 1589 prudenter
1982 1511 2100 1574 enotavit
2124 1511 2270 1575 Iustinus
2297 1534 2381 1577 niar-

371 1603 410 1656 ut
435 1595 499 1658 ista
520 1593 590 1656 eius
612 1593 736 1676 agnitio
757 1594 832 1658 vivo
854 1596 960 1676 magis
987 1616 1099 1671 sensu,
1129 1616 1225 1676 quam
1247 1617 1352 1660 vacua
1403 1599 1461 1674 tyr,
1483 1595 1538 1672 quei
1559 1595 1595 1656 in
1616 1592 1696 1656 hunc
1715 1593 1810 1671 linem
1832 1585 1946 1658 lilinum
1963 1598 2132 1676 conposuit
2150 1598 2188 1660 de
2199 1598 2382 1662 monarchia

373 1686 407 1741 et
438 1679 615 1743 meteorica
647 1678 868 1760 speculatione
901 1688 1033 1744 constet.
1079 1682 1228 1745 Virtutes
1253 1702 1350 1763 porro
1403 1679 1475 1755 Dei,
1497 1679 1553 1742 uli
1574 1699 1613 1740 ea
1629 1679 1783 1758 plurimis
1803 1682 1989 1745 testimoniis
2005 1682 2134 1745 ostendit
2150 1685 2300 1748 undem
2317 1684 2382 1748 Dei

373 1764 503 1829 easdem
533 1763 588 1828 hic
616 1765 801 1829 enumerari
828 1763 979 1830 audimus
1006 1787 1086 1847 quas
1108 1768 1294 1831 notavimus
1314 1767 1350 1830 in
1401 1767 1502 1847 tuisse
1524 1765 1664 1828 mnium
1685 1765 1827 1829 cordibus
1849 1767 2044 1848 insculptam.
2078 1767 2168 1831 Idem
2188 1771 2282 1832 etiam
2308 1769 2382 1833 Ter-

373 1850 461 1914 eoclo
483 1857 517 1914 ot
535 1857 625 1913 terro
645 1850 803 1915 relucere:
827 1850 1049 1930 clementiam,
1073 1853 1264 1931 bonitatem,
1288 1854 1350 1916 mi-
1402 1851 1558 1915 tullianus
1585 1870 1623 1913 ea
1644 1853 1800 1914 communi
1820 1873 1958 1917 sannae
1974 1854 2093 1934 probat
2140 1853 2201 1918 Sed
2221 1857 2300 1934 quia
2319 1875 2382 1920 orn·

374 1928 596 2013 sericordiam,
629 1935 802 2012 iustitiam,
836 1935 1007 2013 iudicium,
1037 1939 1218 2003 venitatem.
1263 1939 1350 2002 Num
1403 1957 1457 2000 nes
1476 1936 1519 1999 ael
1538 1956 1637 1999 unum
1659 1937 1796 2000 uanitate
1817 1958 1878 2002 sua
1898 1940 1946 2003 ael
1967 1940 2059 2003 tracti
2076 1940 2124 2003 vel
2140 1941 2287 2021 prolapsi
2307 1945 2382 2005 sunt

372 2024 477 2085 virtus
515 2031 549 2086 et
586 2022 732 2103 potentie
766 2022 827 2086 sub
860 2021 954 2086 titulo
986 2023 1121 2087 Elohim
1155 2025 1348 2089 continetur.
1403 2023 1446 2086 ad
1465 2022 1554 2102 falsa
1574 2027 1756 2099 conumnta,
1787 2028 1876 2102 atque
1905 2026 1951 2087 ito
1973 2031 2162 2102 coemerunt
2188 2047 2293 2089 eorum
2314 2047 2381 2090 sen-

371 2105 494 2171 Iisdem
520 2108 618 2171 etiam
646 2107 798 2189 epithetis
825 2106 919 2170 illum
945 2109 1130 2192 insigniunt
1161 2110 1349 2194 prophetae,
1401 2108 1642 2188 succutiente
1663 2109 1851 2172 naturaliter
1872 2115 2033 2174 senserunt
2053 2110 2091 2174 de
2111 2112 2203 2175 unico
2220 2111 2296 2189 Dea,
2319 2133 2380 2177 non

372 2214 472 2274 quum
501 2192 542 2256 ad
569 2193 704 2275 plenum
725 2194 844 2256 volunt
870 2203 1020 2258 sanctum
1042 2196 1111 2259 cius
1133 2216 1254 2260 nomen
1275 2196 1350 2259 illu-
1402 2195 1488 2258 ultra
1510 2195 1610 2259 valuit
1636 2194 1702 2256 nisi
1723 2199 1757 2255 ut
1778 2200 1877 2258 essent
1898 2196 2130 2260 inexcusabiles.
2174 2197 2261 2261 Nam
2283 2204 2310 2261 et
2330 2218 2381 2271 su·

372 2285 485 2344 strare.
525 2278 1085 2363 Nemultecongerereoognmur,
1108 2281 1351 2363 inpraesentia
1398 2280 1593 2361 pientissimi
1619 2280 1731 2359 quique
1752 2300 1857 2344 eorum
1878 2302 1992 2363 capum
2019 2283 2130 2346 ments
2150 2301 2226 2347 suae
2247 2304 2381 2347 errorem

373 2364 466 2428 nobis
487 2364 633 2446 psalmus
655 2386 741 2428 unus
763 2362 857 2447 (145)
879 2365 1031 2442 sufficiet,
1062 2367 1097 2430 in
1118 2386 1182 2448 quo
1202 2376 1271 2430 tum
1293 2388 1350 2430 ex·
1397 2365 1512 2446 palam
1535 2367 1690 2446 aperiunt,
1718 2365 1772 2428 uli
1795 2365 1899 2430 Deum
1920 2367 2097 2448 quempiam
2118 2369 2180 2431 sibi
2202 2369 2309 2432 adesse
2330 2389 2381 2433 cu·

373 2459 445 2514 cote
467 2471 597 2514 summa
623 2450 769 2513 omnium
799 2450 870 2514 eius
890 2451 1053 2514 virtutum
1080 2463 1283 2530 recensetur,
1313 2459 1351 2515 ut
1397 2452 1511 2532 piunt;
1540 2451 1634 2514 etita
1654 2452 1733 2513 votis
1754 2452 1897 2516 irroocant
1918 2454 2049 2516 incertos
2070 2452 2148 2516 deos.
2188 2454 2280 2518 Adde
2301 2455 2383 2535 quod
2412 2507 2417 2516 ..

374 2535 457 2598 nihil
490 2536 647 2599 omissum
678 2535 782 2599 uideri
815 2545 920 2616 queat.
949 2537 1011 2600 ut
1037 2536 1120 2601 nihil
1147 2545 1259 2601 tamen
1283 2537 1351 2602 illio
1402 2536 1605 2616 multiplicem
1623 2536 1687 2600 Dei
1708 2541 1856 2600 nat'uram
1876 2539 2089 2620 imapinando,
2113 2539 2181 2602 licet
2201 2541 2308 2604 minus
2329 2540 2381 2604 al>-

372 2622 507 2702 ponitnr
541 2620 628 2701 quod
660 2641 725 2684 non
753 2620 848 2685 liccat
874 2623 910 2684 in
944 2625 1101 2688 creaturis
1127 2623 1349 2704 contemplari.
1403 2622 1497 2685 sande
1523 2642 1618 2702 quam
1643 2622 1721 2685 rude
1746 2623 1859 2704 melyas
1878 2624 1915 2687 ile
1937 2624 2024 2701 Ioue,
2054 2622 2227 2702 Mercurio,
2259 2625 2380 2703 Venere,

374 2706 467 2770 Adeo
489 2706 589 2770 telem
612 2707 786 2784 sentimus,
810 2708 1013 2789 experientia
1034 2710 1206 2792 magistra,
1230 2708 1350 2787 Deum,
1404 2707 1555 2772 Minerua
1581 2712 1608 2771 et
1636 2709 1714 2772 aliis
1740 2709 1900 2787 sentirent,
1935 2730 1996 2774 non
2022 2710 2150 2790 fueram
2178 2711 2243 2791 ipsi
2265 2731 2382 2791 quoque

371 2792 504 2874 qualem
525 2813 560 2855 se
581 2792 681 2856 verbo
703 2791 856 2856 declarat
901 2793 999 2875 Apud
1020 2794 1194 2859 Ieremiam
1217 2794 1263 2878 (9,
1283 2796 1349 2879 23),
1403 2795 1556 2856 immarus
1579 2814 1600 2857 a
1621 2798 1753 2858 satanae
1770 2794 1923 2873 fallaciis.
1967 2796 2108 2859 Acium
2129 2796 2208 2860 alibi
2229 2797 2380 2875 diximus,

372 2877 426 2940 ubi
447 2878 639 2959 pronuntiat
660 2877 766 2958 qualis
788 2879 919 2961 agnosci
942 2888 970 2942 a'
983 2880 1076 2944 nobis
1094 2880 1183 2956 velit,
1207 2877 1350 2962 descrip·
1403 2898 1598 2958 quaecunque
1619 2880 1734 2961 effupia
1757 2885 1864 2961 arpute
1884 2883 2096 2962 canopitarum
2111 2881 2299 2963 philosophi,
2322 2883 2382 2945 cri·

371 2964 493 3026 tionem
520 2963 674 3046 proponit
699 2984 765 3026 non
794 2963 839 3026 ita
860 2963 1006 3045 plenam,
1035 2963 1091 3029 scd
1118 2964 1231 3029 codem
1253 2965 1349 3048 plene
1401 2985 1472 3028 men
1493 2964 1671 3045 defectionis
1688 2964 1898 3042 uenditum,
1920 2969 1997 3046 quin
2017 2966 2056 3029 ab
2078 2967 2219 3029 annilius
2236 2973 2381 3047 corrupta

371 3046 578 3113 recidentem.
624 3046 692 3127 Qui
713 3049 880 3131 gloriatur,
903 3050 1018 3131 inquit,
1041 3051 1076 3113 in
1098 3050 1160 3115 hoo
1182 3051 1348 3133 glorietur,
1400 3050 1498 3131 fuerit
1523 3049 1588 3114 Dei
1613 3051 1736 3113 unias.
1781 3050 1853 3114 Hac
1879 3052 1999 3114 retiam
2022 3050 2185 3128 Halacuc,
2212 3053 2266 3115 ubi
2294 3053 2381 3118 iclola

372 3133 458 3216 quod
479 3153 533 3196 me
555 3135 683 3198 noverit
700 3134 881 3198 Dominum
902 3136 957 3217 qui
980 3136 1062 3201 facio
1084 3135 1347 3216 misericordiam,
1401 3137 1508 3200 omitia
1529 3136 1705 3212 damnauit,
1736 3135 1840 3200 Deum
1867 3138 1903 3199 in
1922 3137 2032 3217 temple
2053 3156 2110 3199 suo
2131 3158 2280 3217 quaerere
2299 3139 2381 3203 iulet

371 3218 525 3284 indicium
566 3228 600 3283 ct
635 3219 796 3284 iustitiam
835 3221 868 3284 in
901 3229 999 3286 terra.
1045 3221 1123 3284 'Pria
1155 3231 1242 3286 certe
1268 3222 1349 3288 haec
1401 3218 1447 3304 (2,
1467 3221 1539 3304 20),
1573 3242 1611 3285 ne
1642 3222 1744 3286 alium
1777 3221 1971 3286 admitterent
1998 3222 2106 3302 fideles
2137 3243 2232 3302 quam
2264 3225 2318 3302 qui
2347 3243 2380 3287 se

372 3306 518 3387 opprime
540 3306 634 3371 nobis
652 3306 785 3388 cognitu
804 3308 1092 3372 sunt-necessaria:
1117 3307 1347 3385 misericordia,
1400 3307 1490 3372 cerlo
1509 3328 1565 3371 seeo
1582 3308 1777 3389 patetaerat.

373 3411 438 3472 quc
464 3390 533 3455 sola
561 3391 709 3456 consistit
735 3401 849 3455 nostre
876 3394 1023 3456 omnium
1051 3393 1153 3471 salus;
1181 3392 1346 3472 iudicium,

373 3475 459 3558 quod
489 3478 525 3541 in
557 3478 735 3561 flagitiosos
761 3477 904 3559 quotidie
932 3485 1118 3558 exercetur,
1152 3487 1186 3543 et
1214 3480 1348 3563 gravius

372 3563 471 3626 etiam
492 3583 546 3627 eos
568 3570 680 3627 manet
700 3564 736 3625 in
758 3570 929 3628 aeternum
951 3566 1102 3643 exitium3
1124 3565 1261 3643 iustitia,
1284 3585 1349 3647 qua
1748 3615 1900 3681 CAPUT
1922 3616 1976 3681 XI
1998 3621 2008 3659 ι

371 3655 608 3714 conservantur
624 3648 738 3712 fideles
760 3656 794 3711 et
809 3649 1041 3732 benignissime
1058 3651 1219 3716 foventur.
1263 3648 1346 3730 Qui·
1977 3617 2024 3700 ·)

371 3734 432 3799 bus
454 3734 708 3816 comprehensis,
738 3741 770 3798 te
794 3733 921 3799 abunde
944 3735 1064 3799 habere
1085 3736 1277 3801 vaticinium
1298 3743 1347 3800 te·
1399 3759 1494 3842 Deo
1538 3757 1726 3839 tribuere
1773 3757 1982 3840 visibilem
2030 3759 2208 3840 formam
2258 3758 2376 3841 nasas

373 3827 477 3883 statur
508 3839 573 3902 quo
607 3821 711 3903 possis
743 3820 778 3883 in
805 3820 878 3884 Deo
911 3819 1052 3904 gloriari.
1097 3821 1211 3904 Neque
1237 3829 1348 3887 tamon
1798 3877 1806 3894 .

372 3906 420 3968 ita
450 3906 646 3970 omittuntur
677 3914 734 3969 cut
765 3906 888 3971 veritas
910 3908 997 3984 eius,
1027 3914 1084 3971 aut
1104 3907 1262 3989 potentin,
1291 3915 1349 3971 aut
1401 3908 1508 3986 esse,
1540 3908 1587 3960 ao
1617 3877 1877 3986 generaliter
1903 3878 2081 3961 deficere
2113 3908 2138 3959 a
2162 3908 2258 3961 vero
2282 3878 2375 3960 Deo

373 3991 541 4069 sanctitas,
575 3999 633 4055 aut
665 3992 802 4057 bonitas.
853 3990 1024 4071 Quomodo
1055 3995 1142 4058 enim
1173 4000 1346 4070 constaret,
1532 3996 1772 4108 quicunque·
1802 3997 1916 4079 idOIa
1947 3998 2026 4080 Sibi
2063 3999 2246 4109 erig-unt,

372 4097 455 4159 quae
485 4075 537 4142 hic
564 4078 742 4159 requiritur
765 4077 925 4155 iustitiae,
952 4079 1208 4157 misericordiae,
1236 4079 1348 4144 iudicii

370 4163 440 4227 eius
462 4163 614 4240 scientia,
637 4163 700 4226 nisi
720 4163 859 4227 veritate
880 4165 951 4227 eius
972 4165 1142 4230 inflexibili
1164 4163 1345 4230 niteretur?
1490 4170 1515 4228 1.
1555 4164 1668 4228 Venun
1689 4168 1724 4227 ut
1743 4165 1912 4246 scriptma,
1934 4165 2012 4228 rudi
2034 4185 2197 4246 crassoque
2217 4165 2378 4229 lominum

369 4248 415 4313 Et
446 4246 605 4330 quomodo
639 4248 827 4313 crederetur
858 4257 981 4313 terram
1009 4250 1128 4314 iudicio
1162 4258 1196 4314 et
1222 4252 1348 4314 iustitia
1400 4253 1522 4333 inpenie
1549 4250 1724 4329 consulms,
1747 4250 1947 4331 populariter
1974 4251 2058 4332 loqui
2080 4251 2169 4328 solet,
2197 4251 2251 4313 ubi
2272 4271 2378 4314 renim

368 4333 541 4412 moderari,
564 4335 629 4398 nisi
649 4334 817 4399 intellecta
838 4335 907 4398 eius
929 4335 1072 4399 virtute?
1107 4335 1205 4401 Unde
1227 4344 1346 4416 autem,
1400 4337 1505 4403 Deum
1534 4358 1555 4400 a
1575 4336 1673 4417 salsis
1699 4336 1871 4401 discernere
1892 4337 1971 4414 uult,
2001 4338 2097 4402 idolis
2119 4337 2287 4416 praecipue
2308 4354 2377 4397 eum

368 4420 430 4485 nisi
464 4440 506 4483 ex
539 4421 699 4498 bonitate,
731 4419 976 4484 misericordia?
1031 4418 1071 4484 Si
1102 4418 1242 4503 denique
1273 4423 1347 4487 viae
1400 4423 1542 4504 opponit;
1569 4441 1631 4486 non
1658 4422 1739 4502 quod
1761 4422 1870 4502 probet
1889 4412 1969 4501 quat
1990 4422 2137 4486 subtilius
2158 4426 2185 4482 et
2207 4417 2377 4500 clepuntius

369 4507 483 4571 omnis
504 4507 575 4571 eius
597 4514 675 4572 sunt
696 4505 926 4583 misericordie,
949 4505 1119 4583 iudicium,
1142 4507 1281 4585 iustitia,
1311 4510 1346 4572 in
1399 4532 1421 4575 a
1437 4507 1636 4590 philosoplis
1654 4509 1830 4585 tradamur,
1853 4508 1908 4572 secl
1928 4528 1988 4588 qua
2004 4508 2117 4572 melius
2132 4506 2248 4585 detepat
2264 4503 2377 4567 mundi

368 4591 433 4656 illis
460 4613 587 4674 quoquo
615 4599 649 4655 et
674 4593 833 4657 sanctitas
854 4592 1028 4674 conspicua
1048 4599 1107 4656 est.
1152 4594 1257 4658 Porro
1279 4615 1346 4658 non
1397 4596 1574 4672 stultitiam,
1597 4595 1660 4657 imo
1681 4596 1851 4659 amentiam
1873 4595 1908 4657 in
1929 4593 2101 4673 quaerendo
2124 4589 2199 4666 Dea,
2222 4589 2376 4669 quamdiu

368 4677 403 4741 in
424 4677 526 4742 olium
549 4699 681 4760 scopum
699 4677 891 4756 destinatur,
914 4699 996 4760 quae
1013 4678 1049 4742 in
1067 4679 1236 4761 scripturis
1254 4681 1347 4745 nobis
1398 4683 1468 4746 suis
1489 4681 1618 4761 quisque
1639 4681 1902 4760 speculationibus
1923 4679 2076 4743 aillmeret.
2115 4673 2293 4739 Exclusioa
2314 4675 2374 4757 ipi-

367 4764 559 4845 pr‘oponitur
579 4764 643 4828 Dei
665 4765 796 4841 notitia,
824 4784 922 4845 quam
943 4785 1026 4846 quae
1048 4764 1082 4828 in
1103 4767 1262 4831 creaturis
1283 4767 1346 4830 im·
1398 4772 1451 4830 tur
1472 4767 1618 4846 deludio,
1640 4787 1721 4845 quae
1734 4766 1870 4845 passim
1891 4765 2031 4839 accurrit,
2054 4763 2089 4823 in
2105 4759 2241 4825 nihilum
2261 4762 2376 4844 redipit

368 4869 481 4930 pressa
502 4851 595 4913 nitet
640 4850 766 4933 Nempe
789 4849 831 4913 ad
852 4848 917 4913 Dei
938 4850 1091 4914 timorem
1112 4852 1263 4932 primum,
1289 4851 1346 4916 de-
1398 4852 1551 4934 quidquid
1582 4852 1761 4916 diuinitatis
1786 4850 1923 4932 propria
1955 4848 2099 4928 epinimw
2129 4846 2190 4910 sibi
2217 4846 2374 4927 subruunt

365 4931 445 4998 inde
473 4934 513 4999 ad
540 4935 693 5000 fiduciam
721 4957 782 5000 nos
808 4936 941 5000 invitat:
971 4957 1034 5017 quo
1061 4936 1185 5001 scilicet
1210 4946 1244 5000 et
1270 4960 1345 5022 per·
1398 4938 1550 5014 lomines;
1572 4938 1649 5017 quia
1666 4937 1755 5001 Deus
1776 4939 1843 5016 ipse
1860 4934 1945 4998 solus
1966 4937 2011 4995 est
2031 4931 2068 4995 de
2084 4952 2117 4995 se
2134 4932 2264 4996 maneus
2280 4933 2374 4997 testis.

367 5020 454 5085 locta
479 5023 568 5085 vitae
594 5021 796 5100 innocentia,
825 5032 858 5085 et
884 5042 952 5086 non
979 5021 1134 5086 simulata
1162 5021 1346 5089 obedientia
1399 5022 1524 5087 Interea
1546 5042 1641 5102 quum
1669 5023 1719 5086 lic
1747 5023 1855 5085 brutus
1881 5023 1988 5098 stupor
2009 5022 2105 5081 totum
2126 5019 2226 5082 orbem
2248 5038 2375 5098 occupa-

366 5106 474 5170 oolere
505 5107 600 5172 illum
633 5107 809 5184 discamus,
843 5114 915 5171 tum
948 5106 989 5171 ab
1017 5109 1087 5173 eius
1115 5109 1259 5174 bonitate
1286 5111 1346 5174 toti
1399 5111 1541 5186 veritat
1561 5110 1699 5174 visibiles
1721 5108 1785 5171 Dei
1805 5106 1927 5186 fipuras
1948 5108 2130 5185 appeterent,
2153 5109 2244 5184 atque
2265 5105 2311 5168 ita
2332 5123 2371 5167 ea

367 5190 559 5273 dependere.
575 5195 583 5232 ¹
1398 5196 1496 5277 lipna,
1521 5195 1641 5275 lapide,
1664 5213 1756 5268 auro,
1779 5193 1916 5271 arpenta,
1939 5189 2042 5254 aliave
2061 5195 2184 5255 mortua
2205 5195 2233 5252 et
2248 5209 2373 5267 corrup

456 5282 484 5341 3.
531 5276 557 5342 S
611 5278 662 5342 lic
679 5297 837 5341 sremmam
854 5278 1009 5359 peneralis
1030 5279 1187 5344 doctrinae
1207 5281 1347 5362 collipere
1398 5282 1481 5346 libili
1501 5282 1636 5344 materia
1655 5280 1828 5360 formarent
1848 5275 1932 5355 deos,
1964 5277 2125 5340 tenendum
2145 5276 2233 5338 nolis
2254 5279 2298 5336 est
2318 5274 2372 5336 loc

362 5365 561 5445 prepositum
587 5369 639 5428 est.
681 5363 730 5427 Ac
755 5364 861 5444 primo
884 5363 1008 5443 quidem
1035 5365 1187 5429 observent
1214 5367 1344 5445 mamas,
1394 5367 1605 5448 principium,
1639 5364 1737 5441 impio
1770 5361 1929 5425 murelo
1957 5363 2115 5444 cornanpi
2143 5359 2207 5424 Dei
2236 5359 2373 5439 pluriam

366 5451 559 5532 scripturam
579 5455 614 5514 ut
634 5449 677 5515 al
698 5468 805 5513 uerum
822 5446 927 5511 Deum
942 5467 999 5510 nos
1016 5449 1142 5530 diripui,
1165 5450 1277 5514 laerte
1297 5472 1347 5514 ea·
1399 5453 1518 5532 quoties
1540 5452 1568 5513 ei
1588 5451 1693 5531 tama
1716 5447 1785 5511 ulla
1807 5446 1977 5529 affinpitar.
2016 5446 2126 5526 Iluam
2142 5443 2233 5508 Deus
2254 5445 2289 5507 in
2311 5443 2373 5525 lepe

439 5722 469 5791 1)
488 5723 729 5790 oremus
756 5722 1042 5789 menapum
1059 5725 1131 5819 up
1399 5651 1958 5775 ‹nullllllliiifflmm
1974 5645 2372 5718 ⁰“P'¹¹¹·i·²⁴‘³⁹⁶¹⁴¹'¹‘⁹
