5600 6809
397 760 458 822 617
627 755 717 822 ΙιΙΒ.
740 755 804 819 111.
847 754 912 820 DE
934 751 1071 820 MODO
1092 752 1442 819 PEROIPOENDAE
1465 750 1656 818 CHRISTI
1678 752 1896 820 GRATIAE.
1941 755 2040 820 CAP.
2063 753 2162 822 XIX.
2266 808 2269 811 .
2339 762 2401 825 618

397 947 506 1023 nium,
535 944 575 1008 (18
596 943 699 1008 libem
719 943 876 1007 feriarum
897 944 1103 1023 vestiumque
1124 961 1202 1018 usu,
1229 949 1262 1004 et
1284 941 1373 1005 81811-
1425 940 1554 1006 (1818111
1599 940 1759 1006 Videmus
1780 943 1816 1006 in
1837 962 1980 1022 summa,
2007 964 2164 1025 quorsum
2188 945 2268 1010 haec
2289 947 2403 1012 tendat

397 1031 497 1109 libus,
531 1039 568 1094 ut
594 1030 658 1094 illis
685 1028 814 1110 quidem
842 1027 989 1105 videtur,
1023 1026 1147 1091 frivolis
1175 1028 1272 1109 nugis
1279 1049 1287 1105 ;
1316 1026 1373 1094 scd
1425 1027 1568 1103 libertas,
1587 1046 1705 1108 nempe
1722 1035 1761 1090 ut
1775 1028 1840 1092 Dei
1858 1027 1952 1092 donis
1969 1029 2059 1093 nullo
2077 1031 2293 1095 conscientiae
2311 1054 2402 1097 scru-

397 1118 471 1200 plus
492 1116 564 1181 istis
585 1117 671 1180 inest
689 1114 849 1177 momenti
866 1134 965 1194 quam
983 1112 1082 1195 vulgo
1099 1110 1250 1177 creditur.
1285 1112 1374 1176 Nam
1425 1113 1519 1195 pulo,
1547 1112 1638 1176 nulla
1665 1113 1764 1176 animi
1792 1114 2038 1196 perturbatione
2065 1123 2210 1191 utamur,
2240 1117 2275 1180 in
2304 1138 2403 1200 quem

397 1203 453 1268 ubi
481 1201 581 1266 semel
608 1222 643 1265 se
670 1201 705 1264 in
733 1199 885 1281 laqueum
913 1199 1121 1263 coniecerunt
1147 1198 1372 1276 conscientiae,
1425 1218 1522 1263 usum
1540 1198 1635 1263 nobis
1653 1197 1694 1262 ab
1712 1199 1782 1280 ipso
1801 1197 1878 1263 data
1895 1207 1986 1279 sunt;
2001 1207 2073 1282 'qua
2093 1200 2214 1265 fiducia
2235 1211 2269 1266 ct
2289 1225 2402 1285 pacem

397 1289 451 1353 lon
551 1298 584 1350 81
600 1284 862 1350 inextricabilem
884 1282 1111 1368 labyrinthum
1132 1282 1372 1368 ingrediuntur,
1426 1306 1501 1349 eum
1522 1305 1560 1348 eo
1582 1283 1726 1347 habeant
1751 1285 1880 1348 animae
1902 1294 2047 1362 nostrae,
2082 1295 2115 1351 et
2141 1288 2211 1350 eius
2239 1309 2318 1372 erga
2343 1311 2403 1353 nos

396 1308 580 1438 unddndou
607 1371 711 1437 facilis
740 1377 851 1452 postea
878 1371 986 1434 exitus
1012 1378 1112 1450 patet.
1157 1367 1290 1450 Siquis
1313 1368 1373 1433 du·
1426 1370 1613 1453 largitatem
1640 1377 1830 1452 agnoscant.
1874 1370 1940 1435 Hic
1968 1372 2055 1435 enim
2082 1372 2403 1454 comprehenduntur

395 1459 500 1524 hitare
518 1458 684 1540 inceperit,
708 1478 750 1520 an
773 1454 834 1521 sibi
854 1456 890 1519 18
910 1455 1029 1533 linteis,
1052 1454 1200 1531 indusiis,
1222 1454 1372 1534 sudariis,
1426 1476 1540 1520 omues
1571 1454 1693 1519 liberae
1725 1456 1962 1520 observationis
1993 1459 2230 1537 caeremoniae,
2264 1481 2306 1524 ne
2338 1482 2402 1542 qua

396 1544 604 1621 mantilibus,
636 1543 703 1607 lino
733 1542 783 1606 uti
812 1541 923 1620 liceat,
957 1562 1017 1605 nec
1044 1540 1084 1605 de
1111 1541 1233 1606 canabe
1261 1551 1374 1622 postea
1425 1542 1619 1606 necessitato
1648 1541 1767 1605 adeas
1792 1541 2011 1606 observandas
2038 1544 2255 1608 conscientiae
2283 1548 2401 1610 astrin-

398 1651 531 1696 securus
553 1630 631 1708 erit,
662 1627 794 1693 tandem
816 1626 910 1691 etde
933 1628 1036 1709 stupis
1058 1625 1182 1690 incidet
1204 1625 1371 1691 dubitatio.
1426 1634 1557 1709 gantur,
1580 1625 1637 1691 sed
1660 1646 1773 1689 earum
1790 1648 1888 1691 usum
1906 1626 1971 1691 Dei
1988 1628 2144 1693 beneficio
2166 1628 2228 1693 sibi
2251 1630 2293 1694 ad
2314 1631 2403 1695 aedi-

327 1740 332 1751 ·
398 1714 520 1782 Secum
543 1715 630 1778 enim
651 1714 821 1790 volutabit,
848 1732 957 1776 annon
985 1713 1055 1776 sine
1082 1711 1274 1777 mantilibus
1301 1733 1373 1777 coe-
1425 1712 1610 1777 ficationem
1632 1712 1814 1776 subiectum
1836 1734 1906 1777 8888
1928 1714 2145 1778 meminerint.

398 1823 478 1866 nare
507 1802 623 1884 possit,
656 1820 765 1864 annon
793 1797 933 1862 sudariis
960 1817 1078 1862 carere.
1124 1795 1164 1862 Si
1190 1797 1243 1862 cui
1275 1798 1372 1880 paulo
1512 1801 1540 1861 9.
1585 1798 1648 1861 Ε81
1670 1804 1778 1861 8111881
1801 1797 1975 1881 diligenter
1996 1797 2249 1879 observandum,
2271 1802 2402 1866 christi-

399 1887 564 1952 delicatior
596 1886 688 1950 cibus
722 1884 856 1948 illicitus
884 1884 974 1949 visus
1002 1884 1113 1960 firerit,
1148 1883 1280 1948 demum
1312 1904 1373 1948 nec
1427 1904 1524 1947 anam
1546 1882 1732 1947 libertatem
1758 1884 1910 1948 omnibus
1937 1884 2006 1949 suis
2033 1885 2181 1967 partibus
2210 1907 2280 1951 rem
2307 1889 2402 1969 spiri·

397 1974 557 2037 cibarium
574 1991 693 2053 panem
708 1990 745 2036 aa
763 1968 912 2052 vulgaria
930 1968 1038 2033 edulia
1055 1969 1251 2050 tranquillus
1264 1990 1373 2034 coram
1426 1968 1548 2032 tualem
1570 1989 1656 2047 esse,
1678 1969 1770 2032 cuius
1788 1976 1856 2032 1818
1873 1971 1976 2033 visin
1996 1969 2214 2035 formidolosis
2235 1974 2403 2037 conscien-

396 2058 469 2123 Deo
492 2056 651 2123 comedet:
682 2056 762 2121 dum
787 2056 822 2119 in
843 2056 986 2119 mentem
1010 2055 1114 2134 venit,
1143 2077 1178 2120 se
1205 2055 1373 2125 vilioribus
1426 2055 1482 2120 tiis
1504 2075 1613 2119 coram
1633 2054 1705 2118 Deo
1727 2053 1937 2135 pacificandis
1959 2057 2064 2137 posita
2086 2056 2144 2132 sit,
2172 2057 2242 2121 sive
2265 2056 2304 2122 de
2325 2080 2400 2140 pec·

398 2143 504 2208 adhuc
527 2141 606 2208 cibis
627 2162 724 2225 posse
746 2161 864 2224 corpus
885 2149 1077 2205 sustentare.
1114 2139 1153 2206 Si
1175 2142 1210 2204 in
1232 2141 1374 2205 suaviori
1426 2150 1574 2204 catorum
1596 2140 1789 2203 remissione
1810 2140 1974 2221 inquietae
1996 2142 2063 2206 sint
2084 2162 2122 2206 ac
2143 2142 2309 2222 sollicitae,
2333 2145 2401 2209 sive

397 2229 473 2295 vino
503 2228 729 2305 haesitaverit,
764 2226 881 2291 deinde
914 2246 975 2290 888
1008 2247 1149 2309 vappam
1180 2246 1256 2290 cum
1288 2227 1375 2290 bona
1426 2227 1544 2290 anxiae
1567 2227 1641 2301 sint,
1660 2233 1773 2288 utrum
1795 2245 1895 2307 opera
1915 2226 2106 2308 imperfecta
2127 2236 2161 2291 81
2181 2229 2277 2292 vitiis'
2293 2231 2401 2294 carnis

397 2314 616 2379 conscientiae
647 2333 726 2395 pace
758 2310 859 2390 bibet3
898 2321 1062 2393 postremo
1096 2332 1157 2376 nec
1197 2311 1374 2377 dulciorem
1425 2320 1558 2376 nostrae
1579 2312 1752 2392 inquinata
1772 2310 1844 2374 Deo
1872 2311 2036 2392 placeant,
2065 2313 2134 2378 sive
2156 2313 2196 2378 da
2218 2335 2328 2378 rerum
2350 2317 2402 2378 in-

397 2399 667 2481 mundioremque
696 2397 769 2462 aliis
797 2418 916 2479 aquam
938 2399 1100 2481 attingere
1122 2396 1261 2462 audebit
1305 2398 1374 2462 De-
1427 2396 1647 2462 differentium
1676 2418 1737 2461 usu
1766 2403 1989 2478 torqueantur.
2035 2397 2146 2479 Quare
2170 2420 2325 2481 perverse
2350 2402 2401 2465 in·

398 2486 497 2567 nique
519 2482 706 2549 sodomum
729 2484 847 2561 veniet,
867 2490 906 2546 ut
922 2504 1021 2565 super
1037 2491 1268 2559 transversam,
1286 2482 1374 2565 quod
1426 2490 1661 2565 terpretantur,
1683 2482 1736 2546 vel
1758 2482 1814 2564 qui
1836 2483 1905 2547 suis
1927 2484 2161 2566 cupiditatibus
2182 2485 2288 2568 ipsam
2307 2506 2402 2568 prae·

398 2571 532 2648 dicitur,
555 2571 715 2634 festucam
740 2568 890 2634 incedere
918 2569 1011 2632 nefas
1038 2568 1144 2633 ducat.
1189 2568 1265 2633 Non
1286 2569 1373 2633 enim
1426 2574 1554 2644 texunt,
1578 2575 1616 2630 ut
1637 2565 1731 2631 bonis
1751 2568 1816 2632 Dei
1838 2567 1931 2632 donis
1954 2568 2133 2634 abutantur
2154 2571 2189 2634 in
2211 2592 2306 2635 suam
2327 2572 2401 2637 libi-

396 2656 451 2721 hic
469 2657 541 2721 leve
561 2663 727 2719 certamen
745 2654 932 2733 inchoatur;
955 2653 1011 2718 sad
1029 2654 1091 2719 hoc
1109 2655 1373 2733 controvertitur,
1427 2653 1551 2731 dinem3
1579 2652 1632 2717 vel
1661 2653 1718 2734 qui
1745 2653 1871 2716 nullam
1893 2675 1964 2719 8888
1985 2663 2104 2736 putant
2125 2657 2189 2720 nisi
2212 2677 2320 2721 coram
2342 2657 2401 2722 ho-

397 2764 440 2807 88
462 2742 516 2806 his
538 2748 598 2806 aut
617 2740 682 2804 illis
704 2761 764 2804 888
786 2740 835 2804 uti
855 2739 948 2803 Deus
978 2740 1071 2816 velit,
1101 2739 1194 2805 cuius
1222 2740 1374 2805 voluntas
1425 2738 1569 2804 minibus
1598 2748 1805 2819 usurpatam,
1834 2738 1970 2820 ideoque
1998 2742 2033 2804 in
2062 2762 2102 2806 ea
2127 2741 2251 2807 utenda
2276 2743 2402 2807 nullam

397 2828 541 2893 consiliis
573 2825 693 2890 nostris
722 2845 759 2890 ac
787 2825 880 2889 factis
914 2826 1065 2890 omnibus
1103 2826 1231 2908 praeire
1269 2825 1372 2891 debet.
1425 2826 1633 2889 infimorum
1649 2824 1789 2887 fratrum
1807 2824 1969 2889 rationem
1986 2827 2119 2892 habent
2150 2828 2265 2892 Primo
2282 2849 2402 2912 genere

396 2913 486 2978 Hinc
509 2912 588 2977 81188
613 2911 837 2993 desperatione
864 2911 899 2974 in
927 2912 1093 2975 confusum
1120 2913 1299 2993 vorapirwm
1317 2912 1374 2977 ab·
1424 2911 1583 2975 maiorem
1607 2909 1643 2973 in
1664 2908 1803 2978 modum
1830 2909 1891 2973 hoc
1919 2912 2048 2977 saeculo
2075 2921 2237 2995 peccatur.
2282 2914 2403 2979 Nullus

396 2999 459 3080 ripi
492 3017 624 3063 necesse
658 3007 721 3073 est,
758 2996 838 3060 alios
870 2999 1055 3079 contempto
1083 2997 1156 3061 Deo
1186 3004 1220 3061 et
1249 2998 1373 3063 abiecto
1425 2996 1492 3061 fere
1526 3004 1576 3060 est
1607 2996 1660 3060 cui
1693 3000 1882 3076 sumptuoso
1910 3016 1981 3060 esse
2009 3019 2069 3079 per
2095 2998 2267 3063 facrdtates
2295 3000 2401 3080 liceat,

396 3084 467 3149 eius
485 3085 611 3161 timore,
634 3083 723 3146 viam
741 3081 803 3146 sibi
825 3081 921 3146 ruina
939 3083 1053 3160 facere,
1071 3103 1170 3165 quam
1187 3081 1374 3164 expeditam
1425 3102 1521 3164 quem
1543 3101 1610 3145 non
1632 3079 1778 3156 delectet,
1800 3081 1838 3143 in
1859 3100 2037 3145 coenarum
2059 3091 2233 3164 apparatu,
2255 3085 2401 3151 incultu

264 3240 270 3248 ,
396 3191 464 3235 888
482 3169 632 3234 habeant
678 3166 874 3249 Quicunque
896 3169 985 3232 enim
1005 3167 1064 3231 1811
1087 3167 1289 3233 dubitatione
1310 3168 1373 3231 im·
1425 3168 1583 3249 corporis,
1611 3168 1646 3230 in
1671 3165 1879 3230 exstruendis
1906 3165 2055 3233 domibus
2082 3168 2271 3234 luxuriosus
2293 3171 2402 3252 splen-

396 3256 500 3337 plioiti
521 3260 613 3333 sunt,
645 3274 773 3336 quoquo
796 3273 830 3317 88
851 3261 996 3332 vertant,
1025 3261 1228 3335 praesentem
1251 3254 1373 3336 ubique
1425 3254 1498 3331 dor;
1531 3253 1586 3335 qui
1618 3272 1683 3316 non
1712 3252 1801 3315 omni
1829 3251 2034 3317 lautitiarum
2060 3274 2180 3336 genere
2208 3255 2294 3318 inter
2321 3255 2401 3321 alios

398 3340 615 3405 conscientiae
637 3339 850 3403 offensionem
870 3338 992 3403 vident.
1425 3340 1568 3404 88118818
1591 3337 1683 3416 18111;
1715 3338 1771 3418 qui
1799 3358 1866 3401 888
1894 3338 1955 3403 sibi
1981 3339 2016 3402 in
2045 3359 2104 3403 sno
2132 3340 2238 3403 nitore
2265 3341 2401 3406 mirifice

483 3429 511 3490 8.
557 3423 646 3503 Scio,
680 3425 788 3507 inquit
820 3424 943 3489 Paulus
976 3425 1085 3508 (Rom.
1116 3429 1163 3503 14,
1194 3423 1263 3508 14),
1296 3426 1373 3507 81118
1424 3423 1621 3488 blandiatur.
1668 3424 1715 3488 Et
1741 3422 1823 3488 haec
1851 3424 1962 3488 omnia
1988 3426 2048 3490 sub
2076 3425 2275 3490 christianae
2303 3426 2400 3491 liber-

395 3511 478 3576 nihil
508 3531 679 3576 commune
709 3517 759 3575 881
781 3509 854 3595 (per
876 3531 1062 3588 commune,
1092 3511 1268 3592 profanum
1289 3512 1372 3576 acci-
1424 3512 1502 3575 tatis
1523 3517 1697 3592 praetextu
1718 3508 1945 3573 defenduntur.
1989 3511 2096 3575 Aiunt
2123 3532 2177 3575 res
2205 3532 2276 3576 esse
2302 3512 2400 3576 indif-

394 3597 513 3681 piens),
531 3597 595 3661 8181
612 3597 667 3678 881
685 3595 852 3660 8118118181
874 3594 995 3678 aliquid
1012 3616 1192 3673 commune,
1214 3595 1263 3659 illi
1284 3618 1373 3662 com-
1424 3596 1574 3661 ferentes.
1619 3595 1754 3659 Fateor:
1781 3593 1878 3667 modo
1905 3595 1946 3659 iis
1973 3595 2199 3661 indifferenter
2226 3597 2300 3680 quis
2326 3606 2400 3663 uta·

331 3704 333 3711 ·
395 3703 495 3746 18888
516 3690 574 3746 ast.
611 3679 739 3761 Quibus
760 3680 869 3746 verbis
891 3703 944 3745 res
966 3702 1079 3746 omnes
1098 3689 1252 3747 externas
1273 3682 1372 3747 liber·
1424 3690 1488 3746 tur.
1533 3681 1710 3746 (laetarum
1738 3678 1795 3744 ubi
1825 3681 1925 3745 nimis
1953 3680 2068 3765 cupide
2095 3692 2309 3765 appetuntur,
2343 3685 2400 3749 ubi

396 3770 457 3831 tati
479 3775 610 3832 8881188
633 3766 777 3845 subiicit;
804 3767 900 3831 modo
923 3768 993 3831 eius
1015 3766 1175 3832 libertatis
1197 3768 1279 3832 18118
1301 3769 1372 3832 881-
1424 3768 1564 3850 superbe
1585 3768 1763 3843 iactantur,
1794 3766 1850 3831 ubi
1871 3765 2038 3832 luxuriose
2059 3768 2287 3849 effunduntur,
2315 3790 2399 3852 quae

396 3855 459 3917 mis
492 3855 612 3917 nostris
646 3852 732 3935 apud
763 3852 873 3916 Deum
908 3860 1042 3917 constet.
1087 3853 1215 3918 Verum
1248 3854 1277 3918 si
1307 3875 1373 3936 qua
1422 3875 1482 3937 per
1504 3874 1540 3918 se
1561 3853 1650 3918 licita
1672 3851 1792 3933 alioqui
1813 3859 1917 3930 erant,
1941 3853 1994 3917 his
2015 3855 2105 3918 vitiis
2126 3853 2251 3918 foedari
2273 3862 2399 3920 certum

396 3939 622 4022 superstitiosa
649 3938 757 4020 opinio
786 3939 977 4022 scrupulum
1002 3938 1095 4003 nobis
1121 3939 1260 4019 iniiciat,
1288 3960 1372 4022 quae
1425 3948 1482 4004 881
1527 3939 1620 4002 18181
1645 3958 1699 4001 188
1726 3935 1949 4003 indifferentes
1975 3939 2097 4023 optime
2120 3938 2295 4023 distinguit
2314 3940 2399 4005 illud

396 4032 513 4106 suapte
552 4034 671 4088 natura
708 4044 793 4106 pura
832 4033 927 4089 amnt
965 4023 1058 4088 nobis
1097 4025 1371 4090 contaminantur.
1424 4024 1534 4090 Pauli:
1557 4024 1667 4088 omnia
1686 4020 1812 4086 munda
1829 4020 1973 4103 mundis;
1996 4025 2213 4107 coinquinatis
2234 4034 2345 4090 881881
2366 4033 2401 4090 81

397 4108 509 4190 Quare
532 4109 661 4174 subiicit
684 4109 729 4192 (v.
751 4111 801 4172 22.
821 4109 891 4191 23):
925 4109 1055 4186 beatus,
1082 4112 1137 4193 qui
1159 4130 1227 4175 non
1248 4108 1373 4176 iudicat
1424 4108 1611 4174 infidelibus
1628 4109 1712 4173 nihil
1727 4107 1897 4186 mundum,
1921 4108 2050 4191 quando
2071 4109 2197 4193 polluta
2216 4119 2267 4176 est
2287 4133 2403 4176 eorum

396 4216 431 4260 88
459 4197 566 4277 ipsum
594 4196 631 4258 in
658 4215 695 4260 88
722 4194 810 4277 quod
836 4193 966 4276 probat;
996 4203 1031 4259 at
1058 4197 1113 4277 qui
1142 4193 1313 4274 diiudicat,
1344 4196 1373 4260 si
1424 4217 1518 4259 81888
1545 4203 1579 4259 81
1604 4194 1802 4260 conscientia
1828 4194 2042 4279 (111111).
2086 4196 2156 4261 (lur
2182 4197 2270 4261 enim
2298 4197 2400 4261 male-

396 4282 508 4357 edcrit,
532 4280 769 4345 condemnatus
791 4291 849 4359 est,
878 4281 1032 4363 quoniam
1054 4302 1119 4345 non
1142 4280 1210 4345 edit
1231 4301 1271 4345 81
1293 4280 1371 4345 fide:
1425 4280 1580 4347 dicuntur
1612 4280 1745 4357 divites,
1779 4281 1836 4362 qui
1864 4281 2115 4346 consolationem
2144 4302 2238 4345 suam
2266 4280 2398 4361 habent,

395 4388 493 4451 porro
523 4366 608 4450 quod
636 4386 702 4430 nou
730 4373 781 4431 est
807 4389 848 4430 81
877 4364 956 4445 fide,
985 4374 1156 4449 peccatum
1177 4373 1234 4431 est
1257 4367 1373 4431 ‘Inter
1424 4368 1480 4449 qui
1503 4368 1642 4431 saturati
1664 4374 1751 4443 sunt,
1774 4367 1830 4447 qui
1850 4387 1940 4432 nunc
1961 4367 2079 4446 rident,
2101 4368 2156 4448 qui
2175 4366 2343 4430 dormiunt
2363 4367 2400 4430 18

395 4452 583 4517 huiusmodi
605 4453 774 4536 angustias
796 4453 852 4534 qui
879 4451 989 4516 818818
1016 4472 1128 4516 secure
1157 4452 1371 4517 nihilominus
1423 4453 1516 4517 lactis
1543 4452 1709 4530 eburneis,
1738 4452 1793 4533 qui
1819 4452 2023 4537 coniungunt
2048 4472 2166 4535 agrum
2193 4470 2286 4533 agro,
2316 4471 2398 4531 quo·
2459 4534 2461 4537 ι

396 4538 545 4602 audendo
579 4559 614 4602 se
646 4538 858 4604 animosiores
890 4538 1082 4616 ostendunt,
1109 4558 1219 4602 nonne
1241 4559 1276 4602 88
1297 4547 1370 4601 tan-
1424 4560 1499 4603 rum
1517 4539 1666 4604 convivia
1687 4536 1857 4615 citharam,
1880 4537 1995 4622 lyram,
2018 4545 2214 4620 tympanum
2232 4543 2266 4598 et
2283 4537 2398 4601 vinum

396 4623 532 4687 tundam
550 4624 659 4688 aDeo
677 4623 855 4690 avertunt?
878 4623 1029 4707 81111818
1048 4624 1155 4707 aliquo
1171 4622 1237 4687 Dei
1254 4625 1371 4688 timore
1423 4624 1547 4689 habent
1567 4623 1664 4705 (Luc.
1684 4627 1712 4703 6,
1732 4625 1788 4701 24;
1810 4624 1884 4687 Α81.
1905 4628 1933 4701 6,
1956 4628 1989 4701 l;
2011 4622 2073 4686 188.
2094 4619 2199 4704 5,s)?
2244 4619 2342 4686 Certe
2364 4629 2398 4685 81

395 4709 526 4790 penitus
555 4709 755 4788 afficiuntur,
789 4732 891 4797 quum
921 4718 955 4774 et
987 4711 1049 4793 ipsi
1082 4718 1240 4794 cogantur
1267 4710 1371 4775 multa
1422 4709 1519 4788 ebur,
1548 4716 1582 4774 et
1610 4729 1742 4787 aurum,
1773 4716 1806 4772 81
1832 4706 1980 4786 (11111188,
2009 4705 2112 4770 bonae
2139 4705 2204 4769 Dei
2229 4714 2398 4772 creaturae
2523 4782 2525 4787 ,

396 4792 569 4857 admittam
592 4804 763 4860 aversante
785 4797 996 4873 conscientia,
1031 4795 1203 4860 formidine
1224 4803 1369 4861 conster-
1422 4803 1515 4873 sunt,
1547 4794 1719 4860 hominum
1745 4792 1857 4859 usibus
1889 4793 2067 4876 permissae
2094 4791 2161 4855 imo
2190 4791 2255 4855 Dei
2285 4793 2397 4874 provi-

396 4886 518 4942 nantur
542 4899 579 4943 aa
606 4880 788 4946 concidunt
834 4881 968 4962 Omnes,
990 4889 1148 4965 quotquot
1168 4881 1252 4946 tales
1284 4889 1369 4960 sunt,
1423 4882 1535 4946 dantia
1567 4879 1764 4959 destinatae;
1802 4899 1863 4943 888
1896 4877 2018 4955 ridere,
2059 4882 2116 4940 aut
2149 4879 2306 4956 88181811,
2339 4874 2398 4943 aut

395 4964 480 5029 nihil
497 4964 657 5028 donorum
674 4965 738 5029 Dei
756 4969 921 5049 accipiunt
937 4989 1011 5033 cum
1030 4969 1213 5053 gratiarum
1235 4969 1369 5047 actione,
1423 4987 1525 5033 novas
1546 4966 1765 5050 possessiones
1783 4963 1948 5029 veteribus
1970 4969 2068 5043 atque
2088 4961 2186 5027 avitis
2206 4962 2395 5047 adiungere,

396 5070 462 5132 qua
496 5057 607 5113 tamen
643 5049 712 5113 sola
745 5052 838 5116 nobis
875 5055 985 5118 omnia
1019 5057 1054 5119 in
1089 5075 1186 5119 usum
1220 5061 1371 5118 nostrum
1423 5060 1481 5118 aut
1508 5061 1668 5118 88888818
1695 5051 1820 5114 musico
1845 5046 2012 5126 delectari,
2047 5055 2104 5111 aut
2131 5049 2246 5113 vinum
2274 5049 2395 5130 bibere,

396 5136 592 5201 sanctificari
613 5142 753 5199 testatur
773 5136 899 5201 Paulus
921 5138 953 5222 (1
975 5141 1057 5204 Tim.
1077 5146 1107 5218 4,
1127 5140 1182 5222 5).
1214 5139 1371 5222 Intelligo
1422 5160 1561 5222 usquam
1582 5136 1785 5220 prohibitum
1805 5140 1862 5198 est
1907 5133 2035 5198 Verum
2056 5132 2146 5199 istud
2167 5134 2315 5216 quidem,
2338 5135 2396 5200 sed

396 5230 507 5287 autem
530 5222 711 5305 gratiarum
733 5221 894 5285 actionem
915 5243 957 5286 ex
974 5223 1083 5287 auimo
1104 5226 1292 5307 profectam,
1315 5225 1371 5305 qui
1422 5224 1478 5290 ubi
1500 5246 1610 5289 rerum
1633 5221 1726 5304 copia
1747 5219 1900 5302 suppetit,
1922 5220 1959 5282 in
1981 5218 2105 5284 deliciis
2126 5219 2277 5298 volutari,
2301 5242 2338 5286 ac
2360 5242 2396 5285 se

395 5305 462 5371 Dei
477 5307 724 5373 beneficentiam
744 5312 779 5370 81
795 5305 974 5379 bonitatem
990 5309 1027 5370 in
1049 5311 1116 5373 suis
1137 5308 1231 5375 donis
1252 5330 1370 5391 agnos·
1421 5310 1641 5394 ingurgitare,
1671 5312 1815 5369 mentem
1837 5305 2038 5369 8188118881
2059 5305 2222 5370 inebriare
2240 5325 2395 5386 praesen·

396 5402 456 5458 cat
513 5393 601 5458 Nam
638 5392 735 5456 multi
767 5390 899 5474 quidem
938 5411 1052 5456 eorum
1083 5393 1149 5458 Dei
1182 5394 1268 5457 bona
1298 5415 1369 5459 esse
1422 5395 1510 5460 tibus
1537 5390 1774 5474 voluptatibus,
1800 5390 1959 5474 novisque
1986 5410 2115 5475 semper
2142 5390 2284 5469 inhiare,
2314 5391 2395 5455 haec

395 5477 593 5561 intelligunt,
624 5476 743 5561 quibus
772 5483 925 5556 utrmtur,
959 5484 992 5542 81
1017 5478 1127 5543 Deum
1154 5478 1190 5543 in
1218 5478 1369 5558 operibus
1422 5501 1442 5545 a
1473 5478 1619 5562 legitimo
1654 5476 1813 5541 donorum
1845 5475 1911 5542 Dei
1944 5498 2008 5543 usu
2041 5476 2230 5560 longissime
2265 5473 2392 5542 absunt

396 5564 465 5628 suis
491 5564 642 5643 laudant;
672 5563 730 5630 scd
759 5583 859 5646 quum
888 5561 950 5629 sibi
976 5561 1053 5627 data
1080 5585 1151 5629 esse
1176 5581 1370 5646 persuasum
1421 5565 1553 5630 1811881
1579 5583 1658 5646 ergo
1683 5562 1933 5630 immoderatam
1958 5562 2159 5646 cupidinem,
2188 5559 2306 5626 tollant
2331 5562 2394 5626 im·

395 5669 462 5714 non
478 5648 629 5729 habeant,
651 5648 813 5733 quomodo
830 5651 952 5734 gratias
968 5650 1040 5715 Deo
1058 5658 1195 5734 agerent
1211 5654 1370 5729 tanquam
1420 5647 1583 5713 modicam
1611 5648 1850 5732 profusionem,
1882 5648 1999 5715 tollant
2028 5649 2207 5714 vanitatem
2239 5655 2272 5711 et
2302 5665 2394 5714 arro·
