5600 6809
434 761 496 824 ele
917 783 919 787 <
985 713 991 729 ’
1080 752 1343 824 marmano
1365 753 1472 818 unu.
1495 751 1675 820 onear.
1702 759 1793 820 1559.
2138 777 2141 781 ·
2377 765 2447 824 aas

434 946 638 1032 ignorantiae
667 966 704 1010 ae
730 946 875 1010 tarditati
896 948 1055 1028 primum,
1085 947 1196 1011 danda
1223 943 1409 1010 infirmitati
1461 941 1565 1005 Vides
1603 950 1640 1006 ut
1678 943 1953 1026 praedicationem
1986 953 2132 1027 requirat
2163 944 2250 1009 unde
2284 953 2447 1010 nascatur

434 1054 515 1117 opus
537 1052 607 1096 esse
628 1029 722 1095 Deus
750 1029 914 1113 providet;
942 1054 1048 1115 neque
1070 1039 1183 1096 tamen
1205 1032 1347 1118 (proprie
1366 1029 1409 1093 lo·
1461 1026 1551 1092 fides.
1595 1028 1665 1093 Nec
1689 1037 1739 1093 est
1760 1029 1845 1112 quod
1872 1031 1906 1094 in
1934 1031 1997 1096 hac
2024 1031 2214 1113 probatione
2242 1030 2442 1105 laboremus,

432 1116 564 1200 queudo)
585 1124 654 1180 tam
672 1125 710 1180 ut
732 1137 859 1182 sacram
875 1137 970 1182 aaut
987 1138 1157 1183 samonem
1173 1120 1291 1193 firmet,
1310 1137 1410 1200 quam
1461 1113 1584 1193 quaudo
1612 1115 1747 1178 minime
1768 1115 1942 1181 obscurum
1964 1122 2009 1180 ast
2037 1114 2115 1198 quid
2137 1115 2290 1181 Christus
2311 1117 2442 1192 fecerit,

432 1210 470 1269 ut
490 1223 551 1266 nos
573 1203 609 1266 in
631 1201 736 1285 ipsius
758 1201 823 1267 fide
845 1203 997 1267 stabiliat
1043 1202 1214 1286 Siquidem
1236 1203 1301 1268 Dei
1322 1202 1409 1267 veri·
1460 1196 1538 1281 quid
1560 1200 1654 1268 nobis
1675 1199 1781 1266 facere
1799 1202 2014 1280 mandaverit,
2033 1200 2112 1284 quid
2129 1203 2257 1283 sequuti
2276 1202 2342 1267 sint
2359 1222 2443 1285 apo-

431 1296 483 1354 tas
503 1310 564 1372 per
585 1309 620 1353 se
643 1290 724 1353 satis
742 1287 844 1352 solida
862 1296 1013 1372 certaque
1032 1297 1090 1368 est,
1113 1311 1173 1354 nec
1191 1288 1322 1353 aliunde
1339 1309 1409 1351 me-
1461 1284 1544 1362 stoli,
1568 1285 1646 1367 quid
1668 1287 1781 1368 purior
1803 1287 1938 1352 ecclesia
1959 1287 2189 1353 observaverit.
2226 1287 2294 1352 laec
2315 1287 2354 1351 ab
2374 1290 2445 1352 iai-

430 1374 546 1439 licrem
579 1375 858 1461 confirmationem
896 1395 1002 1456 quam«
1033 1396 1052 1439 a
1091 1396 1125 1439 se
1158 1376 1230 1457 ipsa
1263 1375 1409 1455 accipere
1461 1370 1504 1433 uo
1530 1391 1627 1451 usque
1654 1373 1765 1437 muudi
1794 1378 1899 1437 uotum
1926 1378 1983 1451 est,
2011 1375 2129 1453 quoties
2155 1374 2280 1456 siquam
2307 1375 2445 1455 aliquod

430 1467 546 1544 potest.
592 1461 719 1524 Verum
752 1465 798 1524 uti
817 1460 938 1542 exigua
965 1469 1015 1524 est
1044 1467 1077 1525 et
1103 1459 1268 1525 imbecilla
1295 1467 1409 1524 nostra
1461 1455 1568 1520 obtutu
1600 1455 1691 1521 Deus
1721 1459 1840 1523 caudis
1867 1459 2028 1540 patribus,
2064 1459 2304 1541 inseparabilem
2333 1460 2444 1540 fuisse

431 1544 522 1625 fides,
546 1546 610 1609 nisi
633 1545 776 1627 undiquc
797 1545 952 1610 fulciatur
974 1568 1012 1611 ac
1034 1545 1139 1611 modis
1162 1546 1314 1610 omuibus
1337 1567 1408 1610 sus·
1461 1541 1617 1606 dotrinae
1638 1544 1788 1625 copulam,
1809 1545 1878 1608 aaa
1899 1566 1962 1625 qua
1983 1546 2105 1609 αιιοιιιιι
2127 1545 2211 1609 nudo
2228 1550 2353 1626 aspectu
2371 1565 2444 1610 sera-

432 1638 592 1708 tentetur,
632 1632 743 1695 statim
780 1632 981 1710 concutitur,
1022 1633 1216 1710 fluctuatur,
1264 1631 1407 1705 vacillat,
1460 1647 1516 1690 sus
1537 1629 1638 1691 uestri
1658 1629 1862 1692 redderetur.
1896 1630 1995 1713 Ergo,
2018 1652 2120 1712 quum
2143 1630 2183 1694 de
2205 1630 2305 1695 verbo
2327 1652 2442 1696 sacra·

432 1718 568 1799 adeoque
588 1716 728 1785 labased.
776 1717 885 1798 Atque
919 1718 965 1781 ita
994 1716 1124 1800 quidem
1151 1717 1207 1787 hic
1235 1738 1270 1781 se
1298 1717 1407 1799 captui
1459 1713 1594 1776 mentali
1615 1715 1687 1778 fieri
1706 1716 1906 1779 mentionem
1929 1715 2093 1795 audimus,
2116 1717 2365 1798 promissionem
2386 1718 2442 1780 in-

432 1810 545 1867 nostro
565 1822 627 1881 pra
648 1803 800 1866 immersa
822 1823 884 1866 sua
912 1803 1104 1886 iadulqeatia
1128 1809 1324 1885 attemperat
1345 1803 1407 1865 mi-
1460 1798 1665 1880 telligumus,
1694 1821 1776 1882 quae
1805 1802 1894 1866 clara
1922 1822 2002 1866 voce
2031 1823 2050 1866 a
2077 1802 2227 1866 ministro
2248 1801 2442 1883 praedicata

432 1889 569 1952 sericors
595 1887 771 1964 Dominus,
799 1895 837 1951 ut
858 1887 988 1969 quando
1012 1889 1171 1953 animales
1198 1911 1326 1964 sumus,
1350 1888 1407 1969 qui
1460 1882 1588 1966 plebem
1610 1905 1648 1948 eo
1676 1907 1778 1949 manu
1801 1885 1899 1952 ducat
1924 1908 1988 1969 quo
2015 1888 2148 1970 signum
2175 1887 2282 1951 tendit
2308 1909 2345 1953 ac
2376 1910 2441 1954 nos

433 1973 525 2038 humi
548 1993 676 2055 semper
698 1972 891 2054 adrepentes
914 1982 946 2037 et
967 1975 1003 2038 iu
1024 1995 1123 2040 carne
1145 1975 1333 2052 haerentes,
1357 1973 1407 2035 ni-
1460 1968 1580 2052 dirigit

432 2058 481 2123 hil
500 2059 667 2141 spirituale
690 2060 885 2142 cogitamus,
916 2081 953 2124 ac
981 2082 1023 2124 ne
1045 2061 1245 2142 concipimus
1267 2059 1406 2141 quidem,
1548 2061 1575 2118 5.
1620 2056 1689 2121 Nec
1711 2056 1866 2121 audiendi
1888 2063 1966 2123 sunt
1987 2058 2121 2140 quidam
2143 2059 2197 2140 qui
2219 2067 2333 2125 contra
2350 2081 2440 2143 pug-

431 2145 600 2210 elementis
623 2144 723 2208 etiam
743 2145 816 2208 istis
833 2146 964 2209 terrenis
984 2167 1044 2210 nos
1062 2145 1104 2209 ad
1122 2168 1156 2210 se
1175 2145 1325 2210 deducere
1346 2166 1408 2209 aaa
1461 2163 1540 2205 nare
1572 2151 1733 2206 conantur
1765 2151 1881 2226 arguto
1913 2145 2019 2228 magis
2050 2164 2149 2226 quam
2182 2144 2283 2208 solido
2317 2144 2439 2209 dilem-

429 2236 585 2315 yracetur,
609 2239 704 2313 atque
726 2231 761 2294 in
783 2231 855 2311 ipsa
877 2251 974 2294 carne
991 2252 1164 2313 proponere
1182 2232 1327 2295 boucam
1344 2232 1409 2313 spi
1460 2235 1556 2291 mate.
1600 2232 1670 2291 Aut
1691 2229 1838 2306 verbum,
1861 2230 2024 2312 inquiunt,
2046 2229 2120 2309 Dei,
2143 2229 2229 2312 quod
2249 2251 2440 2296 sacramen-

430 2316 597 2381 ritualium
617 2316 783 2398 speeulwa.
827 2316 914 2379 Nam
941 2315 969 2380 si
990 2318 1171 2398 incorporei
1194 2338 1347 2395 essemus,
1372 2326 1409 2379 ut
1460 2320 1530 2377 tum
1552 2312 1732 2394 praecedit,
1760 2316 1880 2379 scimus
1908 2337 1978 2381 esse
2000 2337 2112 2380 veram
2135 2316 2199 2380 Dei
2220 2316 2437 2395 voluntatem,

432 2400 688 2484 chrysostomus
703 2402 727 2484 ¹)
751 2402 811 2478 ait,
835 2401 924 2465 nuda
946 2410 979 2465 et
999 2403 1189 2484 incorporea
1211 2403 1304 2467 nobis
1327 2403 1408 2467 haec
1461 2406 1519 2463 aut
1540 2400 1712 2464 nescimus.
1743 2397 1781 2464 Si
1804 2401 1934 2487 scimus,
1958 2401 2042 2466 nihil
2063 2422 2105 2465 ex
2127 2410 2330 2467 sacramenta
2351 2402 2442 2486 quod

432 2487 504 2570 ipsa
526 2485 628 2551 daret.
662 2487 758 2552 Nunc
779 2487 855 2568 quia
878 2489 1066 2569 corporibus
1088 2489 1227 2552 insertas
1250 2488 1408 2553 habemus
1461 2492 1572 2566 postea
1594 2484 1742 2566 sequitur
1763 2505 1886 2550 novum
1908 2486 2070 2552 discimus.
2116 2485 2155 2552 Si
2177 2487 2356 2564 nescimus,
2380 2510 2440 2553 ne-

433 2573 570 2649 animas,
594 2573 654 2637 sub
676 2572 857 2637 visibilibus
880 2573 1061 2655 spiritualia
1084 2573 1192 2638 tradit.
1235 2573 1409 2656 Nonquia
1462 2592 1525 2652 que
1551 2569 1585 2633 id
1619 2569 1746 2634 docebit
1776 2578 2031 2652 sacramentum,
2067 2573 2160 2638 cuius
2187 2574 2238 2637 vis
2268 2574 2375 2638 omnis
2401 2575 2441 2638 in

433 2658 517 2723 tales
543 2656 666 2721 inditae
684 2665 762 2721 sunt
783 2655 874 2722 dotes
897 2660 1022 2723 naturis
1049 2681 1265 2741 rerumquae
1293 2659 1329 2723 in
1356 2682 1408 2725 sa·
1462 2655 1560 2720 verbo
1582 2657 1645 2720 sita
1672 2663 1730 2721 est.
1776 2655 1904 2737 Quibus
1926 2658 2071 2738 breviter
2092 2679 2288 2741 responsum
2310 2657 2364 2724 sit:
2393 2661 2441 2724 si-

433 2744 610 2809 cramentis
631 2742 724 2806 nobis
736 2742 958 2825 proferuntur:
980 2745 1038 2809 sed
1055 2745 1132 2826 quia
1150 2745 1186 2808 in
1204 2745 1290 2810 hanc
1307 2746 1409 2829 signi·
1462 2741 1554 2824 gilla,
1583 2763 1667 2824 quae
1696 2741 1928 2825 diplomatibus
1950 2745 2086 2827 aliisque
2108 2745 2247 2826 publicis
2270 2746 2351 2811 cetis
2379 2767 2440 2828 ap·

433 2829 618 2894 ficatonem
640 2849 660 2891 a
680 2827 753 2893 Deo
775 2831 922 2912 signatae
944 2837 1029 2894 sunt
1103 2894 1107 2900 ,
1461 2826 1664 2909 penduntur,
1694 2848 1754 2909 per
1780 2849 1815 2892 se
1837 2837 1969 2913 accepta
1995 2830 2079 2894 nihil
2101 2838 2194 2908 sunt,
2217 2839 2328 2914 utpote
2351 2853 2441 2915 quae

520 2920 549 2978 4.
594 2914 703 2996 Atque
721 2914 783 2979 hoc
805 2922 855 2978 est
876 2914 962 2997 quod
983 2915 1084 2999 vulgo
1108 2916 1236 2995 dicunt,
1260 2925 1408 2981 constare
1460 2913 1584 2977 frustra
1611 2934 1754 2996 appensa
1780 2915 1888 2980 forent
1909 2917 1936 2980 si
1967 2917 2158 2981 membrana
2185 2917 2265 2981 nihil
2300 2917 2441 2982 haberet

433 3007 676 3065 sacramentum
697 2999 797 3066 verbo
820 3008 854 3063 et
869 3007 1005 3065 externo
1024 3002 1125 3084 signo.
1154 3002 1302 3068 Verbum
1320 3004 1409 3067 enim
1461 2997 1684 3081 descriptum3-
1707 3020 1813 3082 neque
1841 3012 1952 3067 tamen
1979 3001 2051 3067 ideo
2073 3023 2139 3066 non
2162 3004 2353 3066 confirmant
2383 3010 2439 3066 at

433 3084 616 3168 intelligere
634 3084 798 3164 debemus,
821 3107 887 3150 non
910 3087 996 3168 quod
1013 3089 1083 3151 sine
1106 3109 1203 3152 sensu
1221 3096 1253 3152 et
1270 3087 1335 3153 fide
1357 3090 1408 3152 in-
1461 3106 1523 3168 que
1546 3083 1721 3168 obsignant
1744 3085 1831 3166 quod
1853 3089 2010 3170 scriptum
2035 3095 2099 3167 est,
2125 3087 2204 3152 dum
2225 3089 2351 3170 scriptis
2375 3088 2440 3151 ad-

433 3178 648 3248 susurratum,
671 3171 739 3235 solo
757 3173 905 3254 strepitu,
925 3173 1017 3237 velut
1033 3175 1161 3256 magica
1177 3175 1407 3254 incantatione,
1461 3170 1592 3235 duntur.
1641 3171 1756 3252 Neque
1783 3171 1867 3237 hanc
1895 3173 2144 3238 similitudinem
2172 3195 2276 3256 nuper
2297 3193 2317 3236 a
2340 3174 2440 3239 nobis

432 3255 641 3324 consecrandi
664 3256 817 3322 elementi
840 3258 908 3322 vim
929 3257 1063 3338 habeat;
1093 3259 1150 3324 sed
1172 3259 1258 3341 quod
1279 3259 1408 3342 praedi·
1460 3257 1632 3322 confictam
1662 3258 1783 3321 iactare
1804 3268 1955 3340 possunt,
1979 3280 2078 3341 quam
2100 3260 2226 3324 Paulus
2246 3260 2316 3342 ipse
2337 3281 2440 3324 usur-

432 3351 543 3409 catum
576 3342 762 3426 intelligere
795 3364 853 3407 nos
881 3344 981 3409 faciat
1006 3344 1084 3427 quid
1117 3345 1244 3410 visibile
1276 3346 1408 3428 signum
1459 3343 1558 3426 pavit,
1577 3343 1856 3409 circumcisionem
1873 3365 1994 3410 vocans
2016 3344 2169 3431 repertio
2190 3345 2300 3430 (Rom.
2319 3351 2349 3424 4,
2372 3345 2438 3430 11).

431 3428 494 3494 sibi
516 3427 605 3494 velit.
650 3427 747 3509 Quod
769 3450 846 3513 ergo
869 3430 929 3494 sub
951 3450 1054 3513 papae
1081 3431 1258 3514 tyrannide
1279 3431 1408 3496 iactita-
1459 3428 1525 3494 Ubi
1552 3451 1594 3494 ex
1620 3430 1764 3513 professo
1786 3430 1969 3511 contendit,
1997 3453 2064 3495 non
2097 3432 2196 3498 hrisse
2218 3432 2440 3498 circumcisio-

433 3519 505 3578 tum
533 3521 598 3592 cst,
629 3535 695 3578 non
721 3517 827 3580 carrut
847 3516 975 3598 ingenti
994 3518 1227 3600 mysteriorum
1256 3517 1408 3601 profana·
1460 3536 1538 3579 nem
1559 3514 1714 3579 Abrahae
1741 3515 1776 3578 in
1803 3515 1978 3596 iustitiam,
2002 3516 2058 3582 sed
2082 3518 2151 3582 eius
2173 3519 2260 3600 pacti
2283 3518 2438 3598 obsigna-

431 3601 530 3664 tione.
580 3601 749 3665 Putarunt
775 3600 864 3665 enim
897 3601 976 3666 satis
999 3621 1070 3666 esse
1097 3605 1124 3667 si
1153 3604 1319 3682 sacerdos,
1350 3624 1408 3685 po-
1460 3601 1599 3678 tionem,
1623 3602 1715 3666 cuius
1742 3599 1807 3665 fide
1828 3601 1935 3666 fuerat
1956 3603 2022 3666 iam
2045 3610 2120 3667 aute
2142 3603 2344 3668 iustificatus.
2391 3603 2440 3667 Et

432 3685 509 3768 pulo
528 3685 599 3750 sine
616 3685 834 3769 intelligentia
851 3685 1052 3770 obstupente,
1072 3690 1323 3754 consecrationis
1341 3690 1407 3753 for·
1460 3684 1539 3769 quid
1565 3691 1631 3764 est,
1655 3684 1803 3763 obsecro,
1827 3686 1914 3770 quod
1936 3688 2078 3771 aliquem
2103 3709 2302 3773 magnopere
2332 3688 2438 3752 offen-

431 3771 556 3834 mulam
590 3769 860 3837 demurmuraret.
917 3773 988 3838 Imo
1020 3772 1054 3837 id
1083 3773 1160 3839 data
1188 3795 1287 3858 opera
1311 3796 1406 3840 cave·
1460 3771 1525 3851 dat,
1549 3773 1576 3835 si
1598 3772 1846 3855 promissionem
1869 3773 2041 3839 doceamus
2063 3775 2230 3858 obsignari
2249 3795 2438 3839 sacramen·

433 3864 520 3933 runt,
543 3877 585 3920 ne
607 3857 684 3940 quid
707 3856 874 3923 doctrinae
895 3857 972 3923 inde
994 3859 1036 3923 ad
1058 3860 1188 3943 plebem
1209 3861 1405 3944 perveniret.
1459 3859 1517 3936 tis,
1546 3879 1646 3940 quum
1674 3878 1716 3922 ex
1744 3859 1823 3941 ipsis
1851 3860 2120 3941 promissionibus
2147 3860 2256 3942 palam
2284 3861 2326 3924 sit
2355 3860 2438 3925 alte·

433 3939 557 4005 Omnia
578 3943 666 4006 enim
687 3943 788 4008 latine
809 3946 1065 4027 pronuntiamur
1086 3945 1172 4029 apud
1195 3947 1344 4011 homiues
1366 3947 1407 4010 il-
1459 3964 1530 4008 ram
1552 3942 1655 4008 altera
1677 3945 1884 4009 confirmari?
1923 3946 2050 4029 Nempe
2072 3957 2111 4009 ut
2132 3967 2277 4030 quaeque
2297 3955 2348 4011 est
2366 3966 2438 4010 ma-

432 4025 589 4092 literatos.
622 4028 743 4095 Postea
763 4051 904 4113 eousque
926 4031 1034 4115 erupit
1054 4032 1252 4115 superstitio,
1275 4040 1312 4097 ut
1330 4054 1407 4098 con·
1459 4029 1616 4106 nifestior,
1640 4031 1687 4093 ita
1708 4036 1758 4094 est
1778 4029 1820 4094 ad
1841 4030 2038 4097 fulciendam
2055 4030 2154 4096 fidem
2176 4033 2280 4115 magis
2305 4031 2433 4097 idonea

433 4113 648 4178 sacrationem
676 4135 743 4179 non
762 4117 826 4179 nisi
849 4137 947 4181 rauco
969 4138 1152 4197 murmure,
1176 4119 1262 4201 quod
1285 4141 1305 4183 a
1326 4140 1407 4202 pau·
1460 4113 1675 4181 Sacramenta
1701 4136 1779 4180 vero
1801 4121 1835 4180 et
1860 4118 2092 4199 promissiones
2121 4118 2264 4182 afferunt
2292 4118 2435 4183 clarissi-

432 4198 480 4264 cis
502 4197 726 4279 exaudiretur,
756 4202 819 4265 rite
846 4202 960 4286 peragi
982 4201 1159 4268 crederent.
1204 4204 1288 4290 At2)
1310 4206 1408 4288 longe
1459 4223 1539 4279 mas,
1563 4208 1596 4265 et
1617 4201 1678 4267 hoc
1701 4200 1823 4266 habent
1844 4223 1924 4285 prae
1944 4204 2044 4270 verbo
2065 4204 2246 4286 peculiare,
2270 4203 2355 4286 quod
2379 4225 2436 4268 eas

433 4284 528 4348 aliter
560 4282 610 4348 de·
631 4286 730 4350 verbo
765 4288 994 4352 sacramentali
1030 4289 1123 4354 docet
1149 4289 1407 4375 Augustinus.⁸)
1459 4287 1562 4354 veluti
1587 4288 1622 4351 in
1649 4287 1763 4352 tabula
1790 4286 1934 4370 depictas
1968 4290 2061 4354 nobis
2090 4288 2130 4354 ad
2159 4291 2273 4353 vivum
2302 4310 2437 4370 reprac-

432 4368 592 4448 Accedat,
615 4371 737 4453 inquit,
760 4371 897 4438 verbum
918 4372 960 4437 ad
982 4374 1196 4454 elementum,
1223 4386 1256 4440 et
1276 4377 1334 4440 fiet
1356 4397 1407 4440 sa
1460 4380 1601 4438 sectant.
1652 4373 1767 4455 Neque
1794 4394 1853 4438 nos
1882 4395 2013 4440 movere
2047 4374 2143 4439 debet
2163 4397 2245 4458 quae
2274 4376 2358 4438 inter
2381 4395 2437 4438 sa-

432 4461 665 4521 cramentume
680 4456 767 4523 unde
794 4459 883 4523 cnim
910 4460 973 4523 ista
1002 4467 1094 4524 tanta
1116 4461 1222 4525 virtus
1244 4483 1347 4544 aquae
1370 4469 1408 4525 ut
1459 4466 1627 4524 eramenta
1648 4467 1681 4523 et
1708 4459 1924 4540 diplomatum
1953 4461 2060 4544 sigilla
2078 4461 2232 4525 obiectari
2262 4461 2344 4524 solet
2366 4459 2436 4525 dis-

432 4561 551 4625 oorpus
577 4549 704 4626 tangat,
739 4551 772 4608 et
800 4565 863 4609 corr
883 4544 1011 4623 abluat,
1040 4547 1103 4610 nisi
1125 4546 1263 4611 faciente
1285 4547 1406 4614 verbo?
1459 4546 1589 4610 tinctio:
1618 4544 1828 4629 quodquam
1855 4553 1992 4628 utraque
2019 4547 2204 4611 carnalibus
2222 4547 2321 4611 huius
2339 4568 2437 4611 mun·

430 4647 500 4691 uon
521 4628 597 4710 quia
619 4628 745 4709 dicitur,
769 4629 826 4694 sed
847 4631 923 4713 quia
944 4631 1104 4712 creditur;
1126 4653 1204 4695 nam
1224 4641 1259 4697 et
1279 4634 1315 4697 in
1336 4635 1407 4717 ipso
1461 4630 1494 4695 di
1516 4632 1684 4696 elementis
1710 4637 1875 4708 constent,
1897 4632 1954 4695 illa
1976 4630 2017 4695 ad
2038 4627 2269 4713 promissiones
2292 4633 2355 4697 Dei
2379 4632 2437 4696 ob-

431 4713 532 4779 verbo
561 4712 651 4777 aliud
679 4723 729 4780 est
758 4738 856 4781 sonus
885 4718 1062 4795 transiens,
1091 4716 1181 4781 aliud
1202 4719 1310 4785 virtus
1336 4741 1404 4784 ma·
1460 4717 1636 4800 signandas
1668 4717 1810 4797 sufflare
1835 4717 1881 4780 cel
1906 4719 2010 4798 paria
2041 4738 2105 4781 esse
2139 4725 2317 4799 nequeant,
2352 4738 2437 4799 quae

431 4820 523 4862 nens.
568 4798 641 4862 Hoc
664 4809 714 4865 est
735 4801 873 4866 verbum
895 4800 972 4866 fidei
991 4803 1076 4885 quod
1097 4803 1332 4885 praedicamus,
1356 4807 1407 4869 in·
1460 4811 1539 4869 sunt
1567 4802 1751 4885 spirituales
1779 4809 1812 4865 et
1846 4812 2012 4882 aeternae;
2046 4802 2322 4884 quemadmodum
2355 4803 2438 4868 haec

432 4884 504 4965 quit
535 4884 714 4966 apostolus;
752 4886 839 4951 unde
871 4887 906 4951 in
941 4889 1034 4954 Actis
1068 4890 1302 4971 apostolorum:
1341 4891 1406 4957 fide
1460 4889 1503 4953 ad
1524 4886 1727 4970 obsignanda
1754 4888 1939 4969 principum
1961 4887 2068 4953 edicta
2090 4887 2130 4952 de
2158 4890 2255 4953 rebus
2278 4888 2376 4953 fluxis
2399 4911 2437 4954 ac

432 4967 598 5033 mundans
623 4970 719 5036 corda
741 4994 868 5052 eorum;
897 4981 930 5037 et
949 4974 1070 5040 Petrus
1097 4976 1274 5058 apostolus:
1305 4977 1352 5042 sic
1375 4984 1407 5041 ct
1461 4973 1592 5039 caducis
1621 4971 1764 5054 appendi
1791 4972 1895 5037 euleu
1946 4972 2116 5055 Siquidem
2138 4975 2190 5037 vir
2211 4974 2332 5052 fidelis,
2356 4974 2438 5038 dum

433 5073 493 5118 nos
525 5054 685 5136 baptisma
712 5059 819 5124 salvos
850 5060 942 5137 facit,
974 5082 1041 5123 non
1075 5060 1231 5143 depositio
1263 5062 1407 5128 sordium
1460 5059 1561 5123 oculis
1588 5064 1793 5122 sacramenta
1821 5059 2047 5138 obversantur,
2062 5061 2087 5144 ¹)
2120 5062 2246 5124 nonin
2276 5061 2331 5124 illo
2365 5080 2438 5124 car·

433 5140 555 5218 carnis,
589 5140 646 5205 sed
678 5145 894 5209 conscientiae
927 5146 1030 5210 bonae
1062 5148 1283 5232 interrogatio.
1334 5148 1408 5211 Hoc
1459 5143 1527 5208 nali
1542 5143 1732 5226 'spectaculo
1755 5142 1882 5224 haeret;
1910 5145 1968 5210 sed
1997 5146 2062 5210 illis
2084 5167 2164 5228 quos
2190 5146 2335 5211 indicavi
2357 5167 2438 5210 ana-

433 5232 483 5289 est
511 5225 647 5292 verbum
675 5230 752 5294 fidei
775 5228 860 5311 quod
885 5231 1124 5313 praedicamus:
1156 5255 1219 5316 quo
1249 5234 1319 5298 sine
1347 5233 1407 5296 du·
1460 5229 1565 5314 logias
1592 5229 1747 5314 gradibus
1775 5230 1817 5295 ad
1847 5224 2000 5296 sublimia
2027 5233 2186 5315 mysteria
2208 5254 2290 5314 quae
2319 5234 2354 5295 in
2384 5253 2438 5296 sa-

432 5310 500 5390 bio,
530 5319 567 5376 ut
600 5314 760 5380 mundare
787 5317 901 5397 possit,
925 5327 1135 5383 consecratur
1158 5328 1190 5382 et
1218 5318 1406 5402 baptismus.
1461 5317 1637 5382 oramentis
1658 5316 1763 5381 latent
1783 5318 1838 5399 pia
1860 5317 2119 5382 consideratione
2141 5319 2294 5401 assurgit.

1106 5398 1110 5409 '
1548 5407 1576 5469 6.
1621 5403 1667 5468 Et
1688 5402 1818 5486 quando
1839 5402 2004 5468 Dominus
2026 5404 2256 5486 promissiones
2275 5425 2350 5469 suas
2369 5402 2440 5466 foe-

502 5600 649 5667 1)110mil.
668 5600 709 5655 60.
729 5604 764 5656 ad
802 5606 918 5673 epulum.
1007 5605 1036 5674 2)
1055 5607 1096 5660 Ac
1115 5605 1191 5660 1617.
1212 5606 1288 5662 1654„
1377 5608 1394 5663 3

432 5665 533 5721 Hamil.
552 5671 581 5722 in
599 5671 691 5724 Ioann.
710 5669 752 5737 80,
771 5622 800 5726 i)

1396 5611 1408 5677 l
1433 5624 1436 5710 l
1530 5676 1559 5741 1)
1579 5678 1759 5730 observantur
1778 5674 1852 5728 1617.
