5600 6809
793 750 883 816 LIB.
907 750 933 814 I.
979 750 1042 815 DE
1067 748 1356 818 COGNITIONE
1378 753 1463 818 DEI
1484 749 1759 820 CREATORIS.
1805 752 1903 817 CAP.
1927 753 1986 818 VI.
2354 761 2396 820 54

730 938 881 1004 CAPUT
903 939 963 1002 VI.
978 937 1002 1023 ¹)
1413 943 1507 1006 etiam
1524 941 1696 1021 redemptor
1712 941 1946 1038 inmediatoris
1960 961 2105 1020 persona.
2137 940 2299 1007 Caeterum
2317 946 2394 1025 qnia

383 1081 449 1168 Ut
480 1083 533 1164 ad
564 1083 706 1164 Deum
738 1093 971 1163 creatorem
1002 1081 1096 1190 quis
1127 1083 1359 1192 perveniat,
1412 1027 2393 1194 fflwsspdenmmetrraicsscperqugpsrefflruffi

409 1233 515 1315 opus
547 1231 639 1284 esse
674 1201 882 1312 scriptura
913 1201 1018 1283 duce
1051 1212 1095 1284 ct
1125 1202 1343 1312 magistra.
1412 1200 1562 1262 ainaim
1583 1197 1803 1295 apetamus,
1826 1218 1874 1260 nu
1894 1199 2035 1295 nonaum
2055 1200 2093 1263 aa
2113 1200 2234 1301 [0⁶de
2254 1202 2310 1266 tao
2326 1203 2392 1268 ate

311 1361 315 1366 .
434 1349 435 1353 ,
1412 1304 1527 1362 serere,
1556 1304 1616 1364 quo
1637 1282 1700 1346 sibi
1721 1282 1812 1346 Deus
1832 1283 1994 1362 adoptauit
2013 1284 2165 1349 Abrahae
2183 1287 2281 1365 13333,
2304 1293 2332 1352 3
2352 1289 2391 1354 de

475 1375 500 1432 l.
556 1367 644 1449 Erpa
681 1387 862 1448 quanquam
901 1367 1062 1432 hominnm
1102 1369 1361 1450 inprotiludinem
1412 1371 1470 1434 illa
1490 1369 1646 1434 doetrinae
1662 1373 1755 1447 parte
1778 1389 1842 1448 qua
1855 1371 1988 1447 proprie
2013 1373 2165 1452 seprepati
2186 1392 2306 1451 seraper
2323 1374 2392 1455 sue-

383 1457 464 1522 satis
484 1473 638 1534 superque
658 1454 743 1517 moni
767 1454 943 1534 patrocinio
965 1454 1079 1534 spoliat
1104 1454 1210 1536 sulpur
1222 1455 1284 1530 ,aa
1306 1457 1360 1536 qui
1411 1460 1486 1520 runt
1505 1455 1612 1535 fideles
1633 1475 1654 1516 a
1670 1454 1818 1535 profanis
1843 1454 1998 1536 pentibus,
2021 1457 2099 1536 quia
2116 1457 2150 1518 iu
2175 1454 2297 1522 Christe
2317 1459 2391 1540 sun-

383 1544 416 1604 in
444 1541 523 1606 coelo
550 1544 577 1604 et
605 1541 638 1602 in
666 1544 751 1602 terra
778 1540 915 1602 omilium
945 1540 1042 1603 oculis
1073 1541 1240 1623 inperetur,
1268 1542 1360 1604 suuti
1412 1544 1488 1607 data
1513 1541 1592 1622 snit·
1621 1539 1675 1603 333
1697 1544 1819 1603 tantum
1845 1543 1992 1619 quomodo
2024 1564 2062 1605 en
2088 1542 2247 1625 scriptura
2274 1545 2392 1609 discere

384 1626 481 1704 Deus,
504 1631 539 1689 ut
559 1646 656 1708 persus
677 1624 850 1688 humanum
871 1626 1005 1689 inuoluat
1026 1627 1128 1691 eodem
1150 1631 1247 1703 reatu,
1273 1646 1361 1690 cunc
1411 1627 1578 1702 concernat,
1598 1625 1711 1701 Deum,
1734 1626 1789 1706 qui
1805 1626 1917 1689 mucidi
1935 1633 2053 1691 creator
2070 1632 2122 1704 est,
2146 1630 2237 1691 certis
2254 1631 2335 1692 nolis
2352 1630 2392 1693 ab

384 1715 426 1778 tis
447 1714 513 1778 sinc
534 1714 706 1791 exceptiora
724 1730 837 1773 333333
858 1732 953 1774 suum
974 1711 1162 1776 delineatum
1187 1713 1223 1774 ia
1244 1718 1360 1776 creatu-
1411 1715 1494 1777 omni
1521 1713 1726 1776 cmnnnntitia
1754 1713 1880 1775 deorum
1907 1713 1997 1775 larba
2020 1713 2164 1778 discerni.
2213 1713 2393 1795 Opportune

383 1800 433 1863 ris
449 1798 604 1879 proponit,
627 1797 717 1860 aliud
736 1801 838 1858 tannen
859 1802 887 1860 ct
907 1796 1019 1860 rnclius
1037 1797 1262 1862 adminiculum
1280 1819 1360 1863 accc-
1412 1799 1521 1865 deinde
1538 1799 1634 1861 series
1652 1799 1723 1877 ipsa
1740 1798 1783 1860 ad
1800 1799 2036 1877 redemptionem
2054 1819 2111 1862 nos
2128 1799 2259 1862 deducet.
2287 1801 2391 1880 Quan-

386 1886 457 1950 dere
478 1903 595 1947 necesse
616 1888 659 1945 cst
680 1882 761 1961 quod
778 1902 834 1945 nos
848 1882 946 1963 probe
966 1883 1008 1946 ad
1028 1885 1132 1964 ipsum
1149 1885 1360 1948 mundiorem
1412 1904 1508 1965 quam
1528 1887 1632 1947 aretem
1653 1882 1752 1945 multa
1773 1904 1811 1945 ea
1832 1905 1909 1946 noco
1931 1889 2108 1948 testamento
2135 1885 2311 1949 testimonia
2334 1888 2390 1951 aa

384 1978 478 2036 torem
509 1969 634 2050 diripui,
686 1967 798 2046 Itaque
830 1989 892 2030 non
919 1970 1041 2048 frustra
1066 1969 1151 2033 uerbi
1178 1971 1231 2033 sui
1257 1970 1359 2033 lumen
1412 1969 1596 2044 hibebimus,
1631 1971 1699 2032 alia
1731 1969 1826 2032 etiarn
1854 1982 1894 2032 ed
1919 1970 1981 2052 lepc
2008 1975 2037 2032 et
2059 1969 2234 2049 prophetis,
2264 1971 2317 2034 ubi
2339 1993 2391 2035 aa·

384 2057 516 2132 addidit,
539 2075 599 2134 qua
621 2056 815 2118 innotesceret
835 2054 870 2115 in
889 2054 1028 2118 salutem.
1068 2055 1173 2135 Atque
1193 2055 1250 2118 hoc
1266 2076 1360 2134 prae-
1406 2076 1520 2136 pressa
1541 2055 1578 2134 sit
1598 2053 1717 2118 Christi
1739 2056 1868 2131 maulim
1890 2056 1926 2118 in
1944 2055 2024 2118 hnrrc
2043 2061 2146 2118 tamen
2161 2053 2256 2134 finem
2273 2059 2393 2122 tendent

384 2143 525 2226 ropatica
546 2140 695 2222 dipnatns
717 2143 761 2203 est
781 2159 857 2219 quos
878 2140 976 2224 naluit
994 2142 1126 2221 propius
1149 2146 1177 2204 et
1194 2142 1296 2222 urapis
1311 2142 1360 2220 sa-
1411 2143 1525 2218 omnia,
1546 2140 1649 2204 Deum
1671 2141 1782 2203 rilindi
1803 2140 1942 2221 opificem
1963 2141 2052 2205 nobis
2073 2140 2218 2221 patefieri
2240 2144 2274 2205 in
2294 2144 2394 2224 scrip-

384 2228 551 2292 miliariter
578 2227 621 2290 ad
649 2247 681 2290 se
708 2224 854 2306 collipere.
901 2224 987 2289 Nom
1014 2227 1091 2305 qnia
1111 2247 1193 2308 capa
1215 2232 1242 2289 et
1263 2227 1360 2290 insta
1412 2233 1493 2303 tura,
1517 2227 1638 2306 etquid
1663 2227 1701 2290 de
1723 2246 1756 2289 co
1778 2227 1970 2290 seruiendum
1990 2229 2034 2291 sit
2050 2227 2171 2305 erponi,
2194 2248 2232 2290 33
2248 2249 2309 2307 per
2326 2249 2394 2292 am·

385 2314 440 2377 bili
471 2312 640 2395 opilatianc
670 2312 864 2391 circumferri
900 2311 1021 2375 uidebat
1059 2312 1197 2375 cranium
1228 2313 1359 2390 animos,
1411 2315 1503 2394 bapes
1524 2313 1673 2375 incertum
1694 2311 1823 2390 aliquod
1845 2332 1959 2376 nunna
1980 2332 2176 2393 quaeramus.

379 2405 546 2483 postquam
580 2398 717 2462 Iudaeos
749 2397 809 2459 sibi
837 2396 926 2478 clepit
951 2398 986 2460 in
1014 2418 1134 2480 prepcm
1157 2399 1358 2478 peculiarem,
1500 2402 1528 2461 2.
1576 2396 1649 2460 Siue
1671 2402 1774 2460 auum
1801 2418 1861 2476 per
1883 2398 2010 2460 oracula
2038 2399 2219 2461 etoisiones
2242 2399 2392 2477 patribus

314 2546 318 2551 .
384 2485 532 2550 cancellos
553 2483 618 2546 illis
640 2483 854 2561 circumdedit,
883 2484 1075 2546 creationum
1101 2504 1184 2547 marc
1206 2504 1361 2548 enarrescc-
1412 2484 1544 2548 incaluit
1566 2482 1664 2558 Deus,
1687 2483 1752 2546 sice
1773 2482 1931 2546 hominnm
1959 2504 2053 2563 opera
2075 2489 2104 2546 et
2124 2485 2300 2548 ministerio
2321 2505 2392 2567 sup·

383 2576 460 2636 rent.
507 2568 572 2632 Nec
602 2569 725 2649 frustra
757 2569 858 2632 codem
889 2569 1023 2633 rerncdio
1050 2589 1106 2632 nos
1134 2570 1169 2632 in
1194 2591 1282 2649 pura
1308 2571 1360 2634 sui
1411 2572 1506 2652 pessit
1534 2571 1616 2650 quod
1637 2567 1748 2632 333333
1770 2588 1831 2648 per
1852 2589 1967 2633 marius
1989 2570 2129 2648 posteris
2155 2569 2319 2645 traderent,
2343 2572 2392 2633 in·

383 2657 495 2720 notitia
528 2654 673 2733 continet,·
705 2656 781 2735 qnia
812 2674 885 2717 nica
912 2655 1032 2736 alioqui
1059 2655 1236 2737 diffluerent
1268 2656 1361 2719 ctiam
1412 2656 1540 2720 dubium
1568 2660 1668 2718 tamen
1695 2659 1740 2717 est
1767 2655 1954 2735 insculptam
1986 2656 2088 2734 luisse
2115 2674 2220 2717 eorum
2248 2655 2394 2720 cordibus

383 2743 441 2824 qui
473 2740 619 2805 atteritur
646 2760 726 2819 prae
753 2740 830 2803 aliis
861 2739 949 2819 firmi
977 2746 1067 2805 stare.
1119 2741 1240 2822 Nempe
1267 2742 1361 2805 sicuti
1410 2742 1539 2822 firmam
1560 2741 1717 2804 doctrinae
1738 2740 1966 2816 certitudinem,
1989 2745 2024 2803 ut
2046 2741 2199 2822 persuasi
2220 2747 2319 2805 essent
2346 2746 2393 2805 ab
2484 2736 2494 2755 ⁸
2557 2810 2561 2821 ‚

385 2847 485 2905 smcs,
520 2826 566 2890 ael
593 2826 687 2906 lippi,
716 2826 937 2906 etquicunque
965 2826 1062 2891 oculis
1083 2827 1233 2908 calipanl,
1262 2828 1294 2889 si
1313 2827 1361 2891 ael
1413 2847 1472 2908 quc
1493 2826 1710 2906 intehliperent,
1742 2846 1763 2888 a
1785 2824 1852 2888 Deo
1875 2827 2052 2907 profatum
2079 2847 2143 2890 asse
2171 2827 2254 2906 quod
2279 2827 2393 2891 didica-

381 2912 629 2996 pulcherrimum
645 2911 784 2974 333333
801 2910 868 2975 illis
885 2910 1021 2988 obiicias,
1040 2913 1362 2995 quamoisapnoscont
1413 2918 1494 2977 rant.
1542 2911 1667 2992 Semper
1696 2911 1779 2973 enini
1810 2910 1899 2974 Dens
1926 2912 2091 2975 indubiam
2119 2912 2192 2991 fecit
2219 2912 2308 2975 aerbo
2335 2932 2392 2977 suo

385 3019 449 3064 csse
470 2998 595 3079 aliquid
616 2998 777 3076 scriptum,
800 2997 855 3059 cic
875 3000 976 3060 lamen
998 2998 1078 3060 duas
1098 3018 1183 3062 voces
1204 3003 1359 3063 mutescere
1411 2999 1512 3080 fidam,
1534 3018 1613 3078 quae
1634 2997 1718 3059 anni
1740 2997 1885 3075 apiriam
1906 2999 2050 3077 superior
2070 3002 2153 3061 esset.
2196 2997 2336 3061 Tandem
2357 3003 2392 3062 ut

382 3089 541 3166 poterunt,
574 3082 712 3163 specillis
739 3088 843 3146 autem
872 3084 1060 3162 interpositis
1087 3082 1191 3148 adiuti
1222 3083 1362 3148 distincte
1413 3086 1558 3149 continno
1578 3101 1748 3164 propressu
1769 3081 1926 3146 domninae
1952 3084 2069 3146 ueritas
2097 3082 2230 3146 sacculis
2251 3085 2394 3148 omnibus

386 3172 482 3253 tepere
509 3169 673 3252 incipient:
705 3168 752 3231 ita
779 3169 941 3247 scriptura
969 3168 1131 3249 confusam
1157 3169 1276 3250 alioqui
1298 3168 1361 3232 Dei
1413 3175 1570 3251 superstes
1590 3173 1728 3232 maneret
1749 3168 1785 3230 in
1806 3168 1937 3246 333333,
1966 3168 2071 3231 eadem
2093 3167 2220 3230 oracula
2242 3190 2322 3248 quae
2343 3169 2393 3233 de·

386 3256 529 3321 notitiam
554 3256 590 3317 in
619 3253 770 3317 nrerrtibns
798 3255 915 3318 nostris
936 3254 1094 3337 ccllipens,
1122 3254 1266 3320 discussa
1288 3254 1362 3318 cali·
1408 3259 1560 3337 posuerat
1580 3254 1666 3334 apud
1681 3257 1799 3334 potres,
1822 3255 1915 3334 quasi
1929 3253 2065 3334 publicis
2081 3252 2196 3315 tabulis
2212 3255 2394 3335 corisipnata

384 3344 454 3425 plne
481 3341 601 3421 liquido
627 3339 715 3404 nobis
735 3359 842 3404 omum
864 3338 969 3403 Deum
995 3339 1132 3404 ostendit.
1174 3340 1243 3405 Hoc
1263 3341 1362 3423 ipitur
1413 3363 1478 3406 3333
1499 3341 1605 3405 coluit.
1650 3339 1718 3403 Hoc
1739 3339 1868 3425 consilio
1889 3339 1939 3403 lec
1955 3337 2157 3421 promulpata
2176 3338 2247 3418 fuit,
2270 3341 2322 3403 cui
2338 3360 2392 3419 po·

387 3429 546 3510 sinqularc
578 3427 695 3491 donum
725 3430 783 3504 est,
815 3426 869 3489 ubi
897 3425 939 3488 ad
966 3425 1172 3490 erudiendam
1203 3427 1361 3490 3333333333
1413 3433 1480 3493 stea
1501 3428 1681 3506 interpretes
1702 3426 1805 3489 additi
1826 3431 1900 3490 sunt
1914 3424 2091 3506 prophetoe.
2125 3424 2197 3486 Etsi
2215 3425 2297 3487 enim
2313 3425 2393 3488 mul-

387 3533 448 3578 non
473 3514 571 3578 mutis
598 3514 752 3577 durtacat
783 3512 944 3592 mapistris
972 3510 1062 3576 Deus
1095 3513 1210 3590 utitur,
1242 3513 1295 3576 sed
1327 3532 1362 3576 os
1414 3514 1512 3592 tiplec
1538 3513 1602 3594 fnit
1629 3512 1706 3594 lepis
1739 3532 1831 3588 usus,
1860 3516 1896 3574 ut
1924 3511 2035 3575 melius
2062 3509 2215 3573 ridebitur
2240 3509 2391 3588 saciaco,

386 3619 502 3680 quoque
522 3603 753 3664 sacrosanctum
773 3602 909 3675 reseram
930 3617 1026 3679 neque
1043 3602 1166 3661 tantum
1180 3598 1363 3680 prunulpat
1409 3600 1598 3680 praesertim
1614 3618 1684 3662 uero
1702 3595 1790 3661 Masi
1811 3603 1839 3660 et
1858 3596 2001 3661 omnibus
2018 3595 2177 3676 prrophclis
2192 3596 2394 3676 propositum

385 3685 545 3751 eolaidum
566 3705 630 3749 esse
651 3684 787 3764 atquem
809 3682 927 3761 Deum,
957 3683 1011 3748 sed
1032 3703 1103 3746 eum
1124 3705 1157 3749 se
1179 3704 1245 3749 esse
1266 3683 1362 3748 simul
1413 3687 1491 3767 fuit,
1518 3684 1645 3748 madum
1676 3683 1936 3748 reconciliationis
1963 3682 2044 3745 inter
2066 3681 2172 3744 Deum
2195 3685 2228 3744 'et
2254 3680 2394 3746 honines

380 3772 567 3853 pronuntiat
587 3772 643 3852 qni
664 3769 806 3833 3333333
826 3770 884 3848 sit;
911 3789 965 3833 333
986 3769 1091 3834 33333
1112 3770 1193 3834 docel
1214 3770 1363 3835 modain
1414 3773 1533 3848 333333,
1561 3771 1643 3834 3333
1670 3770 1765 3832 etiam
1793 3767 1917 3831 Paulus
1945 3767 2054 3849 (Rom.
2085 3771 2137 3844 m,
2163 3766 2199 3851 4)
2231 3765 2394 3831 Christum

386 3855 491 3921 93333
511 3857 670 3938 respuere,
693 3856 751 3920 sed
768 3875 801 3919 se
822 3875 940 3936 quoque
962 3854 1081 3920 exhibet
1102 3857 1138 3919 in
1154 3876 1244 3937 quem
1261 3855 1362 3937 respi»
1414 3862 1500 3921 occat
1520 3855 1614 3935 finem
1636 3854 1728 3937 lepis,·
1749 3854 1864 3917 iterum
1885 3859 1988 3917 lamen
2010 3858 2120 3932 repeto,
2137 3858 2266 3934 praeter
2282 3853 2395 3917 doctri·

387 3943 477 4006 mant.
520 3942 617 4006 Hunc
644 3942 785 4005 ordinem
811 3939 849 4003 ab
878 3942 969 4005 initio
991 3961 1065 4023 erpa
1092 3943 1249 4007 ecclesiam
1269 3961 1362 4006 suam
1414 3963 1490 4006 nam
1520 3940 1596 4021 aaa
1623 3945 1650 4005 et
1678 3939 1884 4021 poenitudine
1913 3940 2092 4020 propriam,
2119 3959 2198 4019 qum
2230 3937 2394 4003 Christum
2462 3961 2469 3970 ·

385 4028 494 4107 tenuit,
521 4033 556 4092 ut
580 4033 709 4110 praeter
735 4027 911 4091 communia
939 4025 997 4092 illa
1024 4027 1206 4092 3333333333
1236 4027 1363 4091 uerbum
1414 4028 1613 4092 mediatorem
1638 4025 1802 4107 proponit,
1840 4025 2033 4105 scripturam
2065 4025 2193 4088 animem
2224 4028 2253 4088 et
2285 4042 2394 4087 cerum

385 4135 506 4195 quaque
522 4113 679 4179 adhiberet
685 4136 695 4191 ,·
717 4133 796 4192 quae
816 4113 926 4177 rectior
947 4118 992 4175 est
1013 4118 1040 4176 et
1062 4115 1174 4178 certior
1192 4115 1363 4192 adipsum
1416 4113 1522 4176 Deum
1549 4116 1701 4193 quatenns
1727 4111 1880 4175 mundum
1901 4112 2017 4175 creauit
2045 4116 2073 4175 et
2102 4109 2268 4191 pubcrnat,
2302 4109 2395 4173 certis

385 4200 624 4282 dipnoscendum
643 4204 723 4262 nata.
763 4196 829 4261 Ncc
845 4197 975 4262 dubium
991 4203 1035 4262 cst
1052 4201 1130 4279 quin
1147 4199 1265 4277 Adam,
1286 4198 1361 4276 Nae,
1415 4199 1498 4262 notis
1531 4202 1559 4262 et
1590 4197 1766 4280 incapacibus
1794 4217 1920 4275 ornare,
1950 4217 1988 4260 ne
2015 4197 2183 4261 misceatur
2211 4215 2281 4262 3333
2306 4194 2394 4274 falsa

386 4285 552 4351 Abraham
580 4291 609 4348 et
629 4285 745 4363 reliqui
763 4289 872 4364 patres
893 4284 946 4348 hoc
965 4282 1167 4348 *adminiculo
1184 4289 1363 4365 penetraue-
1415 4285 1543 4348 deorum
1572 4282 1672 4347 cuca.
1722 4283 1809 4366 Erpa
1835 4285 1981 4364 quamuis
2007 4281 2159 4346 hominem
2181 4281 2263 4346 serio
2291 4278 2394 4342 oculos

384 4372 449 4434 rint
471 4373 513 4437 ad
538 4371 733 4451 familiarem
753 4371 908 4447 lentitiam,
938 4389 1018 4449 quae
1038 4370 1109 4432 illos
1130 4369 1168 4432 ab
1190 4369 1363 4434 incredulis
1415 4370 1573 4434 intendere
1594 4370 1752 4434 corioeniat
1773 4369 1817 4433 aa
1838 4368 2065 4434 consideranda
2085 4366 2148 4430 Dei
2170 4385 2272 4444 opera,
2295 4380 2394 4442 quan-

384 4458 521 4538 quadam
546 4457 635 4521 modo
662 4455 815 4520 discrevit.
864 4455 1012 4520 Nondum
1039 4455 1148 4536 loquar
1168 4454 1206 4519 de
1228 4457 1363 4536 propria
1416 4457 1454 4520 do
1476 4457 1512 4519 in
1533 4454 1587 4519 hoc
1608 4455 1862 4535 splendidissimo
1890 4454 2006 4519 theatro
2027 4455 2144 4518 locotus
2166 4455 2211 4513 cst
2231 4454 2266 4510 ut
2287 4466 2394 4510 eorum

383 4543 458 4624 fidei
479 4543 622 4607 doctrina
662 4563 706 4605 ua
726 4543 855 4624 fuerunt
876 4541 1049 4604 illuminati
1066 4541 1102 4604 in
1119 4561 1205 4622 spem
1221 4546 1363 4604 aeternae
1416 4547 1494 4607 esset
1514 4546 1678 4624 spectator,
1701 4561 1795 4605 aures
1816 4546 1918 4604 tamen
1941 4540 2110 4622 praecipue
2131 4535 2270 4615 arripere
2291 4551 2394 4596 33333-

384 4630 473 4693 ritae.
520 4628 607 4692 Nam
633 4563 666 4690 le
693 4627 864 4690 transirent
891 4647 912 4690 a
940 4629 1033 4690 marte
1061 4628 1097 4690 in
1118 4627 1230 4706 uitam,
1259 4627 1364 4690 Deum
1415 4630 1464 4692 nit
1490 4627 1696 4703 adverbum,
1722 4631 1758 4689 nt
1785 4626 1897 4690 melius
1920 4625 2072 4706 proficiat.
2116 4619 2166 4683 Ac
2182 4619 2315 4699 proinde
2335 4618 2395 4681 mi-

385 4736 447 4779 non
474 4716 562 4779 niodo
588 4718 754 4779 creatorem
786 4733 945 4794 apnosccre
973 4732 1092 4778 neccsse
1123 4713 1201 4794 fuit,
1230 4714 1284 4777 sed
1317 4733 1363 4775 re·
1415 4734 1489 4778 runc
1509 4734 1570 4777 non
1591 4719 1643 4790 est,
1665 4714 1767 4794 nnopis
1789 4732 1826 4775 ac
1847 4713 1949 4793 napis
1970 4711 2004 4773 iu-
2025 4713 2148 4785 stupore
2170 4724 2227 4768 suc
2250 4703 2395 4770 obdures-

386 4803 572 4881 demptorem
593 4819 726 4880 quaqua*
755 4803 790 4862 ut
810 4804 887 4863 certe
914 4804 1081 4880 utrumque
1102 4799 1207 4880 adepti
1228 4805 1303 4864 sunt
1323 4818 1362 4862 ec
1415 4820 1481 4864 cere
1502 4800 1556 4880 qui
1578 4799 1613 4861 in
1635 4799 1768 4862 mncbris
1790 4800 1856 4860 nati
1878 4801 1969 4872 suut,·
1997 4793 2074 4872 quia
2092 4791 2282 4872 paucissimi
2305 4795 2339 4854 ut
2360 4809 2395 4855 se

385 4888 482 4952 aerbo.
540 4886 659 4952 Ordine
690 4885 772 4948 enim
797 4886 969 4964 praecessit
1001 4886 1060 4950 illa
1087 4886 1214 4950 mathiae
1246 4885 1363 4965 species
1416 4888 1503 4949 intra
1523 4888 1621 4948 metas
1642 4886 1831 4960 contineo-nt,
1855 4881 1943 4947 cerba
1966 4877 2028 4941 Dei
2050 4897 2083 4939 se
2098 4877 2248 4958 praeberd
2270 4875 2394 4953 dociles,

385 4995 449 5055 quo
475 4979 574 5038 333333
601 4972 708 5036 dotum
726 4972 803 5053 fuit,
832 4973 981 5052 quanam
1002 4972 1044 5036 sit
1065 4972 1155 5036 Deus
1181 4972 1233 5035 ille
1260 4993 1280 5035 3
1302 4990 1363 5052 quo
1416 4972 1470 5035 scd
1487 4971 1594 5051 potius
1615 4970 1772 5053 exsultant
1800 4971 1831 5032 in
1861 4987 1920 5032 sua
1941 4965 2087 5027 caecitate.
2134 4962 2188 5027 Sic
2208 4967 2311 5026 autem
2339 4961 2395 5025 ha-

383 5060 524 5124 mnndus
550 5063 595 5123 est
620 5058 761 5121 3333333
780 5062 807 5121 et
825 5058 1022 5140 pnibernatmz
1067 5058 1190 5122 Deinde
1213 5058 1364 5122 adiuncta
1415 5057 1547 5122 bendum
1575 5061 1632 5133 cst,
1661 5061 1697 5120 ut
1717 5055 1805 5119 nobis
1827 5052 1973 5133 affulpeat
1994 5070 2069 5112 aera
2090 5049 2208 5131 relipio,
2231 5048 2395 5112 cumdium

382 5147 447 5228 suit
469 5145 568 5209 altera
589 5144 731 5217 interior,
760 5164 840 5223 quae
860 5145 928 5209 solo
955 5149 1095 5210 mutuas
1117 5145 1243 5209 animas
1263 5143 1364 5224 oioifu
1416 5166 1437 5206 a
1457 5142 1574 5207 coelesti
1589 5143 1740 5206 doctrina
1765 5140 1835 5220 fieri
1863 5137 1982 5214 (lebera,
2012 5156 2064 5200 333
2092 5154 2278 5216 quemquam
2301 5151 2395 5229 posse

385 5237 444 5307 cat,
466 5252 527 5311 qun
550 5231 640 5294 Deus
661 5249 723 5292 non
745 5233 863 5293 lantum
883 5230 993 5293 mucidi
1011 5232 1156 5309 3333333,
1180 5230 1363 5295 etomninm
1416 5229 1463 5293 uel
1485 5230 1651 5292 minimum
1675 5231 1802 5307 pastum
1820 5228 1919 5288 rectae
1938 5242 2093 5303 sanaeque
2115 5221 2271 5286 doctrinae
2293 5237 2396 5314 percu

384 5338 467 5398 qnae
496 5317 577 5397 finnt
608 5316 723 5380 anuas
748 5319 839 5378 autor
865 5320 892 5378 et
924 5315 1040 5381 arbiter
1071 5318 1274 5399 capnoscitur,
1309 5315 1363 5379 sed
1411 5335 1496 5397 pere,
1519 5315 1583 5377 3333
1606 5315 1662 5394 qni
1679 5312 1853 5390 scripturae
1869 5309 1968 5390 fuerit
1985 5307 2169 5388 discipulus.
2199 5304 2284 5369 Unde
2301 5307 2395 5364 diam

1416 5401 1544 5481 emerp-it
1564 5418 1654 5462 cerae
1681 5395 1900 5476 intellipcntiae
1916 5395 2130 5476 principium,
2152 5391 2205 5454 ubi
2226 5390 2396 5451 recmarter

1417 5485 1629 5567 amplectimur
1650 5481 1732 5559 quod
1753 5482 1792 5547 de
1812 5501 1845 5546 sc
1866 5481 1932 5545 illic
1953 5480 2062 5546 testari
2084 5477 2173 5541 Deus
2193 5474 2298 5571 coluit.
2334 5469 2398 5535 Ne-

458 5608 487 5675 1)
513 5607 612 5675 Confer
632 5608 739 5676 prioris
761 5604 889 5658 editionis
915 5601 984 5680 Cap.¹
1000 5602 1023 5654 1.
1043 5605 1066 5668 §-
1085 5602 1119 5654 19
1136 5611 1161 5657 ct
1178 5603 1213 5655 20
1236 5620 1305 5674 quoe
1323 5610 1364 5656 to·
1417 5592 1476 5651 W
1502 5569 1583 5632 enim
1605 5565 1744 5663 pellecta
1772 5567 1891 5664 solum,
1914 5567 1960 5631 vel
1988 5563 2129 5663 metatoris
2156 5581 2226 5657 suis
2247 5558 2397 5657 completa

385 5694 450 5732 nen
467 5694 568 5746 noque
585 5693 618 5730 en
631 5681 713 5745 pone
730 5676 756 5729 tu
774 5675 790 5728 t
807 5673 886 5726 aliur
903 5670 1028 5724 3333333
1045 5676 1117 5724 sunt.
1415 5655 1503 5734 fides,
1526 5653 1580 5717 sed
1601 5672 1702 5716 omnus
1724 5659 1806 5720 recta
1828 5652 1891 5718 Dei
1919 5656 2050 5735 copnileo
2072 5647 2111 5711 ab
2133 5646 2303 5712 3333333333
2324 5660 2399 5706 nos-
