5600 6809
401 775 461 836 537
649 770 739 835 LIB.
764 769 826 834 III.
871 770 935 834 DE
957 767 1093 834 MODO
1115 769 1464 835 PERCIPOENDAE
1487 770 1677 837 CHRISTI
1700 769 1918 837 Glisma.
1963 772 2062 837 CAP.
2084 772 2146 837 xl.
2337 777 2399 840 538

394 960 520 1041 pliciter
545 959 592 1024 cel
612 960 710 1024 solide
731 958 819 1022 nohis
841 958 961 1038 offerri,
989 956 1044 1021 sed
1064 976 1122 1020 nos
1141 957 1213 1036 fieri
1235 959 1375 1023 institiae
1427 958 1508 1021 taoi:
1529 958 1600 1038 quis
1622 958 1779 1023 accusabit
1800 959 1905 1023 eleetos
1926 957 2015 1023 Dei?
2058 958 2148 1024 Deus
2168 965 2212 1025 est
2232 961 2287 1043 qui
2308 961 2399 1027 iusti·

399 1047 527 1112 divinoe
547 1050 699 1110 consortes
719 1045 794 1109 dum
816 1043 1020 1108 essentialiter
1040 1041 1129 1107 rrohis
1150 1044 1260 1107 territur
1277 1043 1374 1107 Dens.
1425 1044 1505 1123 ficol.
1564 1041 1627 1108 Utri
1666 1045 1702 1108 de
1739 1048 1826 1108 reatu
1858 1049 1885 1107 et
1917 1043 2104 1108 nsotntone
2134 1044 2317 1128 simpliciter
2344 1048 2397 1131 aqi

488 1136 515 1194 6.
564 1130 600 1195 Si
623 1135 744 1194 tantum
762 1130 886 1207 diruet,
915 1127 1073 1193 Christum
1095 1148 1151 1191 nos
1179 1129 1375 1210 iustificando
1421 1129 1534 1210 palam
1560 1134 1615 1207 est,
1649 1149 1686 1194 ac
1712 1150 1751 1192 33
1778 1129 1924 1199 antithesi
1948 1131 2083 1210 pendere
2109 1132 2239 1210 apostoli
2264 1153 2396 1197 sensum.

401 1218 560 1282 essentiali
586 1217 796 1280 coniunctione
822 1219 963 1279 nostrum
988 1213 1075 1293 heri,
1103 1234 1156 1276 nec
1177 1215 1277 1278 solum
1298 1236 1375 1295 qua
1427 1214 1514 1297 Erqo
1536 1218 1599 1278 tam
1620 1216 1654 1278 in
1675 1216 1797 1281 ratione
1817 1215 1875 1279 illa
1896 1235 1992 1296 qnam
2014 1216 2049 1278 in
2070 1215 2203 1280 citandis
2223 1220 2398 1298 scripturae

399 1309 487 1368 tenus
508 1301 596 1367 homo
622 1306 753 1366 estesse
774 1305 868 1380 caput
890 1305 1043 1376 nostrum,
1074 1299 1127 1363 secl
1153 1301 1281 1365 divinae
1302 1321 1374 1380 quo
1426 1301 1592 1383 suffraqiis
1612 1303 1747 1365 nimium
1765 1301 1880 1382 sutilis.
1893 1300 2136 1380 deprdierrditur.
2174 1302 2283 1368 Nihilo
2304 1307 2398 1369 etiam

400 1409 458 1469 que
486 1393 620 1451 naturae
646 1387 810 1451 essentiam
836 1388 871 1449 in
893 1406 949 1448 333
969 1385 1122 1465 ditt'uridi,
1149 1387 1269 1449 minore
1291 1406 1375 1450 3333
1426 1387 1541 1449 rectius
1561 1386 1599 1450 de
1615 1386 1738 1450 nomine
1758 1387 1900 1450 iustitiae
1918 1387 2054 1464 disserit,
2076 1387 2286 1466 quod-scilicet
2296 1390 2399 1454 Atra·

399 1475 523 1539 delictis
554 1494 586 1537 se
615 1478 772 1554 pasceret,
806 1492 859 1535 nec
889 1470 966 1551 forte
987 1475 1116 1551 propter
1142 1471 1196 1535 hoc
1228 1471 1375 1535 delirium
1426 1470 1484 1535 hae
1505 1474 1648 1553 reputata
1673 1472 1771 1552 fecerit
1794 1472 1872 1551 fides
1893 1473 1927 1534 in
1948 1473 2116 1550 iustitiam,
2145 1478 2310 1553 postquam
2331 1496 2397 1539 our-

401 1564 487 1623 tanta
510 1564 587 1624 esset
608 1559 772 1623 cantanda
794 1558 957 1621 cortentio:
984 1557 1038 1620 sed
1064 1576 1159 1636 quum
1177 1557 1375 1637 prinicipium
1420 1557 1537 1639 pietus
1561 1554 1720 1621 Christum
1742 1557 1810 1640 (qui
1832 1557 1894 1621 Dei
1921 1558 2044 1621 iustitia
2071 1563 2129 1635 est,
2158 1563 2186 1622 et
2205 1557 2295 1623 Deus
2316 1559 2397 1644 ipse)

311 1644 314 1649 ’
400 1644 454 1708 hoc
485 1646 528 1708 sit
547 1646 650 1708 instar
678 1645 802 1725 sepiae,
832 1663 912 1723 qnae
937 1642 1084 1725 eqestione
1112 1643 1176 1705 atri
1199 1641 1376 1725 turbidique
1427 1642 1553 1706 eaimiis
1574 1643 1740 1706 nitatibus
1761 1642 1951 1707 eeeettuerac.
2002 1643 2089 1707 Lhrde
2113 1651 2244 1725 apparet
2265 1666 2304 1710 ea
2324 1647 2400 1711 duo·
2436 1641 2438 1646 ’

400 1731 567 1812 sanquiuis
582 1729 697 1794 multas
717 1729 836 1793 caudas
856 1727 992 1806 occultat,
1013 1728 1078 1790 nisi
1099 1725 1230 1793 velimus
1246 1728 1374 1793 scientes
1427 1727 1485 1791 hus
1518 1728 1647 1810 inteqris
1678 1727 1716 1792 ah
1747 1729 1814 1808 ipso
1847 1729 1956 1792 vitiose
1983 1730 2054 1808 fieri
2083 1750 2181 1793 unum
2213 1737 2398 1811 corrupt—um

400 1821 429 1880 et
450 1815 581 1879 volentes
599 1817 668 1897 pati
690 1815 775 1879 nohis
797 1813 954 1878 iustitiam
976 1813 1067 1877 333333
1087 1814 1185 1894 cripi,
1207 1834 1287 1894 quae
1307 1813 1374 1878 sola
1429 1812 1536 1893 Neque
1556 1814 1637 1876 arim
1659 1814 1794 1892 iustitia,
1822 1814 1911 1878 cicius
1933 1814 1999 1878 illic
2025 1815 2060 1894 fit
2081 1816 2206 1892 mentio,
2235 1817 2277 1879 ad
2305 1822 2399 1882 totum

401 1901 438 1965 de
459 1901 558 1965 sainte
577 1900 736 1983 qhoriandi
754 1899 906 1980 fiduciam
922 1896 1010 1962 nohis
1030 1898 1141 1980 adfert,
1163 1900 1277 1963 acriter
1297 1900 1374 1963 resi
1426 1899 1594 1963 3333333333
1620 1919 1746 1963 cursum
1770 1901 1905 1979 pertinet
1911 1923 1920 1976 ,·
1947 1901 2021 1979 quin
2044 1902 2152 1980 potius
2179 1906 2313 1965 testatur·
2334 1904 2399 1984 spi

400 1992 478 2052 stare
499 2006 616 2052 incesse
634 1990 688 2051 est.
722 1985 809 2049 Nam
829 1985 866 2047 in
886 1983 944 2048 hac
962 1989 1024 2047 tota
1041 1984 1248 2064 disputatione
1265 2005 1374 2048 nomen
1427 1986 1517 2062 ritus,
1535 1987 1679 2064 quamuis
1695 1986 1813 2048 eximia
1831 1989 1907 2049 esset
1921 1986 2118 2064 praestantia
2134 1987 2397 2052 3333333333-

400 2071 541 2137 iustitiae
568 2074 597 2137 et
616 2071 741 2136 oerhum
761 2068 955 2150 iustificandi
982 2070 1024 2133 ad
1046 2069 1128 2134 duas
1144 2075 1254 2148 partes
1274 2076 1374 2135 33333
1426 2069 1492 2147 hac,
1514 2070 1628 2151 diuque
1642 2071 1868 2150 perseverando
1889 2071 2012 2135 tarulem
2033 2072 2185 2149 anteisset,
2213 2079 2272 2135 333
2293 2078 2396 2137 tamen

400 2157 461 2234 dit,
485 2162 521 2221 nt
540 2156 710 2237 iustificari
731 2157 774 2221 sit
793 2176 856 2220 non
874 2155 975 2219 solnm
995 2156 1192 2220 reconciliari
1214 2156 1282 2221 Deo
1301 2177 1374 2238 qra-
1426 2155 1519 2218 aliter
1533 2157 1694 2236 placuisse
1708 2155 1784 2234 Deo,
1803 2157 1867 2220 nisi
1883 2157 1965 2236 quod
1983 2157 2121 2238 qratiam
2138 2159 2172 2220 in
2189 2159 2396 2238 promissione

400 2241 482 2307 tuito
502 2244 602 2320 nenia,
624 2245 678 2306 sed
699 2243 792 2305 etiam
813 2242 911 2306 iustos
932 2240 1028 2321 effici:
1050 2245 1085 2303 ut
1105 2241 1229 2305 iustitia
1250 2242 1374 2305 sitnon
1426 2239 1557 2304 octana
1566 2242 1629 2322 fide
1639 2243 1758 2322 recepit.
1794 2239 1879 2306 Urulc
1894 2243 2080 2322 sequitnrin
2096 2242 2312 2324 iustificatione
2327 2244 2396 2309 nul-

397 2329 539 2412 qratuita
566 2329 743 2409 imputatio,
776 2327 830 2391 sed
855 2326 1004 2390 sarntitas
1031 2330 1058 2391 et
1086 2327 1248 2409 inteqritas
1279 2346 1374 2406 qnam
1425 2325 1490 2391 lum
1511 2329 1653 2406 operrhns
1675 2348 1739 2392 esse
1760 2326 1867 2406 locum,
1889 2328 1982 2392 sicuti
2001 2326 2125 2391 Paulus
2145 2329 2218 2392 scite
2236 2330 2394 2394 mntoidit.

400 2415 464 2479 Dei
485 2415 618 2477 essentia
638 2415 673 2476 in
695 2413 783 2477 nohis
807 2412 946 2476 resideas
973 2412 1115 2491 inspirat.
1159 2411 1281 2476 Deinde
1307 2413 1373 2492 sor·
1513 2416 1541 2474 7.
1588 2413 1676 2493 Quod
1692 2413 1802 2490 ohiicit,
1824 2414 1888 2476 vim
1909 2413 2101 2493 iustificandi
2121 2435 2181 2477 nou
2203 2415 2301 2479 inesse
2320 2415 2395 2494 fidei

400 2500 471 2564 titer
500 2503 602 2582 nepot,
635 2503 787 2580 quatenus
821 2495 964 2562 Christus
995 2498 1139 2562 sacerdos
1164 2502 1290 2578 peccata
1323 2517 1373 2561 33
1425 2516 1464 2558 ec
1491 2517 1523 2560 se
1550 2498 1637 2576 ipsa,
1671 2499 1725 2563 331
1757 2503 1905 2577 qnatenus
1935 2497 2092 2562 Christum
2118 2500 2241 2579 recipit,
2270 2501 2396 2565 lihmter

394 2584 517 2663 pianda
540 2589 665 2663 patrem
692 2583 779 2648 nohis
800 2583 953 2663 placavit,
986 2583 1092 2663 ipsum
1125 2603 1190 2647 esse
1216 2583 1373 2646 iustitiam
1426 2581 1559 2645 admitto.
1600 2583 1687 2646 Nam
1707 2584 1813 2663 siper
1833 2605 1874 2663 se,
1896 2585 1944 2649 cel
1962 2585 2140 2662 intrinseca,
2163 2591 2198 2649 ut
2219 2586 2394 2666 loquuntur,

400 2675 547 2746 nostram,
570 2669 623 2732 sea
643 2674 676 2732 ut
698 2675 743 2732 est
764 2668 854 2732 Deus
875 2673 1025 2745 aeterum,
1048 2673 1077 2731 et
1096 2669 1169 2732 nita.
1210 2667 1250 2732 Ut
1265 2668 1374 2748 prohat
1425 2666 1537 2730 uirtute
1557 2669 1738 2747 iustificaret
1763 2669 1855 2748 tides,
1884 2675 1918 2733 ut
1943 2674 1987 2733 est
2012 2690 2133 2749 semper
2159 2670 2269 2735 elehilis
2290 2677 2317 2735 et
2338 2673 2397 2736 im·

399 2755 482 2819 illud
497 2756 653 2835 primum,
681 2754 785 2819 Deum
806 2774 867 2817 non
888 2757 1009 2817 tantum
1030 2754 1226 2836 iqnoscendo,
1253 2754 1307 2817 sed
1327 2773 1374 2817 re·
1421 2751 1574 2831 perfecta,
1601 2774 1661 2816 nou
1689 2752 1818 2834 efficeret
1845 2753 1902 2832 hoc
1923 2755 1990 2818 nisi
2011 2777 2048 2819 ea
2063 2761 2165 2836 parte.
2210 2755 2264 2821 Sic
2283 2776 2396 2835 manca

397 2840 571 2922 qenerando
593 2839 774 2919 iustificare,
797 2839 917 2920 quaerit
939 2859 982 2902 an
1003 2858 1079 2918 quas
1100 2837 1258 2918 iustificat,
1281 2839 1373 2902 retia
1426 2842 1503 2900 esset
1524 2839 1661 2917 tristitia,
1689 2859 1768 2919 quae
1790 2839 1963 2918 srudnlum
1989 2841 2102 2904 salutis
2127 2839 2214 2905 nobis
2240 2843 2394 2923 mrderret.

399 2930 477 3004 quat
510 2925 617 3005 quales
649 2930 738 2988 erant
769 2930 900 3000 natiue,
933 2922 1013 2986 nihil
1040 2944 1077 2986 33
1102 2924 1191 2987 uitiis
1216 2923 1372 2987 mutando.
1427 2922 1495 2986 Nos
1520 2924 1645 3003 quidem
1672 2923 1755 2988 nihil
1782 2925 1844 2989 tale
1870 2925 2098 3005 imaqinamnr,
2125 2927 2179 2989 sed
2201 2929 2331 3007 proprie
2353 2928 2396 2994 io·

401 3009 576 3092 Responsio
599 3026 754 3091 perquam
778 3009 887 3090 facilis
915 3013 975 3072 est:
1006 3010 1088 3072 sicut
1108 3029 1168 3072 non
1190 3014 1290 3090 potest
1310 3009 1374 3073 dis-
1424 3008 1541 3087 quenda
1568 3007 1673 3074 Deum
1698 3030 1796 3073 unum
1821 3009 1993 3089 iustificare
2023 3011 2171 3090 dicimus;
2202 3011 2310 3077 deiude
2340 3013 2396 3078 hoc

399 3097 483 3176 cerpi
506 3095 649 3160 Christus
675 3097 710 3159 in
731 3100 855 3175 partes,
885 3095 930 3157 ita
956 3094 1183 3173 inseparabilia
1210 3115 1274 3158 esse
1300 3093 1373 3157 haec
1424 3091 1506 3156 idern
1528 3096 1747 3175 transferimus
1768 3096 1810 3160 ad
1833 3093 2005 3173 Christum,
2034 3098 2110 3177 quia
2129 3097 2222 3159 datus
2242 3101 2287 3160 est
2307 3098 2395 3164 nobis

399 3180 478 3260 duo,
501 3202 581 3261 quae
600 3180 696 3245 simut
716 3181 900 3244 coniunctim
922 3180 956 3242 in
976 3179 1045 3260 ipso
1059 3180 1262 3261 percipimus,
1283 3179 1373 3242 iusti-
1424 3178 1458 3240 iu
1481 3179 1651 3259 iustitiam
1681 3180 1774 3261 fidem
1795 3201 1865 3245 vero
1886 3181 1979 3262 quasi
2000 3182 2070 3245 vasi
2091 3181 2291 3262 conferimus,
2318 3184 2394 3262 quia

398 3267 478 3329 tiam
498 3272 527 3330 et
547 3265 826 3346 sanctificationem.
869 3265 1068 3345 Quoscumque
1089 3285 1160 3347 erqo
1180 3267 1216 3329 iu
1235 3265 1372 3347 qratiam
1423 3264 1488 3328 nisi
1513 3265 1669 3330 exinaniti
1696 3266 1739 3330 ad
1759 3267 1957 3347 expetendam
1981 3265 2098 3331 Christi
2122 3267 2259 3347 qratiam
2288 3272 2393 3349 aperto

399 3352 510 3432 rec-epit
530 3351 634 3428 Dens,
666 3352 764 3416 simrd
790 3350 905 3431 spiritu
932 3350 1110 3429 adoptionis
1139 3350 1248 3428 donat,
1281 3350 1373 3414 cuius
1424 3350 1548 3413 atrimae
1578 3371 1628 3417 ore
1661 3352 1846 3428 accedimus,
1879 3373 1937 3417 uon
1971 3372 2080 3417 333333
2108 3350 2227 3416 Christi
2256 3371 2392 3433 capaces.

398 3438 513 3500 uirtute
539 3457 589 3501 eos
615 3437 831 3518 reformatad
857 3456 949 3499 snam
973 3435 1150 3518 imapinem.
1202 3435 1317 3499 Verum
1342 3435 1372 3498 si
1432 3434 1518 3500 Unde
1538 3437 1707 3520 accipitur,
1740 3458 1801 3501 non
1822 3437 1980 3503 detrahere
2000 3457 2056 3501 nos
2078 3436 2199 3502 Christo
2220 3438 2283 3502 aim
2304 3438 2393 3502 iusti-

399 3522 475 3586 solis
492 3523 621 3588 claritas
641 3543 703 3586 non
717 3526 860 3603 potesta
876 3522 977 3586 calore
996 3523 1153 3601 separari,
1176 3541 1219 3584 an
1239 3522 1308 3586 ideo
1323 3520 1372 3585 di·
1422 3519 1553 3600 ficaudi,
1584 3523 1661 3586 dum
1685 3524 1784 3603 prius
1815 3543 1885 3586 eum
1914 3524 1976 3604 tide
2007 3523 2104 3602 recipi
2129 3524 2269 3588 33333333
2296 3544 2392 3606 quam

399 3628 499 3672 cemus
516 3609 581 3673 luce
598 3608 731 3688 calefieri
747 3613 870 3686 terram
888 3607 990 3671 calme
1005 3626 1076 3670 cero
1092 3606 1274 3671 illustrari?
1300 3604 1372 3670 Hac
1422 3605 1512 3670 illius
1532 3607 1695 3672 iustitiam.
1740 3608 1848 3689 Neque
1867 3614 1967 3673 himen
1988 3610 2104 3673 interea
2125 3613 2277 3673 tortuosas
2297 3610 2393 3675 huius

398 3694 605 3757 similitudine
636 3692 717 3756 trihil
749 3693 793 3757 ad
821 3713 887 3756 rem
908 3697 1103 3774 praesentem
1129 3693 1232 3776 maqis
1258 3711 1371 3756 acmrrt·
1422 3690 1576 3772 sophistae
1594 3694 1715 3777 fiquras
1735 3695 1871 3773 admitto,
1893 3714 1990 3775 quum
2010 3695 2086 3759 dicit
2105 3694 2197 3774 fidcru
2217 3715 2282 3760 csse
2305 3692 2393 3760 Chri-

397 3779 531 3842 modnm.
578 3778 632 3852 Sol
659 3778 759 3843 calore
783 3797 841 3842 suo
867 3782 982 3841 terram
1005 3783 1120 3861 oeqetat
1141 3797 1178 3842 33
1196 3777 1369 3858 foecundat,
1422 3782 1514 3841 stum.
1561 3779 1659 3860 Quasi
1679 3800 1750 3844 nero
1772 3779 1834 3843 olla
1853 3780 1960 3860 fictilis
1981 3781 2023 3843 sit
2042 3779 2222 3858 thesaurus,
2255 3781 2336 3861 quod
2356 3781 2393 3847 iu

398 3864 503 3928 radiis
534 3865 604 3928 suis
626 3863 764 3928 illustrat
790 3867 819 3927 ct
840 3863 1008 3927 illuminat.
1053 3862 1117 3928 Hic
1137 3868 1246 3927 mutua
1268 3868 1312 3928 est
1333 3881 1371 3928 33
1421 3883 1457 3926 ec
1479 3864 1667 3929 reconditum
1688 3867 1730 3928 sit
1751 3885 1873 3929 aurum.
1919 3865 2025 3946 Neque
2046 3866 2128 3929 enim
2156 3865 2280 3930 3333333
2308 3868 2392 3932 ratio

397 3949 565 4013 indiuidua
587 3949 748 4028 conrrecio;
775 3948 947 4029 transferre
972 3953 1075 4013 tamen
1101 3950 1182 4028 quod
1204 3949 1298 4012 unius
1314 3967 1370 4027 pe
1421 3953 1465 4012 est
1485 3949 1563 4029 quin
1582 3951 1668 4031 sidu,
1689 3950 1811 4014 etiamsi
1831 3951 1952 4015 nullius
1966 3971 2027 4030 per
2046 3971 2080 4014 se
2100 3951 2263 4033 diqnitatis
2283 3953 2325 4015 sit
2345 3951 2393 4018 cel

397 4033 517 4098 cnliarc
544 4040 589 4099 est
616 4034 659 4098 od
685 4034 830 4112 anana,
858 4035 940 4097 ratio
967 4035 1040 4114 ipsa
1056 4033 1204 4114 prohihet.
1250 4032 1292 4097 In
1312 4033 1370 4098 hae
1415 4035 1526 4114 pretii,
1559 4055 1616 4099 nos
1644 4036 1799 4116 iustificd,
1834 4036 1993 4101 Christum
2024 4036 2186 4117 afferendo,
2219 4037 2300 4101 33333
2330 4037 2392 4103 olla

397 4120 534 4201 duplicis
557 4121 684 4202 qratiae
711 4119 900 4199 confusione,
928 4139 1022 4199 quam
1049 4118 1183 4184 ohtrndit
1206 4117 1368 4198 Osiander,
1415 4120 1561 4200 pecumis
1598 4120 1712 4202 referta
1747 4121 1900 4186 homiuem
1938 4121 2106 4203 locupletat.
2167 4121 2284 4186 Inscite
2321 4143 2392 4206 erqo

397 4205 514 4269 similis
530 4211 574 4271 est
591 4205 788 4270 absurditas:
808 4205 884 4284 qnia
906 4206 988 4268 enim
1008 4227 1043 4269 re
1062 4205 1134 4285 ipsa
1155 4205 1198 4269 ad
1213 4204 1369 4268 cohudam
1419 4205 1525 4284 hdeur,
1552 4225 1633 4285 quac
1658 4207 1897 4271 instrumentum
1923 4212 1968 4271 est
1994 4207 2150 4271 dadanat
2172 4207 2392 4289 propterca

399 4292 553 4356 iustitiam
575 4295 699 4355 renovat
721 4289 824 4368 Deus,
852 4309 928 4371 quas
943 4310 1005 4370 pro
1026 4291 1121 4354 iustis
1140 4290 1242 4374 pratis
1263 4294 1367 4369 333333,
1420 4290 1574 4367 iustitiae,
1596 4291 1664 4355 dico
1683 4293 1807 4357 misceri
1828 4313 1896 4357 cum
1920 4291 2056 4370 Christo,
2077 4292 2133 4373 qui
2153 4292 2327 4356 materialis
2347 4296 2391 4356 est

397 4376 477 4441 illud
506 4377 746 4460 reqcnerationis
771 4375 887 4439 donum
918 4377 1023 4441 miscet
1049 4395 1119 4439 cum
1145 4375 1203 4440 hac
1226 4376 1368 4459 qratuita
1420 4396 1526 4455 causa,
1548 4377 1686 4458 tantique
1702 4379 1838 4459 hemficii
1859 4381 1949 4443 autor
1965 4378 2062 4443 sinrul
2078 4381 2106 4440 et
2122 4378 2270 4440 minister.
2318 4375 2390 4440 lam

398 4465 608 4544 acceptatione,
635 4482 792 4542 unumque
819 4465 847 4525 et
873 4460 955 4525 idem
981 4482 1046 4526 esse
1066 4462 1224 4526 contendit.
1267 4460 1369 4541 Atqui
1420 4463 1579 4542 expeditus
1610 4468 1654 4527 est
1685 4464 1738 4528 ille
1775 4484 1892 4545 quoque
1925 4465 2039 4540 nodus,
2077 4463 2222 4541 33333333
2256 4463 2389 4544 intellipi

396 4550 554 4627 scriptura
585 4553 748 4628 utrumque
775 4547 961 4629 corrinnqens
991 4547 1133 4612 distincte
1164 4553 1267 4612 tannen
1297 4567 1368 4611 enu-
1419 4548 1524 4612 debeat
1543 4548 1725 4613 vocabulum
1744 4549 1827 4629 fida,
1850 4550 1902 4614 uhi
1923 4549 1962 4615 de
1982 4547 2199 4627 iustificatione
2221 4548 2334 4629 aqitur.

395 4638 508 4712 merat,
536 4654 594 4713 quo
621 4632 785 4712 multiplea
807 4632 871 4697 Dei
889 4632 996 4714 qratia
1016 4633 1129 4697 melius
1149 4632 1238 4696 nohis
1252 4637 1368 4714 pateat.
1506 4637 1534 4697 8.
1590 4633 1632 4698 In
1673 4632 1790 4700 Christi
1828 4636 1993 4715 receptione
2031 4631 2153 4713 lonqius
2190 4631 2389 4711 provehitur:

399 4718 506 4797 Neque
532 4719 614 4781 enim
640 4738 866 4801 superuacuum
893 4723 937 4782 est
965 4719 1045 4783 illud
1069 4717 1167 4783 Pauli
1189 4716 1221 4800 (l
1243 4718 1318 4783 Cor.
1341 4721 1366 4797 l,
1419 4739 1526 4798 nempe
1547 4721 1630 4784 rerhi
1651 4722 1769 4785 eueni·
1785 4721 1958 4785 ministerio
1973 4718 2095 4782 nahum
2114 4717 2267 4791 internum
2284 4719 2387 4799 recipi,

401 4806 466 4884 30),
488 4802 596 4887 datum
610 4802 710 4883 fuisse
728 4805 816 4869 33333
835 4802 994 4877 Christum
1010 4804 1045 4867 in
1062 4806 1217 4869 iustitiam
1238 4809 1369 4871 333333-
1420 4825 1479 4885 quo
1500 4825 1556 4870 nos
1578 4828 1599 4869 3
1619 4807 1788 4871 sacerdotio
1808 4805 1925 4870 Christi
1945 4809 1973 4868 et
1989 4801 2168 4866 mediatoris·
2185 4824 2321 4884 persona
2345 4805 2388 4869 ad

399 4888 603 4968 tificationem.
648 4888 692 4950 Et
718 4890 834 4968 quoties
861 4910 881 4951 a
902 4890 1002 4954 salute
1023 4889 1110 4954 nohis
1124 4895 1251 4971 parta,
1264 4911 1285 4954 3
1306 4910 1367 4970 pa
1418 4891 1613 4975 3313333331)
1643 4892 1712 4956 eius
1744 4893 1937 4956 diuinitatem
1963 4888 2113 4952 traducat.
2166 4888 2232 4952 Nos
2261 4890 2385 4968 quidem

398 4980 482 5037 terno
505 4991 609 5035 amore
625 4971 696 5049 Dei,
719 4994 739 5036 a
759 4972 875 5038 Christi
893 4976 999 5057 qratia
1020 4977 1228 5041 ratiocinatur
1249 4995 1305 5041 nos
1326 4975 1369 5038 ad
1422 4975 1579 5040 Christum
1601 4998 1661 5042 non
1685 4978 1871 5053 diuidimus,
1897 4974 1951 5037 secl
1978 4973 2118 5048 eunden,
2152 4975 2205 5054 qni
2233 4975 2267 5037 in
2295 4995 2388 5040 carne

397 5057 601 5123 sanctitatem
616 5061 644 5119 et
664 5059 846 5122 munditiem
874 5066 993 5124 uocatos
1014 5081 1092 5138 esse,
1120 5067 1224 5142 aperte
1250 5062 1368 5126 indicat
1419 5081 1479 5125 sua
1500 5083 1556 5127 nos
1571 5064 1662 5143 patri
1682 5062 1884 5127 reconcilians
1905 5059 2027 5122 iustitia
2048 5058 2181 5138 durarit,
2208 5080 2272 5123 esse
2293 5066 2388 5125 aeter·

398 5145 488 5209 aliud
509 5163 573 5207 esse
594 5142 762 5223 iustificari
785 5162 879 5223 quam
895 5144 966 5222 pieri
986 5166 1082 5210 noceas
1098 5153 1267 5213 creaturas.
1306 5145 1367 5212 Uhi
1419 5168 1495 5211 num
1521 5168 1688 5213 sermonem
1714 5147 1792 5225 Dei,
1822 5165 1874 5210 uec
1902 5164 1971 5207 oero
2000 5143 2038 5207 ah
2067 5163 2100 5207 eo
2125 5147 2267 5227 potuisse
2297 5146 2387 5210 aliter

397 5251 466 5295 nero
488 5230 530 5292 ad
551 5229 741 5309 scripturam
761 5233 883 5291 remam
904 5233 964 5305 est,
992 5231 1114 5294 totidem
1134 5233 1368 5314 corrumpitis
1419 5234 1544 5312 impleri
1566 5233 1744 5297 mediatoris
1766 5235 1874 5311 partes
1899 5232 2047 5311 fatentur,
2074 5233 2101 5292 et
2121 5230 2274 5295 iustitiam
2300 5231 2387 5296 nohis

399 5336 448 5381 cos
475 5320 546 5395 quot
573 5315 654 5378 citat.
706 5312 767 5378 Uhi
790 5311 914 5376 Paulus
940 5314 1016 5377 dicit
1044 5319 1185 5394 reputari
1209 5319 1301 5398 fidem
1325 5318 1367 5382 ad
1420 5320 1551 5399 acquiri,
1579 5319 1643 5381 nisi
1671 5321 1747 5381 esset
1768 5316 1858 5381 Deus
1880 5320 2028 5380 33333333.
2075 5313 2136 5379 Sed
2156 5315 2210 5379 hoc
2235 5315 2386 5378 Osia-rulri

398 5402 552 5466 iustitiam
573 5421 635 5464 nou
658 5399 805 5480 operanti,
831 5400 885 5463 sed
905 5399 1036 5462 credenti
1057 5400 1092 5462 in
1114 5421 1182 5464 enni
1202 5404 1257 5481 qui
1278 5404 1367 5466 iusti
1413 5404 1567 5484 placitum
1595 5408 1653 5481 est,
1681 5423 1774 5481 quum
1805 5401 1892 5466 Deris
1918 5407 1944 5465 et
1971 5401 2057 5466 homo
2084 5401 2126 5464 sit
2156 5400 2311 5476 Christus,
2339 5420 2385 5463 re-

396 5486 469 5564 dcat
492 5487 639 5568 impium,
667 5487 791 5567 exponit
816 5486 936 5548 iustum
964 5483 1089 5564 allicere.
1133 5485 1367 5550 1333333333-
1417 5494 1519 5569 spectu
1546 5489 1672 5553 divitiae
1699 5492 1844 5559 naturae,
1874 5509 1932 5552 333
1957 5486 2124 5565 humanae,
2150 5485 2266 5566 frictum
2299 5485 2385 5549 33333

399 5573 489 5637 ritate
510 5573 660 5653 depravat
684 5577 779 5637 totum
808 5570 889 5635 illud
909 5574 1056 5651 quartem
1077 5575 1167 5651 caput
1188 5571 1230 5634 ad
1252 5569 1367 5635 Roma-
1418 5611 1426 5618 ·
1531 5610 1619 5616 ---—-

398 5678 467 5735 ncs;
491 5678 584 5736 raeque
605 5657 725 5722 duhilal
747 5656 848 5747 cochem
867 5657 939 5738 suco
961 5655 1084 5737 inficere
1105 5657 1192 5737 quod·
1207 5677 1305 5738 33333
1325 5657 1367 5720 ci·
1487 5675 1515 5740 1)
1534 5672 1608 5725 Edd.
1625 5688 1689 5726 rece.
1708 5676 1863 5731 emendant:
1882 5687 2026 5729 aesernino.
