5600 6809
748 589 767 621 1

391 759 453 820 606
483 696 485 704 Ι
539 754 629 820 LIB.
652 755 716 819 III.
760 754 823 818 DD
846 752 981 820 MODO
1003 753 1354 823 PEROIPOENDAE
1377 754 1568 822 OHRJS'H
1590 754 1808 820 altaalta.
1853 754 1952 820 GAP.
1976 755 2090 820 XVII.
2113 755 2245 821 XVIII.
2335 762 2396 825 606

390 943 546 1009 dicendae
567 950 663 1008 erant
682 963 795 1007 omnes
817 948 924 1006 terrae
945 942 1109 1020 nationes;
1137 944 1270 1008 seminis
1290 964 1366 1025 pro-
1418 943 1576 1026 operariis
1592 949 1825 1025 exaequantur,
1845 963 1957 1007 eorum
1974 944 2164 1026 praeferunt
2181 953 2304 1010 sortem
2317 967 2399 1029 quoe

390 1030 522 1113 pagatio
544 1050 627 1111 quae
648 1036 827 1111 aequatura
849 1034 934 1093 esset
957 1027 1069 1093 stellas
1091 1029 1171 1094 coeli
1193 1036 1227 1093 et
1249 1049 1367 1094 arenas
1420 1027 1461 1093 ad
1483 1027 1776 1094 commendandam
1797 1029 1921 1112 gratiae
1941 1029 2184 1108 excellentiam,
2213 1031 2248 1095 in
2271 1030 2399 1097 defectu

392 1114 502 1193 maris,
527 1114 655 1196 aliaque
677 1114 798 1178 similia
819 1112 918 1197 (Gen.
944 1118 990 1191 15,
1011 1118 1028 1175 5
1049 1121 1082 1178 et
1103 1119 1150 1191 17,
1173 1113 1214 1198 l).
1250 1114 1367 1179 Multis
1419 1114 1492 1192 diei,
1515 1122 1549 1178 et
1570 1113 1778 1180 conclusione
1800 1114 1897 1191 vitae,
1920 1113 2033 1179 divina
2053 1113 2262 1200 indulgentia
2282 1139 2399 1184 mune-

390 1209 465 1283 post
486 1202 596 1277 annis,
620 1207 658 1263 ut
679 1210 751 1263 erut
772 1198 902 1264 oraculo
924 1199 1048 1275 iussus,
1072 1200 1242 1264 Abraham
1264 1198 1307 1264 ad
1327 1201 1366 1264 fi·
1418 1202 1505 1265 ravit
1511 1223 1519 1279 ;
1542 1221 1606 1265 non
1629 1199 1733 1264 labori
1755 1200 1898 1281 pretium
1915 1200 2054 1279 solvens,
2077 1200 2134 1265 sed
2157 1201 2288 1268 dividas
2305 1205 2398 1268 boni·

390 1287 472 1350 lium
494 1284 730 1349 immolandum
758 1306 793 1349 ee
821 1284 969 1367 accingit.
1014 1284 1085 1349 Ista
1106 1285 1289 1351 obedientia
1311 1283 1367 1349 de-
1419 1286 1498 1351 tatis
1520 1306 1599 1351 suae
1620 1286 1656 1349 in
1679 1305 1748 1363 eos,
1776 1307 1857 1368 quos
1879 1287 1951 1350 sine
1973 1285 2127 1368 operibus
2149 1287 2263 1371 elegit,
2291 1288 2397 1354 effun-

390 1372 538 1449 iimctus,
562 1372 677 1454 recipit
698 1371 945 1453 promissionem
963 1369 1065 1454 (Gen.
1085 1375 1135 1449 22,
1156 1375 1184 1436 3.
1207 1373 1274 1457 17):
1309 1392 1368 1453 per
1420 1371 1514 1436 dens:
1544 1379 1581 1434 ut
1607 1371 1707 1435 etiam
1736 1371 1793 1453 qui
1819 1372 1854 1435 in
1881 1370 1985 1435 multo
2006 1371 2116 1437 labore
2137 1373 2314 1453 sudarunt,
2337 1398 2397 1442 nee

389 1464 511 1521 memet
543 1457 652 1540 ipsum
684 1458 806 1533 iuravi,
841 1454 920 1520 dicit
947 1456 1125 1533 Dominus,
1159 1460 1236 1539 quia
1262 1457 1368 1523 fecisti
1420 1457 1560 1539 amplius
1582 1477 1680 1538 quam
1703 1457 1872 1520 novissimi
1893 1465 2101 1539 acceperunt,
2129 1459 2318 1543 intelligant
2340 1459 2396 1525 do-

392 1542 477 1608 hanc
499 1564 584 1621 rem,
607 1553 640 1606 et
661 1564 727 1607 non
749 1542 923 1624 pepercisti
944 1543 1076 1624 proprio
1098 1543 1164 1607 filio
1186 1544 1367 1626 unigenito,
1420 1564 1500 1606 num
1527 1563 1562 1607 se
1589 1543 1729 1625 gratiae,
1758 1563 1826 1607 non
1857 1563 2000 1625 operum¹
2018 1545 2180 1627 accepisse
2202 1545 2395 1613 mercedem.

391 1627 581 1693 benedicam
609 1627 681 1705 tibi,
711 1639 745 1692 et
770 1627 993 1710 multiplicabo
1021 1649 1133 1693 semen
1161 1637 1255 1693 tuum
1284 1629 1369 1695 sicut
1420 1629 1593 1692 Postremo
1625 1628 1687 1692 hoc
1716 1649 1842 1710 quoque
1876 1637 1990 1693 notatu
2020 1628 2155 1712 dignum
2185 1638 2249 1708 est,
2281 1632 2317 1694 in
2345 1632 2398 1698 his

392 1714 504 1779 stellas
526 1713 606 1779 coeli
628 1724 662 1777 et
674 1735 789 1778 arenas
803 1713 921 1790 maris;
944 1712 1123 1796 possidebit
1145 1735 1257 1780 semen
1275 1722 1368 1779 tuum
1420 1714 1508 1791 locis,
1532 1713 1587 1778 ubi
1610 1714 1680 1776 vita
1700 1723 1833 1778 aeterna
1855 1734 1980 1780 merces
2002 1735 2138 1797 operum
2157 1724 2307 1795 vocatur,
2331 1740 2398 1782 non

392 1808 504 1881 portas
527 1791 906 1877 inimicorum'euorum,
936 1807 969 1864 et
995 1800 1232 1865 benedicentur
1259 1801 1295 1863 in
1318 1820 1369 1864 se-
1422 1799 1611 1882 simpheiter
1632 1818 1691 1880 pro
1708 1798 1766 1863 illa
1783 1800 2074 1865 communicatione
2090 1801 2199 1883 accipi,
2223 1823 2321 1885 quam
2338 1804 2397 1868 ha·

391 1888 479 1949 mine
506 1896 562 1948 tuo
590 1906 703 1950 omnes
730 1893 844 1968 gentes
872 1893 993 1962 terrae,
1026 1887 1104 1968 quia
1133 1885 1270 1951 obedisti
1297 1886 1369 1950 voci
1421 1883 1537 1950 bemus
1564 1904 1641 1948 cum
1661 1884 1734 1948 Deo
1756 1885 1799 1948 ad
1818 1885 1948 1950 beatam
1969 1886 2265 1965 immortalitatem,
2293 1910 2395 1970 quum

392 1992 491 2035 meae.
537 1968 625 2050 Quid
658 1969 830 2035 audimus?
866 1992 908 2035 an
941 1970 1125 2036 obedientia
1153 1993 1213 2036 sua
1239 1992 1369 2054 prome·
1421 1991 1482 2034 nos
1516 1977 1653 2053 paterna
1683 1969 1912 2035 benevolentia
1943 1971 1978 2034 in
2006 1969 2140 2037 Christo
2173 1973 2397 2055 amplectitur;

391 2056 475 2121 ritus
497 2065 548 2119 est
570 2054 829 2121 benedictionem
850 2056 1037 2135 Abraham,
1067 2059 1160 2122 cuius
1181 2058 1369 2140 promissio-
1421 2056 1479 2120 sed
1500 2076 1559 2138 pro
1577 2054 1791 2120 beatitudinis
1808 2056 2008 2138 possessione
2028 2056 2081 2122 vel
2098 2057 2263 2136 fruitione,
2286 2067 2323 2123 ut
2341 2081 2397 2125 vo-

391 2163 468 2206 nem
489 2150 657 2225 receperat
679 2148 854 2223 antequam
874 2142 1026 2206 ederetur
1037 2142 1270 2226 praeceptum?
1303 2143 1368 2208 Hic
1421 2151 1506 2220 cant,
1529 2143 1614 2207 sicut
1635 2142 1734 2205 etiam
1756 2149 1876 2205 sonant
1896 2143 1968 2223 ipsa
1989 2141 2113 2207 Christi
2135 2142 2249 2209 verba:
2283 2146 2318 2209 in
2345 2145 2398 2210 fu·

316 2292 321 2296 .
391 2227 534 2309 profecto
557 2229 640 2292 citra
662 2228 816 2311 ambages
838 2238 1004 2304 tenemus,
1026 2228 1067 2293 iis
1088 2229 1183 2294 bonis
1203 2229 1369 2293 munerari
1422 2235 1497 2293 turo
1525 2227 1629 2293 vitam
1662 2234 1829 2292 aeternam
1860 2227 1977 2310 (blare.
2012 2232 2067 2306 lo,
2099 2228 2164 2313 30).
2216 2230 2262 2293 Ει
2304 2230 2396 2296 alibi:

391 2312 572 2377 Dominum
593 2311 740 2377 fidelium
760 2333 872 2396 opera,
897 2334 982 2395 quae
1003 2313 1069 2379 illis
1090 2316 1157 2379 iam
1181 2323 1258 2379 ante
1280 2316 1368 2398 cogi·
1421 2313 1539 2391 venite,
1560 2312 1722 2396 possidete
1740 2334 1887 2395 regnum,
1911 2320 1969 2377 etc.
2000 2313 2135 2396 (Matth.
2156 2318 2206 2393 25,
2226 2315 2291 2398 34).
2323 2315 2397 2382 Hac

391 2406 461 2462 tata
487 2419 586 2480 opera
614 2397 761 2463 dederat:
791 2399 875 2463 nihil
902 2399 981 2463 dum
1009 2419 1126 2465 causae
1155 2401 1281 2466 habens
1309 2421 1369 2466 cur
1421 2400 1548 2463 ratione
1576 2404 1609 2463 et
1636 2397 1763 2463 Paulus
1785 2398 1895 2480 (Rom.
1915 2404 1948 2475 8,
1976 2402 2014 2461 18
2041 2398 2144 2483 seqq.)
2177 2408 2272 2467 vocat
2299 2401 2396 2484 adop·

390 2483 470 2565 ipsis
490 2481 696 2549 benefaceret
717 2485 781 2549 nisi
804 2504 897 2549 suam
919 2484 1182 2551 misericordiam.
1421 2485 1559 2562 tionem,
1593 2483 1828 2548 revelationem
1857 2482 2038 2567 adoptionis
2066 2506 2149 2567 quae
2176 2486 2212 2548 in
2234 2508 2397 2554 resurree-

481 2572 509 2633 3.
553 2569 666 2651 Neque
695 2579 805 2634 tamen
833 2571 1012 2635 frustratur
1031 2581 1089 2636 aut
1109 2570 1195 2635 ludit
1216 2592 1277 2637 nos
1298 2571 1368 2637 Do·
1422 2570 1510 2633 tione
1539 2570 1608 2644 fiet,
1641 2591 1679 2634 ac
1712 2578 1825 2650 postea
1855 2571 2105 2652 interpretatur,
2139 2570 2397 2654 redemptionem

393 2655 504 2718 minus
525 2675 624 2739 quum
649 2655 705 2733 ait,
727 2677 762 2719 se
784 2656 935 2738 operibus
957 2656 1144 2739 rependere,
1168 2656 1368 2740 quodgratis
1420 2655 1564 2737 corporis
1580 2656 1692 2719 nostri
1731 2654 1863 2736 Alioqui
1883 2664 2002 2733 autem,
2025 2655 2300 2737 quemadmodum
2319 2659 2397 2724 alie·

392 2748 469 2803 ante
500 2759 600 2822 opera
632 2740 818 2806 donaverat.
865 2740 952 2822 Quia
980 2743 1066 2806 enim
1092 2742 1185 2808 bonis
1217 2744 1368 2826 operibus
1420 2741 1510 2805 natio
1540 2741 1654 2805 aDeo
1682 2747 1815 2804 aeterna
1844 2749 2018 2821 moreest,
2047 2742 2094 2838 siq
2120 2764 2221 2824 quum
2244 2743 2340 2809 homo
2362 2745 2398 2810 in

392 2825 464 2890 vult
486 2846 545 2889 nos
567 2828 712 2890 exerceri
734 2825 775 2890 ad
803 2827 1026 2892 meditandam
1049 2849 1161 2893 eorum
1188 2851 1271 2911 quae
1293 2849 1368 2911 pro·
1420 2826 1562 2908 gratiam
1591 2824 1704 2895 aDeo
1737 2826 1906 2907 recipitur,
1940 2836 1979 2889 ut
2001 2828 2294 2894 communicatione
2327 2830 2398 2895 eius

391 2910 482 2975 misit
503 2910 737 2976 exhibitionem
759 2912 813 2976 vel
833 2913 1033 2990 fruitionem,
1056 2926 1094 2977 ut
1115 2915 1163 2978 ita
1184 2914 1307 2997 loquar,
1331 2935 1369 2979 ac
1420 2913 1550 2976 fruatur
1577 2932 1744 2992 unumque
1772 2932 1847 2975 cum
1874 2933 1912 2975 eo
1934 2913 2006 2989 fiat,
2036 2914 2233 2977 transfertur
2253 2936 2273 2978 a
2294 2923 2398 2981 morte

391 3017 451 3078 per
473 3017 511 3060 ea
533 2995 723 3073 decurrere,
747 3006 784 3062 ιιι
805 2998 1040 3064 contendamus
1063 2999 1103 3063 ad
1126 3000 1254 3064 beatam
1276 3021 1368 3082 spem
1421 2997 1462 3062 ad
1490 2997 1607 3075 vitam,
1641 2996 1675 3060 id
1708 2995 1795 3079 quod
1822 2997 1860 3060 tit
1885 2997 1985 3061 solius
2017 2996 2199 3079 adoptionis
2231 2998 2395 3065 beneficio.

392 3083 484 3148 nobis
505 3083 707 3165 propositam
734 3084 769 3146 in
800 3085 912 3162 coelis,
941 3084 1004 3149 rite
1032 3097 1066 3149 et
1092 3085 1158 3148 illis
1180 3086 1369 3169 assignatur
1421 3081 1465 3146 Et
1486 3083 1516 3148 ei
1537 3103 1621 3148 more
1637 3102 1694 3146 sao
1709 3083 1912 3163 pertinaciter
1928 3087 2057 3164 urpecut
2077 3103 2204 3162 operam
2222 3087 2397 3165 macedan,

391 3168 645 3250 promissionum
678 3169 818 3248 fructus,
853 3169 894 3233 ad
927 3171 1018 3235 cuius
1050 3171 1277 3257 maturitatem
1308 3192 1368 3237 noa
1420 3190 1559 3252 reperere
1580 3169 1662 3234 illud
1682 3167 1771 3233 Petri
1793 3169 1908 3245 licebit,
1937 3168 2033 3232 vitam
2062 3173 2218 3233 acernam
2237 3168 2312 3248 fidei
2334 3191 2398 3236 esce
2466 3202 2473 3211 ·

390 3252 581 3334 producunt.
626 3254 808 3338 Eleganter
840 3257 1003 3337 expressit
1030 3262 1206 3338 utrumque
1239 3264 1368 3339 aposto·
1421 3255 1586 3320 macedan
1605 3256 1637 3340 (l
1658 3255 1747 3320 Petr.
1770 3259 1797 3334 1,
1817 3254 1860 3338 o).

390 3337 451 3415 lus,
474 3360 575 3420 quum
598 3338 720 3405 diceret
741 3341 857 3406 officiis
879 3342 1024 3407 caritatis
1046 3341 1177 3406 studere
1195 3340 1368 3408 Colossen-
1507 3347 1536 3404 4.
1581 3341 1699 3423 Itaque
1721 3362 1763 3404 ne
1784 3340 1964 3422 cogitemus
1988 3339 2140 3422 spiritum
2162 3347 2313 3406 sanctum
2335 3340 2396 3406 hu-

391 3444 456 3501 see,
485 3431 618 3507 propter
639 3447 731 3507 spem
760 3427 796 3490 in
817 3426 914 3492 coelis
936 3428 998 3492 sibi
1020 3417 1210 3509 repositam,
1237 3427 1278 3494 de
1304 3450 1369 3511 qua
1421 3426 1561 3491 iusmodi
1581 3427 1795 3509 promissione
1817 3423 2043 3490 commendare
2065 3445 2200 3507 operum
2213 3433 2397 3490 nostrorum

357 3586 363 3600 ἢ
392 3518 468 3573 ante
503 3508 677 3574 audierant
715 3532 774 3593 per
813 3533 996 3577 sermonem
1037 3514 1163 3578 veracis
1204 3513 1368 3599 evangelii
1421 3510 1623 3609 dignitatem,
1646 3532 1683 3577 ae
1705 3511 1852 3576 sitalem
1868 3509 2051 3575 mercedem
2074 3518 2270 3576 mereantur.
2304 3510 2397 3576 Nihil

391 3592 476 3679 (001.
499 3599 526 3671 1,
539 3595 583 3678 4).
617 3595 704 3660 Nam
726 3619 827 3678 quum
848 3599 894 3661 ait
915 3619 969 3663 eos
992 3618 1034 3662 ex
1056 3598 1226 3682 evangelio
1249 3619 1368 3682 cogno·
1421 3618 1509 3661 emm
1542 3597 1635 3662 nobis
1668 3599 1829 3679 scriptura
1856 3595 2018 3677 reliquum
2045 3596 2137 3673 facit,
2172 3618 2238 3679 quo
2264 3598 2299 3661 in
2320 3618 2397 3662 con·

391 3680 477 3744 visse
506 3700 597 3761 spem
627 3681 689 3745 sibi
717 3683 753 3745 in
780 3684 877 3749 coelis
904 3685 1095 3766 repositam,
1129 3683 1273 3750 declarat
1299 3684 1367 3751 solo
1421 3689 1534 3765 spectu
1555 3683 1620 3748 Dei
1642 3683 1833 3748 exaltemur.
1879 3678 1968 3761 Quin
1991 3682 2098 3764 potius
2120 3689 2189 3747 tota
2210 3683 2245 3746 in
2266 3683 2328 3748 hoe
2348 3691 2399 3748 est

392 3763 540 3841 Christo,
564 3765 664 3832 nullis
686 3775 797 3831 autem
820 3769 988 3833 suffultam
1010 3770 1170 3852 operibus.
1218 3770 1278 3836 Cei
1300 3791 1368 3835 cca
1420 3777 1459 3831 ut
1479 3769 1701 3852 arrogantiam
1722 3776 1869 3833 nostram
1890 3765 2053 3846 retundat,
2076 3788 2136 3832 nos
2158 3766 2318 3846 humiliet,
2341 3766 2398 3833 de·

391 3851 468 3914 cinit
488 3851 571 3916 illud
594 3850 698 3916 Petri:
718 3855 870 3918 cuatodc'ri
887 3856 961 3936 pios
978 3854 1042 3919 Dei
1060 3857 1172 3920 catate
1187 3877 1249 3938 per
1263 3856 1366 3937 fidem,
1420 3854 1517 3933 liciat
1540 3860 1574 3918 ct
1593 3874 1726 3937 prorsus
1747 3859 1903 3918 conterat.
1948 3852 2075 3917 Verum
2103 3861 2234 3920 nostrae
2255 3852 2398 3918 imbecil-

390 3936 426 3998 ιο
458 3935 589 4000 solman
616 3958 697 4017 quoe
716 3944 839 4018 parata
865 3946 910 4004 eat
929 3941 1130 4022 manifestari
1156 3962 1214 4007 cuo
1235 3948 1368 4024 tenpore
1419 3939 1504 4004 litati
1527 3941 1573 4005 sic
1590 3940 1784 4005 occurritur:
1808 3959 1890 4020 qnae
1913 3938 2024 4003 statim
2046 3938 2165 4022 alioqui
2183 3939 2399 4004 collaberetur

392 4022 423 4105 (l
445 4021 535 4085 Petr.
558 4026 591 4100 l,
612 4025 655 4104 5).
701 4024 792 4089 Dum
819 4025 906 4107 ipsos
929 4026 975 4089 ait
997 4027 1068 4103 eius
1089 4048 1188 4091 causa
1208 4028 1366 4106 laborare,
1420 4048 1458 4090 ac
1476 4024 1667 4101 concideret,
1689 4025 1753 4088 nisi
1770 4024 1833 4090 hac
1853 4045 1888 4088 se
1906 4024 2149 4106 exspectatione
2166 4025 2343 4090 sustineret
2359 4045 2397 4093 ac

391 4107 555 4190 significat
576 4107 775 4173 currendum
797 4129 867 4174 esse
889 4109 1039 4176 fidelibus
1061 4118 1130 4176 tete
1151 4114 1240 4177 vitae
1262 4114 1367 4197 spatio
1420 4111 1531 4176 solatio
1552 4111 1664 4175 leniret
1684 4130 1745 4175 arca
1766 4110 1879 4175 taeda.
1911 4109 2064 4174 Primum
2084 4131 2183 4192 quam
2205 4109 2325 4175 durum
2344 4113 2396 4184 sit,

390 4200 428 4256 ιιι
460 4192 718 4275 apprehendant
773 4194 825 4259 Ne
856 4217 934 4260 vero
968 4207 1158 4279 putaremus
1187 4198 1229 4262 ad
1259 4200 1368 4264 meriti
1420 4217 1486 4260 non
1513 4195 1610 4261 modo
1637 4217 1697 4262 sua
1723 4196 1845 4274 omnia,
1879 4195 1937 4260 sed
1964 4216 1999 4260 se
2019 4216 2147 4278 quoque
2168 4196 2276 4278 ipsum
2298 4195 2398 4260 relin-

390 4278 525 4343 mcdum
547 4280 616 4344 redi
643 4281 649 4293 ‘
673 4301 771 4362 quam
792 4279 885 4345 nobis
906 4281 1071 4348 Dominus
1092 4284 1275 4348 mercedem
1297 4285 1367 4368 pol·
1402 4288 1519 4363 'quere
1541 4291 1574 4346 et
1591 4280 1769 4365 abnegare,
1797 4288 1951 4364 reputant
1970 4302 2031 4366 pro
2052 4280 2242 4362 aequisque
2263 4280 2395 4363 singuli

389 4364 514 4444 licetur,
538 4385 618 4448 para
660 4365 727 4431 lam
745 4368 913 4450 proposuit
930 4365 1066 4451 (Matth.
1087 4372 1138 4446 20,
1160 4373 1174 4432 l
1196 4372 1309 4454 seqq),
1331 4371 1368 4434 in
1418 4368 1465 4431 Et
1486 4375 1599 4432 tamen
1620 4368 1681 4432 hoc
1702 4367 1851 4433 tirocinio
1872 4366 2046 4450 discipulos
2069 4386 2154 4443 suos,
2178 4364 2238 4429 hoc
2259 4372 2309 4428 est
2325 4365 2396 4446 pios

390 4471 511 4531 quase
533 4452 610 4518 fecit
631 4458 761 4535 patrem
782 4452 936 4530 familias,
958 4454 1015 4535 qui
1036 4473 1245 4537 quoscunque
1268 4455 1368 4523 habet
1420 4473 1543 4531 omnes,
1565 4453 1719 4518 Christus
1739 4454 1857 4518 initiat
1882 4451 2020 4521 Deinde
2044 4452 2090 4516 sic
2111 4470 2171 4531 per
2192 4469 2322 4512 omnem
2344 4451 2393 4515 vi·

391 4536 517 4615 obvios,
547 4538 652 4601 mittit
680 4539 717 4602 in
744 4540 860 4604 vineae
880 4560 958 4603 suae
980 4539 1158 4618 culturam;
1193 4540 1273 4607 alios
1294 4542 1366 4624 qui-
1420 4548 1489 4603 tam
1509 4540 1569 4605 sub
1591 4538 1696 4605 crucis
1713 4538 1885 4621 disciplina
1901 4536 2017 4613 erudit,
2039 4557 2081 4600 ne
2102 4555 2158 4599 cor
2177 4532 2331 4598 adiiciant
2351 4534 2394 4600 ad

392 4618 466 4683 dem
493 4621 575 4687 hora
603 4623 667 4689 diei
694 4625 816 4706 prima,
850 4624 930 4690 alios
957 4625 1115 4704 secunda,
1149 4626 1231 4691 ahos
1259 4628 1365 4706 tertia,
1419 4624 1579 4689 bonorum
1599 4626 1823 4707 praesentium
1850 4623 1903 4689 vel
1925 4621 2135 4704 cupiditatem
2156 4618 2208 4683 vel
2230 4618 2392 4685 fiduciam.

391 4705 548 4786 quosdam
568 4709 669 4773 etiam
687 4710 873 4789 undecima;
895 4711 1024 4793 vesperi
1044 4710 1196 4794 rependit
1216 4713 1366 4778 omnibus
1419 4710 1572 4776 Breviter
1593 4711 1640 4794 sic
1658 4711 1726 4775 fere
1743 4718 1872 4788 tractat,
1895 4715 1933 4772 ιιι
1953 4725 2145 4789 quoeunque
2168 4705 2300 4802 flectant
2316 4725 2393 4772 oeu-

392 4790 525 4872 aequale
558 4795 708 4875 pretium.
753 4795 856 4862 Cuius
888 4796 1192 4880 interpretationem
1224 4798 1367 4865 breviter
1419 4796 1483 4874 los,
1511 4817 1610 4880 quam
1627 4795 1725 4881 longe
1747 4795 1801 4861 hic
1821 4791 1964 4858 mundus
1986 4796 2090 4874 patet,
2118 4790 2252 4854 nonnisi
2279 4790 2393 4874 despe-

392 4887 426 4940 et
447 4897 525 4941 vere
543 4878 734 4960 complexus
749 4891 809 4960 est,
828 4883 1012 4967 quicunque
1030 4884 1074 4948 sit
1090 4883 1147 4948 ille
1164 4884 1299 4949 tandem
1310 4906 1368 4950 ve-
1420 4881 1583 4948 rationem
1601 4883 1662 4947 sibi
1684 4882 1804 4964 ubique
1826 4879 2051 4944 obversantem
2074 4873 2226 4954 habeant,
2247 4883 2285 4940 ut
2304 4875 2392 4943 Pan·

391 4969 500 5026 tustus
522 4963 668 5046 scriptor,
691 4968 783 5032 errius
800 4968 884 5032 liber
901 4966 1126 5035 devocatione
1144 4968 1367 5054 gentiumsub
1418 4966 1471 5033 lus
1498 4967 1530 5051 (l
1551 4966 1625 5033 Gor.
1655 4973 1706 5047 15,
1731 4968 1785 5051 lo)
1818 4965 1917 5040 dicat,
1951 4959 2202 5026 miserabiliores
2233 4982 2304 5026 esse
2331 4982 2392 5029 nos

391 5048 558 5112 Ambrosii
581 5049 713 5113 nomine
732 5051 846 5116 fertur.
861 5053 885 5135 ¹)
918 5054 1000 5119 Eius
1019 5054 1127 5121 verbis
1143 5057 1367 5139 potiusquam
1419 5054 1570 5121 omnibus
1590 5051 1784 5129 hominibus,
1808 5052 1835 5114 si
1853 5050 1891 5112 in
1913 5047 1974 5112 hoc
1995 5045 2119 5110 mundo
2137 5045 2299 5112 duntaxat
2320 5069 2392 5131 spe·

391 5135 472 5198 meis
495 5141 578 5198 utar.
612 5132 731 5212 Huius,
754 5137 870 5217 inquit,
893 5141 1144 5221 comparationis
1164 5141 1281 5227 regula
1298 5142 1367 5207 Do·
1419 5161 1538 5207 remus.
1581 5138 1624 5203 In
1652 5140 1705 5204 his
1731 5136 1832 5201 tantis
1858 5132 2019 5216 angustiis
2041 5154 2083 5197 ne
2104 5130 2273 5213 deficiant,
2301 5132 2394 5199 adest

391 5220 502 5284 minus
533 5219 745 5284 multimodae
772 5221 951 5286 vocationis
977 5227 1170 5290 varietatem
1198 5227 1239 5293 ad
1266 5249 1373 5294 unam.
1419 5224 1486 5290 illis
1508 5225 1686 5302 Dominus,
1714 5223 1769 5305 qui
1798 5228 1911 5283 monet
1932 5226 1969 5282 ιιι
1991 5217 2089 5282 altius
2108 5227 2208 5300 caput
2229 5227 2391 5298 emerant,

392 5306 535 5388 gratiam
554 5305 777 5390 pertinentem
797 5302 974 5385 adstruxit;
1004 5308 1061 5372 ubi
1083 5311 1154 5375 sine
1176 5312 1287 5390 dubio,
1310 5315 1367 5395 qui
1420 5319 1454 5375 et
1474 5310 1603 5394 longius
1625 5308 1735 5378 oculos
1751 5304 1940 5372 coniiciant:
1962 5302 2215 5381 beatitudinem,
2239 5324 2336 5386 quam
2356 5304 2392 5368 in

392 5390 475 5456 hera
505 5391 679 5457 undecima
714 5391 896 5457 intromissi
932 5392 968 5456 in
1000 5392 1133 5459 vineam
1170 5397 1271 5462 totim
1303 5397 1368 5463 diei
1419 5395 1542 5460 mundo
1563 5415 1631 5458 non
1651 5393 1774 5471 vident,
1796 5390 1883 5474 apud
1904 5412 1940 5457 se
1961 5397 2156 5474 reperturos.
2200 5387 2297 5453 Hanc
2316 5386 2392 5453 bea·

1420 5480 1603 5557 titudinem,
1625 5478 1822 5561 praemium,
1844 5474 2043 5555 mercedem,
2066 5473 2313 5540 retributionem
2333 5493 2392 5538 vo·

1420 5576 1488 5642 cat;
1517 5586 1584 5629 non
1605 5585 1740 5648 opernm
1762 5564 1938 5629 aestimans
1958 5563 2130 5640 meritam,
2158 5557 2215 5657 sed
2240 5577 2392 5659 compen-

461 5665 491 5731 1)
510 5667 584 5720 Liar.
602 5666 627 5719 1.
645 5683 668 5719 ο.
685 5666 710 5720 5.
1421 5652 1581 5716 sationem
1607 5671 1679 5716 esse
1708 5650 1895 5735 significans
1921 5670 2034 5715 eorum
2060 5665 2235 5730 pressuris,
2268 5665 2391 5730 possie-
