<?xml version="1.0" encoding="UTF-8"?>
<!DOCTYPE html PUBLIC "-//W3C//DTD XHTML 1.0 Transitional//EN"
    "http://www.w3.org/TR/xhtml1/DTD/xhtml1-transitional.dtd">
<html xmlns="http://www.w3.org/1999/xhtml" xml:lang="en" lang="en">
 <head>
  <title>
</title>
<meta http-equiv="Content-Type" content="text/html;charset=utf-8" />
  <meta name='ocr-system' content='tesseract 3.04.00' />
  <meta name='ocr-capabilities' content='ocr_page ocr_carea ocr_par ocr_line ocrx_word'/>
</head>
<body>
  <div class='ocr_page' id='page_1' title='image "./ioanniscalvinio10calvgoog/ioanniscalvinio10calvgoog_0454.png"; bbox 0 0 5600 6809; ppageno 0'>
   <div class='ocr_carea' id='block_1_1' title="bbox 387 740 2472 857">
    <p class='ocr_par' dir='ltr' id='par_1_1' title="bbox 387 740 2472 857">
     <span class='ocr_line' id='line_1_1' title="bbox 387 740 2472 857; baseline -0.005 -22"><span class='ocrx_word' id='word_1_1' title='bbox 387 740 391 747; x_wconf 75' lang='grc'>’</span> <span class='ocrx_word' id='word_1_2' title='bbox 416 772 477 835; x_wconf 84' lang='lat' dir='ltr'>aaa</span> <span class='ocrx_word' id='word_1_3' title='bbox 1052 759 1318 827; x_wconf 76' lang='grc'><strong>1181118118</strong></span> <span class='ocrx_word' id='word_1_4' title='bbox 1343 760 1450 828; x_wconf 74' lang='lat' dir='ltr'>aaa.</span> <span class='ocrx_word' id='word_1_5' title='bbox 1473 759 1655 827; x_wconf 76' lang='grc'><strong>81111181.</strong></span> <span class='ocrx_word' id='word_1_6' title='bbox 1680 763 1772 824; x_wconf 83' lang='lat'>1559.</span> <span class='ocrx_word' id='word_1_7' title='bbox 2361 765 2432 824; x_wconf 86' lang='lat'>940</span> <span class='ocrx_word' id='word_1_8' title='bbox 2469 852 2472 857; x_wconf 12' lang='lat' dir='ltr'>y</span> 
     </span>
    </p>
   </div>
   <div class='ocr_carea' id='block_1_2' title="bbox 376 948 2427 1466">
    <p class='ocr_par' dir='ltr' id='par_1_2' title="bbox 376 948 2427 1466">
     <span class='ocr_line' id='line_1_2' title="bbox 415 948 2427 1032; baseline -0.004 -9"><span class='ocrx_word' id='word_1_9' title='bbox 415 957 565 1023; x_wconf 85' lang='lat' dir='ltr'>lascivire</span> <span class='ocrx_word' id='word_1_10' title='bbox 591 954 627 1018; x_wconf 91' lang='lat' dir='ltr'>in</span> <span class='ocrx_word' id='word_1_11' title='bbox 654 952 826 1018; x_wconf 82' lang='lat' dir='ltr'>Christum</span> <span class='ocrx_word' id='word_1_12' title='bbox 852 973 908 1016; x_wconf 87' lang='lat' dir='ltr'>eas</span> <span class='ocrx_word' id='word_1_13' title='bbox 936 949 1021 1016; x_wconf 88' lang='lat' dir='ltr'>dicit</span> <span class='ocrx_word' id='word_1_14' title='bbox 1066 950 1292 1015; x_wconf 70' lang='lat' dir='ltr'>Postea‘vero</span> <span class='ocrx_word' id='word_1_15' title='bbox 1320 970 1389 1012; x_wconf 92' lang='lat' dir='ltr'>am-</span> <span class='ocrx_word' id='word_1_16' title='bbox 1441 970 1536 1014; x_wconf 91' lang='lat' dir='ltr'>nosse</span> <span class='ocrx_word' id='word_1_17' title='bbox 1565 948 1747 1032; x_wconf 89' lang='lat' dir='ltr'>potuerint,</span> <span class='ocrx_word' id='word_1_18' title='bbox 1775 948 1828 1013; x_wconf 87' lang='lat' dir='ltr'>vel</span> <span class='ocrx_word' id='word_1_19' title='bbox 1862 949 1967 1013; x_wconf 94' lang='lat' dir='ltr'>ullum</span> <span class='ocrx_word' id='word_1_20' title='bbox 1994 949 2046 1014; x_wconf 92' lang='lat' dir='ltr'>sui</span> <span class='ocrx_word' id='word_1_21' title='bbox 2074 950 2337 1031; x_wconf 77' lang='lat' dir='ltr'>experimentum</span> <span class='ocrx_word' id='word_1_22' title='bbox 2365 972 2427 1015; x_wconf 89' lang='grc'>88-</span> 
     </span>
     <span class='ocr_line' id='line_1_3' title="bbox 414 1034 2426 1126; baseline -0.004 -18"><span class='ocrx_word' id='word_1_23' title='bbox 414 1040 582 1126; x_wconf 87' lang='lat' dir='ltr'>plifioandi</span> <span class='ocrx_word' id='word_1_24' title='bbox 603 1059 702 1105; x_wconf 87' lang='lat' dir='ltr'>causa</span> <span class='ocrx_word' id='word_1_25' title='bbox 718 1038 900 1121; x_wconf 89' lang='lat' dir='ltr'>subiungit,</span> <span class='ocrx_word' id='word_1_26' title='bbox 924 1035 1004 1101; x_wconf 92' lang='lat' dir='ltr'>adeo</span> <span class='ocrx_word' id='word_1_27' title='bbox 1021 1037 1110 1120; x_wconf 89' lang='lat' dir='ltr'>ipsas</span> <span class='ocrx_word' id='word_1_28' title='bbox 1128 1035 1214 1118; x_wconf 93' lang='lat' dir='ltr'>quod</span> <span class='ocrx_word' id='word_1_29' title='bbox 1236 1036 1389 1100; x_wconf 88' lang='lat' dir='ltr'>ecclesiae</span> <span class='ocrx_word' id='word_1_30' title='bbox 1440 1055 1528 1117; x_wconf 92' lang='lat' dir='ltr'>pere,</span> <span class='ocrx_word' id='word_1_31' title='bbox 1551 1044 1589 1099; x_wconf 94' lang='lat' dir='ltr'>ut</span> <span class='ocrx_word' id='word_1_32' title='bbox 1610 1037 1645 1098; x_wconf 92' lang='lat' dir='ltr'>in</span> <span class='ocrx_word' id='word_1_33' title='bbox 1667 1034 1741 1099; x_wconf 91' lang='lat' dir='ltr'>illos</span> <span class='ocrx_word' id='word_1_34' title='bbox 1762 1034 1950 1099; x_wconf 87' lang='lat' dir='ltr'>maledictos</span> <span class='ocrx_word' id='word_1_35' title='bbox 1971 1034 2103 1117; x_wconf 90' lang='lat' dir='ltr'>laqueos</span> <span class='ocrx_word' id='word_1_36' title='bbox 2125 1057 2160 1099; x_wconf 90' lang='lat' dir='ltr'>se</span> <span class='ocrx_word' id='word_1_37' title='bbox 2173 1034 2329 1112; x_wconf 85' lang='lat' dir='ltr'>&#39;induant</span> <span class='ocrx_word' id='word_1_38' title='bbox 2354 1058 2426 1100; x_wconf 91' lang='lat' dir='ltr'>non</span> 
     </span>
     <span class='ocr_line' id='line_1_4' title="bbox 413 1117 2427 1212; baseline -0.003 -21"><span class='ocrx_word' id='word_1_39' title='bbox 413 1127 575 1212; x_wconf 74' lang='lat' dir='ltr'>pollicitae</span> <span class='ocrx_word' id='word_1_40' title='bbox 608 1133 686 1190; x_wconf 90' lang='lat' dir='ltr'>sunt</span> <span class='ocrx_word' id='word_1_41' title='bbox 718 1146 785 1189; x_wconf 93' lang='grc'>181</span> <span class='ocrx_word' id='word_1_42' title='bbox 813 1130 993 1207; x_wconf 84' lang='lat' dir='ltr'>praestare,</span> <span class='ocrx_word' id='word_1_43' title='bbox 1027 1131 1066 1187; x_wconf 91' lang='lat' dir='ltr'>ut</span> <span class='ocrx_word' id='word_1_44' title='bbox 1092 1124 1234 1205; x_wconf 84' lang='lat' dir='ltr'>primam</span> <span class='ocrx_word' id='word_1_45' title='bbox 1262 1141 1389 1204; x_wconf 91' lang='lat' dir='ltr'>quoque</span> <span class='ocrx_word' id='word_1_46' title='bbox 1441 1128 1570 1185; x_wconf 88' lang='lat' dir='ltr'>tantum</span> <span class='ocrx_word' id='word_1_47' title='bbox 1592 1118 1708 1185; x_wconf 85' lang='lat' dir='ltr'>fraude</span> <span class='ocrx_word' id='word_1_48' title='bbox 1732 1117 1941 1200; x_wconf 90' lang='lat' dir='ltr'>inducuntur,</span> <span class='ocrx_word' id='word_1_49' title='bbox 1965 1121 2022 1185; x_wconf 91' lang='lat' dir='ltr'>sed</span> <span class='ocrx_word' id='word_1_50' title='bbox 2043 1122 2077 1185; x_wconf 88' lang='lat' dir='ltr'>vi</span> <span class='ocrx_word' id='word_1_51' title='bbox 2099 1142 2136 1186; x_wconf 89' lang='lat' dir='ltr'>ac</span> <span class='ocrx_word' id='word_1_52' title='bbox 2158 1121 2258 1184; x_wconf 88' lang='lat' dir='ltr'>minis</span> <span class='ocrx_word' id='word_1_53' title='bbox 2277 1122 2427 1204; x_wconf 90' lang='lat' dir='ltr'>compel-</span> 
     </span>
     <span class='ocr_line' id='line_1_5' title="bbox 413 1205 2427 1294; baseline -0.003 -15"><span class='ocrx_word' id='word_1_54' title='bbox 413 1214 513 1279; x_wconf 89' lang='lat' dir='ltr'>fidem</span> <span class='ocrx_word' id='word_1_55' title='bbox 535 1213 569 1276; x_wconf 92' lang='grc'>11</span> <span class='ocrx_word' id='word_1_56' title='bbox 591 1211 753 1294; x_wconf 86' lang='lat' dir='ltr'>baptismo</span> <span class='ocrx_word' id='word_1_57' title='bbox 772 1210 884 1274; x_wconf 89' lang='lat' dir='ltr'>datam</span> <span class='ocrx_word' id='word_1_58' title='bbox 906 1209 1030 1274; x_wconf 83' lang='lat' dir='ltr'>violent</span> <span class='ocrx_word' id='word_1_59' title='bbox 1047 1230 1084 1273; x_wconf 89' lang='grc'>88</span> <span class='ocrx_word' id='word_1_60' title='bbox 1105 1208 1233 1273; x_wconf 90' lang='lat' dir='ltr'>irritam</span> <span class='ocrx_word' id='word_1_61' title='bbox 1254 1208 1389 1285; x_wconf 83' lang='lat' dir='ltr'>faciant3</span> <span class='ocrx_word' id='word_1_62' title='bbox 1441 1206 1564 1271; x_wconf 90' lang='lat' dir='ltr'>luntur.</span> <span class='ocrx_word' id='word_1_63' title='bbox 1608 1205 1651 1269; x_wconf 92' lang='lat' dir='ltr'>In</span> <span class='ocrx_word' id='word_1_64' title='bbox 1678 1205 1811 1288; x_wconf 90' lang='lat' dir='ltr'>rehquis</span> <span class='ocrx_word' id='word_1_65' title='bbox 1839 1206 1966 1272; x_wconf 90' lang='lat' dir='ltr'>duobus</span> <span class='ocrx_word' id='word_1_66' title='bbox 1987 1207 2073 1271; x_wconf 83' lang='lat' dir='ltr'>votis</span> <span class='ocrx_word' id='word_1_67' title='bbox 2099 1207 2329 1290; x_wconf 81' lang='lat' dir='ltr'>impugnandis</span> <span class='ocrx_word' id='word_1_68' title='bbox 2352 1229 2427 1272; x_wconf 92' lang='lat' dir='ltr'>non</span> 
     </span>
     <span class='ocr_line' id='line_1_6' title="bbox 376 1292 2424 1381; baseline -0.004 -16"><span class='ocrx_word' id='word_1_69' title='bbox 376 1292 388 1306; x_wconf 63' lang='grc'><strong>“</strong></span> <span class='ocrx_word' id='word_1_70' title='bbox 414 1299 450 1365; x_wconf 92' lang='lat' dir='ltr'>in</span> <span class='ocrx_word' id='word_1_71' title='bbox 482 1319 546 1381; x_wconf 89' lang='lat' dir='ltr'>qua</span> <span class='ocrx_word' id='word_1_72' title='bbox 578 1298 639 1363; x_wconf 93' lang='lat' dir='ltr'>hoc</span> <span class='ocrx_word' id='word_1_73' title='bbox 671 1295 961 1379; x_wconf 84' lang='lat' dir='ltr'>comprehenditur</span> <span class='ocrx_word' id='word_1_74' title='bbox 993 1303 1031 1358; x_wconf 92' lang='lat' dir='ltr'>ut</span> <span class='ocrx_word' id='word_1_75' title='bbox 1063 1294 1224 1360; x_wconf 88' lang='lat' dir='ltr'>vocationi</span> <span class='ocrx_word' id='word_1_76' title='bbox 1253 1294 1389 1375; x_wconf 91' lang='lat' dir='ltr'>quisque</span> <span class='ocrx_word' id='word_1_77' title='bbox 1441 1293 1599 1358; x_wconf 89' lang='lat' dir='ltr'>insistam.</span> <span class='ocrx_word' id='word_1_78' title='bbox 1633 1292 1706 1356; x_wconf 91' lang='lat' dir='ltr'>Hoc</span> <span class='ocrx_word' id='word_1_79' title='bbox 1727 1299 1856 1356; x_wconf 91' lang='lat' dir='ltr'>tantum</span> <span class='ocrx_word' id='word_1_80' title='bbox 1880 1292 1966 1358; x_wconf 89' lang='lat' dir='ltr'>dico:</span> <span class='ocrx_word' id='word_1_81' title='bbox 1990 1293 2328 1376; x_wconf 91' lang='lat' dir='ltr'>praeterquamquod</span> <span class='ocrx_word' id='word_1_82' title='bbox 2351 1316 2424 1357; x_wconf 90' lang='lat' dir='ltr'>non</span> 
     </span>
     <span class='ocr_line' id='line_1_7' title="bbox 414 1377 2425 1466; baseline -0.003 -15"><span class='ocrx_word' id='word_1_83' title='bbox 414 1406 493 1451; x_wconf 88' lang='lat' dir='ltr'>suae</span> <span class='ocrx_word' id='word_1_84' title='bbox 518 1381 724 1466; x_wconf 89' lang='lat' dir='ltr'>respondeat.</span> <span class='ocrx_word' id='word_1_85' title='bbox 768 1382 841 1445; x_wconf 89' lang='lat' dir='ltr'>Nisi</span> <span class='ocrx_word' id='word_1_86' title='bbox 867 1382 949 1445; x_wconf 87' lang='lat' dir='ltr'>forte</span> <span class='ocrx_word' id='word_1_87' title='bbox 975 1380 1038 1445; x_wconf 92' lang='lat' dir='ltr'>hoc</span> <span class='ocrx_word' id='word_1_88' title='bbox 1065 1381 1170 1444; x_wconf 87' lang='lat' dir='ltr'>mavis</span> <span class='ocrx_word' id='word_1_89' title='bbox 1197 1379 1389 1462; x_wconf 85' lang='lat' dir='ltr'>intelligere,</span> <span class='ocrx_word' id='word_1_90' title='bbox 1442 1379 1556 1461; x_wconf 88' lang='lat' dir='ltr'>paucis</span> <span class='ocrx_word' id='word_1_91' title='bbox 1580 1377 1867 1460; x_wconf 82' lang='lat' dir='ltr'>superstitionibus</span> <span class='ocrx_word' id='word_1_92' title='bbox 1889 1386 1968 1442; x_wconf 87' lang='lat' dir='ltr'>sunt</span> <span class='ocrx_word' id='word_1_93' title='bbox 1990 1378 2162 1461; x_wconf 73' lang='grc'><strong>1111118111,</strong></span> <span class='ocrx_word' id='word_1_94' title='bbox 2186 1386 2225 1442; x_wconf 90' lang='grc'>11</span> <span class='ocrx_word' id='word_1_95' title='bbox 2246 1378 2343 1443; x_wconf 91' lang='lat' dir='ltr'>hodie</span> <span class='ocrx_word' id='word_1_96' title='bbox 2366 1402 2425 1445; x_wconf 84' lang='lat' dir='ltr'>res</span> 
     </span>
    </p>
   </div>
   <div class='ocr_carea' id='block_1_3' title="bbox 307 1462 2552 1555">
    <p class='ocr_par' dir='ltr' id='par_1_3' title="bbox 307 1462 2552 1555">
     <span class='ocr_line' id='line_1_8' title="bbox 307 1462 2552 1555; baseline -0.003 -20"><span class='ocrx_word' id='word_1_97' title='bbox 307 1534 309 1539; x_wconf 85' lang='grc'><strong>,</strong></span> <span class='ocrx_word' id='word_1_98' title='bbox 414 1470 510 1555; x_wconf 93' lang='lat' dir='ltr'>quod,</span> <span class='ocrx_word' id='word_1_99' title='bbox 530 1469 631 1533; x_wconf 86' lang='lat' dir='ltr'>veluti</span> <span class='ocrx_word' id='word_1_100' title='bbox 650 1468 769 1532; x_wconf 90' lang='lat' dir='ltr'>amisso</span> <span class='ocrx_word' id='word_1_101' title='bbox 782 1466 915 1549; x_wconf 88' lang='lat' dir='ltr'>pudore,</span> <span class='ocrx_word' id='word_1_102' title='bbox 934 1485 1065 1530; x_wconf 90' lang='lat' dir='ltr'>omnem</span> <span class='ocrx_word' id='word_1_103' title='bbox 1077 1465 1193 1529; x_wconf 91' lang='lat' dir='ltr'>deinde</span> <span class='ocrx_word' id='word_1_104' title='bbox 1210 1464 1390 1529; x_wconf 88' lang='lat' dir='ltr'>honestatis</span> <span class='ocrx_word' id='word_1_105' title='bbox 1444 1462 1581 1542; x_wconf 72' lang='lat' dir='ltr'>habent,</span> <span class='ocrx_word' id='word_1_106' title='bbox 1610 1465 1646 1527; x_wconf 94' lang='lat' dir='ltr'>in</span> <span class='ocrx_word' id='word_1_107' title='bbox 1668 1464 1729 1527; x_wconf 92' lang='lat' dir='ltr'>hoc</span> <span class='ocrx_word' id='word_1_108' title='bbox 1750 1465 1930 1545; x_wconf 90' lang='lat' dir='ltr'>composita</span> <span class='ocrx_word' id='word_1_109' title='bbox 1951 1464 2214 1542; x_wconf 85' lang='lat' dir='ltr'>essevidentur,</span> <span class='ocrx_word' id='word_1_110' title='bbox 2244 1466 2359 1546; x_wconf 92' lang='lat' dir='ltr'>utqui</span> <span class='ocrx_word' id='word_1_111' title='bbox 2382 1487 2427 1530; x_wconf 91' lang='lat' dir='ltr'>ea</span> <span class='ocrx_word' id='word_1_112' title='bbox 2546 1520 2552 1535; x_wconf 85' lang='lat'>.</span> 
     </span>
    </p>
   </div>
   <div class='ocr_carea' id='block_1_4' title="bbox 379 1547 2426 5756">
    <p class='ocr_par' dir='ltr' id='par_1_4' title="bbox 379 1547 2426 5756">
     <span class='ocr_line' id='line_1_9' title="bbox 415 1547 2426 1634; baseline -0.003 -13"><span class='ocrx_word' id='word_1_113' title='bbox 415 1578 528 1622; x_wconf 89' lang='lat' dir='ltr'>curam</span> <span class='ocrx_word' id='word_1_114' title='bbox 556 1553 746 1632; x_wconf 88' lang='lat' dir='ltr'>abiicerent,</span> <span class='ocrx_word' id='word_1_115' title='bbox 775 1551 816 1617; x_wconf 89' lang='lat' dir='ltr'>ad</span> <span class='ocrx_word' id='word_1_116' title='bbox 843 1573 975 1616; x_wconf 91' lang='lat' dir='ltr'>omnem</span> <span class='ocrx_word' id='word_1_117' title='bbox 997 1552 1164 1616; x_wconf 88' lang='lat' dir='ltr'>lasciviam</span> <span class='ocrx_word' id='word_1_118' title='bbox 1186 1562 1219 1615; x_wconf 91' lang='lat' dir='ltr'>et</span> <span class='ocrx_word' id='word_1_119' title='bbox 1239 1550 1390 1634; x_wconf 89' lang='lat' dir='ltr'>petulan-</span> <span class='ocrx_word' id='word_1_120' title='bbox 1443 1558 1643 1632; x_wconf 90' lang='lat' dir='ltr'>nuncupant,</span> <span class='ocrx_word' id='word_1_121' title='bbox 1667 1547 1738 1613; x_wconf 90' lang='lat' dir='ltr'>Deo</span> <span class='ocrx_word' id='word_1_122' title='bbox 1759 1549 1900 1614; x_wconf 89' lang='lat' dir='ltr'>illudant</span> <span class='ocrx_word' id='word_1_123' title='bbox 1921 1560 1955 1614; x_wconf 92' lang='lat' dir='ltr'>et</span> <span class='ocrx_word' id='word_1_124' title='bbox 1977 1551 2173 1615; x_wconf 90' lang='lat' dir='ltr'>hominibus.</span> <span class='ocrx_word' id='word_1_125' title='bbox 2215 1548 2426 1616; x_wconf 69' lang='grc'><strong>88111811-</strong></span> 
     </span>
     <span class='ocr_line' id='line_1_10' title="bbox 415 1635 2425 1722; baseline -0.003 -15"><span class='ocrx_word' id='word_1_126' title='bbox 415 1643 497 1707; x_wconf 88' lang='lat' dir='ltr'>tiam</span> <span class='ocrx_word' id='word_1_127' title='bbox 532 1663 566 1705; x_wconf 91' lang='lat' dir='ltr'>sc</span> <span class='ocrx_word' id='word_1_128' title='bbox 594 1641 842 1722; x_wconf 86' lang='lat' dir='ltr'>prostituerent,</span> <span class='ocrx_word' id='word_1_129' title='bbox 875 1638 1046 1703; x_wconf 88' lang='grc'><strong>1188111888</strong></span> <span class='ocrx_word' id='word_1_130' title='bbox 1075 1636 1294 1719; x_wconf 88' lang='lat' dir='ltr'>dissolutaque</span> <span class='ocrx_word' id='word_1_131' title='bbox 1321 1638 1391 1700; x_wconf 83' lang='lat' dir='ltr'>vita</span> <span class='ocrx_word' id='word_1_132' title='bbox 1443 1635 1579 1700; x_wconf 90' lang='lat' dir='ltr'>deamur</span> <span class='ocrx_word' id='word_1_133' title='bbox 1601 1635 1747 1717; x_wconf 87' lang='lat' dir='ltr'>singulas</span> <span class='ocrx_word' id='word_1_134' title='bbox 1765 1637 1942 1717; x_wconf 88' lang='lat' dir='ltr'>particulas</span> <span class='ocrx_word' id='word_1_135' title='bbox 1962 1637 2061 1700; x_wconf 87' lang='lat' dir='ltr'>nimis</span> <span class='ocrx_word' id='word_1_136' title='bbox 2079 1636 2223 1719; x_wconf 89' lang='lat' dir='ltr'>maligne</span> <span class='ocrx_word' id='word_1_137' title='bbox 2241 1638 2425 1720; x_wconf 86' lang='lat' dir='ltr'>exagitare,</span> 
     </span>
     <span class='ocr_line' id='line_1_11' title="bbox 414 1721 2426 1807; baseline -0.002 -15"><span class='ocrx_word' id='word_1_138' title='bbox 414 1728 498 1793; x_wconf 88' lang='lat' dir='ltr'>nihil</span> <span class='ocrx_word' id='word_1_139' title='bbox 520 1728 629 1790; x_wconf 90' lang='lat' dir='ltr'>minus</span> <span class='ocrx_word' id='word_1_140' title='bbox 651 1745 749 1807; x_wconf 88' lang='lat' dir='ltr'>quam</span> <span class='ocrx_word' id='word_1_141' title='bbox 771 1724 967 1789; x_wconf 89' lang='lat' dir='ltr'>christianas</span> <span class='ocrx_word' id='word_1_142' title='bbox 992 1722 1147 1787; x_wconf 90' lang='lat' dir='ltr'>muheres</span> <span class='ocrx_word' id='word_1_143' title='bbox 1168 1743 1247 1805; x_wconf 89' lang='lat' dir='ltr'>prae</span> <span class='ocrx_word' id='word_1_144' title='bbox 1270 1745 1304 1788; x_wconf 89' lang='lat' dir='ltr'>se</span> <span class='ocrx_word' id='word_1_145' title='bbox 1326 1723 1391 1787; x_wconf 86' lang='lat' dir='ltr'>fer·</span> <span class='ocrx_word' id='word_1_146' title='bbox 1442 1722 1500 1786; x_wconf 90' lang='lat' dir='ltr'>illa</span> <span class='ocrx_word' id='word_1_147' title='bbox 1520 1721 1679 1804; x_wconf 89' lang='lat' dir='ltr'>generali,</span> <span class='ocrx_word' id='word_1_148' title='bbox 1703 1743 1785 1803; x_wconf 90' lang='lat' dir='ltr'>quae</span> <span class='ocrx_word' id='word_1_149' title='bbox 1808 1722 1959 1804; x_wconf 87' lang='lat' dir='ltr'>superius</span> <span class='ocrx_word' id='word_1_150' title='bbox 1985 1724 2091 1804; x_wconf 87' lang='lat' dir='ltr'>posita</span> <span class='ocrx_word' id='word_1_151' title='bbox 2112 1730 2176 1801; x_wconf 81' lang='lat' dir='ltr'>est,</span> <span class='ocrx_word' id='word_1_152' title='bbox 2199 1723 2426 1788; x_wconf 76' lang='lat' dir='ltr'>confutatione</span> 
     </span>
     <span class='ocr_line' id='line_1_12' title="bbox 414 1808 1741 1895; baseline -0.006 -17"><span class='ocrx_word' id='word_1_153' title='bbox 414 1821 502 1880; x_wconf 90' lang='lat' dir='ltr'>rent:</span> <span class='ocrx_word' id='word_1_154' title='bbox 520 1813 577 1895; x_wconf 92' lang='lat' dir='ltr'>qui</span> <span class='ocrx_word' id='word_1_155' title='bbox 594 1832 710 1876; x_wconf 92' lang='lat' dir='ltr'>sensus</span> <span class='ocrx_word' id='word_1_156' title='bbox 727 1809 809 1893; x_wconf 88' lang='lat' dir='ltr'>mihi</span> <span class='ocrx_word' id='word_1_157' title='bbox 827 1809 1000 1894; x_wconf 74' lang='lat' dir='ltr'>perplacet</span> <span class='ocrx_word' id='word_1_158' title='bbox 1037 1808 1287 1891; x_wconf 83' lang='lat' dir='ltr'>Respondemus</span> <span class='ocrx_word' id='word_1_159' title='bbox 1304 1830 1390 1892; x_wconf 89' lang='lat' dir='ltr'>ergo,</span> <span class='ocrx_word' id='word_1_160' title='bbox 1443 1808 1589 1872; x_wconf 88' lang='lat' dir='ltr'>contenti</span> <span class='ocrx_word' id='word_1_161' title='bbox 1611 1809 1741 1871; x_wconf 86' lang='lat' dir='ltr'>erimus.</span> 
     </span>
     <span class='ocr_line' id='line_1_13' title="bbox 415 1892 2425 1982; baseline -0.002 -18"><span class='ocrx_word' id='word_1_162' title='bbox 415 1921 499 1982; x_wconf 90' lang='lat' dir='ltr'>quae</span> <span class='ocrx_word' id='word_1_163' title='bbox 532 1908 610 1961; x_wconf 91' lang='lat' dir='ltr'>tuno</span> <span class='ocrx_word' id='word_1_164' title='bbox 638 1896 680 1960; x_wconf 90' lang='lat' dir='ltr'>ad</span> <span class='ocrx_word' id='word_1_165' title='bbox 707 1896 874 1978; x_wconf 87' lang='lat' dir='ltr'>publicum</span> <span class='ocrx_word' id='word_1_166' title='bbox 901 1896 1120 1959; x_wconf 88' lang='lat' dir='ltr'>ministerium</span> <span class='ocrx_word' id='word_1_167' title='bbox 1154 1895 1392 1976; x_wconf 84' lang='lat' dir='ltr'>recipiebantur</span> <span class='ocrx_word' id='word_1_168' title='bbox 1530 1897 1580 1957; x_wconf 83' lang='lat'>20.</span> <span class='ocrx_word' id='word_1_169' title='bbox 1632 1892 1826 1958; x_wconf 81' lang='lat' dir='ltr'>Cuiusmodi</span> <span class='ocrx_word' id='word_1_170' title='bbox 1851 1892 1997 1975; x_wconf 88' lang='lat' dir='ltr'>legitima</span> <span class='ocrx_word' id='word_1_171' title='bbox 2024 1895 2092 1957; x_wconf 88' lang='lat' dir='ltr'>sint</span> <span class='ocrx_word' id='word_1_172' title='bbox 2123 1903 2157 1957; x_wconf 90' lang='lat' dir='ltr'>et</span> <span class='ocrx_word' id='word_1_173' title='bbox 2188 1901 2320 1975; x_wconf 87' lang='lat' dir='ltr'>accepta</span> <span class='ocrx_word' id='word_1_174' title='bbox 2347 1895 2425 1959; x_wconf 93' lang='lat' dir='ltr'>Deo</span> 
     </span>
     <span class='ocr_line' id='line_1_14' title="bbox 414 1978 2426 2063; baseline -0.003 -12"><span class='ocrx_word' id='word_1_175' title='bbox 414 1983 542 2062; x_wconf 81' lang='lat' dir='ltr'>viduae,</span> <span class='ocrx_word' id='word_1_176' title='bbox 565 2004 620 2047; x_wconf 91' lang='lat' dir='ltr'>eas</span> <span class='ocrx_word' id='word_1_177' title='bbox 642 1981 704 2047; x_wconf 92' lang='lat' dir='ltr'>sibi</span> <span class='ocrx_word' id='word_1_178' title='bbox 725 1982 875 2063; x_wconf 90' lang='lat' dir='ltr'>perpetui</span> <span class='ocrx_word' id='word_1_179' title='bbox 891 1981 1069 2046; x_wconf 88' lang='lat' dir='ltr'>caelibatus</span> <span class='ocrx_word' id='word_1_180' title='bbox 1090 1979 1310 2045; x_wconf 89' lang='lat' dir='ltr'>conditionem</span> <span class='ocrx_word' id='word_1_181' title='bbox 1330 1982 1391 2043; x_wconf 91' lang='lat' dir='ltr'>im-</span> <span class='ocrx_word' id='word_1_182' title='bbox 1443 1989 1535 2057; x_wconf 91' lang='lat' dir='ltr'>vota,</span> <span class='ocrx_word' id='word_1_183' title='bbox 1570 1979 1649 2043; x_wconf 87' lang='lat' dir='ltr'>satis</span> <span class='ocrx_word' id='word_1_184' title='bbox 1683 1979 1866 2060; x_wconf 87' lang='lat' dir='ltr'>expositum</span> <span class='ocrx_word' id='word_1_185' title='bbox 1894 2000 1965 2043; x_wconf 91' lang='lat' dir='ltr'>esse</span> <span class='ocrx_word' id='word_1_186' title='bbox 1993 1980 2143 2043; x_wconf 86' lang='lat' dir='ltr'>arbitror.</span> <span class='ocrx_word' id='word_1_187' title='bbox 2194 1978 2282 2059; x_wconf 77' lang='lat' dir='ltr'>Quia</span> <span class='ocrx_word' id='word_1_188' title='bbox 2307 1989 2426 2044; x_wconf 92' lang='lat' dir='ltr'>tamen</span> 
     </span>
     <span class='ocr_line' id='line_1_15' title="bbox 415 2063 2426 2154; baseline -0.001 -20"><span class='ocrx_word' id='word_1_189' title='bbox 415 2071 575 2154; x_wconf 80' lang='lat' dir='ltr'>posuisse3</span> <span class='ocrx_word' id='word_1_190' title='bbox 599 2068 626 2132; x_wconf 93' lang='lat' dir='ltr'>si</span> <span class='ocrx_word' id='word_1_191' title='bbox 650 2076 762 2150; x_wconf 88' lang='lat' dir='ltr'>postea</span> <span class='ocrx_word' id='word_1_192' title='bbox 783 2068 958 2145; x_wconf 86' lang='lat' dir='ltr'>nuberent,</span> <span class='ocrx_word' id='word_1_193' title='bbox 982 2066 1075 2131; x_wconf 91' lang='grc'><strong>188118</strong></span> <span class='ocrx_word' id='word_1_194' title='bbox 1098 2065 1314 2149; x_wconf 85' lang='lat' dir='ltr'>intelligimus</span> <span class='ocrx_word' id='word_1_195' title='bbox 1337 2087 1390 2130; x_wconf 90' lang='lat' dir='ltr'>ac·</span> <span class='ocrx_word' id='word_1_196' title='bbox 1415 2098 1418 2128; x_wconf 75' lang='lat' dir='ltr'>l</span> <span class='ocrx_word' id='word_1_197' title='bbox 1442 2064 1610 2129; x_wconf 91' lang='lat' dir='ltr'>interdum</span> <span class='ocrx_word' id='word_1_198' title='bbox 1638 2064 1736 2129; x_wconf 86' lang='lat' dir='ltr'>rudes</span> <span class='ocrx_word' id='word_1_199' title='bbox 1764 2086 1801 2129; x_wconf 91' lang='lat' dir='ltr'>ac</span> <span class='ocrx_word' id='word_1_200' title='bbox 1824 2063 1957 2128; x_wconf 88' lang='lat' dir='ltr'>timidae</span> <span class='ocrx_word' id='word_1_201' title='bbox 1979 2065 2208 2142; x_wconf 89' lang='lat' dir='ltr'>conscientiae,</span> <span class='ocrx_word' id='word_1_202' title='bbox 2237 2066 2339 2130; x_wconf 89' lang='lat' dir='ltr'>etiam</span> <span class='ocrx_word' id='word_1_203' title='bbox 2362 2068 2426 2132; x_wconf 91' lang='lat' dir='ltr'>ubi</span> 
     </span>
     <span class='ocr_line' id='line_1_16' title="bbox 415 2149 2423 2237; baseline -0.003 -16"><span class='ocrx_word' id='word_1_204' title='bbox 415 2155 532 2221; x_wconf 90' lang='lat' dir='ltr'>cidisse</span> <span class='ocrx_word' id='word_1_205' title='bbox 550 2152 636 2237; x_wconf 91' lang='lat' dir='ltr'>quod</span> <span class='ocrx_word' id='word_1_206' title='bbox 659 2152 739 2218; x_wconf 90' lang='lat' dir='ltr'>dicit</span> <span class='ocrx_word' id='word_1_207' title='bbox 757 2153 893 2231; x_wconf 90' lang='lat' dir='ltr'>Paulus,</span> <span class='ocrx_word' id='word_1_208' title='bbox 915 2163 961 2230; x_wconf 92' lang='lat' dir='ltr'>ut,</span> <span class='ocrx_word' id='word_1_209' title='bbox 985 2153 1126 2234; x_wconf 92' lang='lat' dir='ltr'>proiecto</span> <span class='ocrx_word' id='word_1_210' title='bbox 1148 2151 1280 2235; x_wconf 91' lang='lat' dir='ltr'>pudore,</span> <span class='ocrx_word' id='word_1_211' title='bbox 1303 2152 1389 2216; x_wconf 90' lang='lat' dir='ltr'>inso-</span> <span class='ocrx_word' id='word_1_212' title='bbox 1443 2158 1558 2216; x_wconf 87' lang='lat' dir='ltr'>votum</span> <span class='ocrx_word' id='word_1_213' title='bbox 1585 2150 1715 2232; x_wconf 83' lang='lat' dir='ltr'>aliquod</span> <span class='ocrx_word' id='word_1_214' title='bbox 1742 2149 1891 2232; x_wconf 91' lang='lat' dir='ltr'>displicet</span> <span class='ocrx_word' id='word_1_215' title='bbox 1919 2172 1956 2214; x_wconf 88' lang='lat' dir='ltr'>ae</span> <span class='ocrx_word' id='word_1_216' title='bbox 1976 2149 2195 2234; x_wconf 86' lang='lat' dir='ltr'>improbatur,</span> <span class='ocrx_word' id='word_1_217' title='bbox 2226 2151 2266 2215; x_wconf 91' lang='lat' dir='ltr'>de</span> <span class='ocrx_word' id='word_1_218' title='bbox 2293 2151 2423 2235; x_wconf 89' lang='lat' dir='ltr'>obliga-</span> 
     </span>
     <span class='ocr_line' id='line_1_17' title="bbox 414 2235 2422 2321; baseline -0.002 -15"><span class='ocrx_word' id='word_1_219' title='bbox 414 2241 569 2307; x_wconf 89' lang='lat' dir='ltr'>lentiores</span> <span class='ocrx_word' id='word_1_220' title='bbox 589 2242 707 2304; x_wconf 90' lang='lat' dir='ltr'>fierent</span> <span class='ocrx_word' id='word_1_221' title='bbox 727 2260 826 2321; x_wconf 87' lang='lat' dir='ltr'>quam</span> <span class='ocrx_word' id='word_1_222' title='bbox 855 2238 984 2304; x_wconf 89' lang='lat' dir='ltr'>deceret</span> <span class='ocrx_word' id='word_1_223' title='bbox 1011 2238 1163 2302; x_wconf 90' lang='lat' dir='ltr'>mulieres</span> <span class='ocrx_word' id='word_1_224' title='bbox 1184 2238 1388 2302; x_wconf 87' lang='lat' dir='ltr'>christianas.</span> <span class='ocrx_word' id='word_1_225' title='bbox 1442 2237 1531 2300; x_wconf 90' lang='lat' dir='ltr'>tione</span> <span class='ocrx_word' id='word_1_226' title='bbox 1559 2236 1773 2300; x_wconf 88' lang='lat' dir='ltr'>nihilominus</span> <span class='ocrx_word' id='word_1_227' title='bbox 1803 2235 1968 2314; x_wconf 89' lang='lat' dir='ltr'>dubitant,</span> <span class='ocrx_word' id='word_1_228' title='bbox 1997 2251 2030 2300; x_wconf 89' lang='lat' dir='ltr'>et</span> <span class='ocrx_word' id='word_1_229' title='bbox 2058 2239 2204 2319; x_wconf 86' lang='lat' dir='ltr'>graviter</span> <span class='ocrx_word' id='word_1_230' title='bbox 2226 2239 2422 2303; x_wconf 90' lang='lat' dir='ltr'>excrucian-</span> 
     </span>
     <span class='ocr_line' id='line_1_18' title="bbox 414 2321 2424 2407; baseline -0.002 -15"><span class='ocrx_word' id='word_1_231' title='bbox 414 2327 468 2392; x_wconf 90' lang='lat' dir='ltr'>Ita</span> <span class='ocrx_word' id='word_1_232' title='bbox 495 2347 562 2391; x_wconf 92' lang='lat' dir='ltr'>non</span> <span class='ocrx_word' id='word_1_233' title='bbox 584 2325 689 2390; x_wconf 91' lang='lat' dir='ltr'>solum</span> <span class='ocrx_word' id='word_1_234' title='bbox 710 2346 876 2407; x_wconf 83' lang='lat' dir='ltr'>peccasse,</span> <span class='ocrx_word' id='word_1_235' title='bbox 901 2324 999 2388; x_wconf 87' lang='lat' dir='ltr'>fidem</span> <span class='ocrx_word' id='word_1_236' title='bbox 1021 2324 1174 2389; x_wconf 88' lang='lat' dir='ltr'>ecclesiae</span> <span class='ocrx_word' id='word_1_237' title='bbox 1197 2323 1390 2387; x_wconf 77' lang='grc'><strong>(181811181-</strong></span> <span class='ocrx_word' id='word_1_238' title='bbox 1442 2331 1512 2400; x_wconf 89' lang='lat' dir='ltr'>tur,</span> <span class='ocrx_word' id='word_1_239' title='bbox 1541 2344 1642 2404; x_wconf 92' lang='lat' dir='ltr'>quum</span> <span class='ocrx_word' id='word_1_240' title='bbox 1664 2330 1697 2386; x_wconf 90' lang='lat' dir='ltr'>et</span> <span class='ocrx_word' id='word_1_241' title='bbox 1719 2321 1840 2387; x_wconf 87' lang='lat' dir='ltr'>violare</span> <span class='ocrx_word' id='word_1_242' title='bbox 1861 2321 1972 2387; x_wconf 88' lang='lat' dir='ltr'>datam</span> <span class='ocrx_word' id='word_1_243' title='bbox 1994 2323 2066 2386; x_wconf 93' lang='lat' dir='ltr'>Deo</span> <span class='ocrx_word' id='word_1_244' title='bbox 2093 2321 2191 2387; x_wconf 92' lang='lat' dir='ltr'>fidem</span> <span class='ocrx_word' id='word_1_245' title='bbox 2214 2323 2365 2401; x_wconf 91' lang='lat' dir='ltr'>horrent,</span> <span class='ocrx_word' id='word_1_246' title='bbox 2388 2331 2424 2389; x_wconf 91' lang='lat' dir='ltr'>et</span> 
     </span>
     <span class='ocr_line' id='line_1_19' title="bbox 413 2407 2422 2492; baseline -0.002 -14"><span class='ocrx_word' id='word_1_247' title='bbox 413 2412 528 2491; x_wconf 88' lang='lat' dir='ltr'>lende,</span> <span class='ocrx_word' id='word_1_248' title='bbox 557 2409 614 2476; x_wconf 91' lang='lat' dir='ltr'>sed</span> <span class='ocrx_word' id='word_1_249' title='bbox 642 2409 850 2474; x_wconf 87' lang='lat' dir='ltr'>acommuni</span> <span class='ocrx_word' id='word_1_250' title='bbox 878 2410 1007 2492; x_wconf 88' lang='lat' dir='ltr'>piarum</span> <span class='ocrx_word' id='word_1_251' title='bbox 1029 2410 1205 2474; x_wconf 88' lang='lat' dir='ltr'>mulierum</span> <span class='ocrx_word' id='word_1_252' title='bbox 1235 2409 1308 2492; x_wconf 90' lang='lat' dir='ltr'>lego</span> <span class='ocrx_word' id='word_1_253' title='bbox 1335 2407 1390 2472; x_wconf 92' lang='lat' dir='ltr'>de·</span> <span class='ocrx_word' id='word_1_254' title='bbox 1443 2416 1602 2474; x_wconf 90' lang='lat' dir='ltr'>verentur</span> <span class='ocrx_word' id='word_1_255' title='bbox 1633 2430 1650 2471; x_wconf 92' lang='grc'>8</span> <span class='ocrx_word' id='word_1_256' title='bbox 1683 2429 1840 2477; x_wconf 80' lang='lat' dir='ltr'>converso</span> <span class='ocrx_word' id='word_1_257' title='bbox 1869 2429 1910 2471; x_wconf 90' lang='lat' dir='ltr'>ne</span> <span class='ocrx_word' id='word_1_258' title='bbox 1939 2408 2099 2473; x_wconf 79' lang='lat' dir='ltr'>servando</span> <span class='ocrx_word' id='word_1_259' title='bbox 2133 2408 2239 2492; x_wconf 88' lang='lat' dir='ltr'>magis</span> <span class='ocrx_word' id='word_1_260' title='bbox 2271 2419 2422 2492; x_wconf 88' lang='lat' dir='ltr'>peccent,</span> 
     </span>
     <span class='ocr_line' id='line_1_20' title="bbox 414 2492 2423 2578; baseline -0.001 -14"><span class='ocrx_word' id='word_1_261' title='bbox 414 2499 557 2564; x_wconf 87' lang='lat' dir='ltr'>scivisse.</span> <span class='ocrx_word' id='word_1_262' title='bbox 603 2494 671 2560; x_wconf 79' lang='lat' dir='ltr'>Sed</span> <span class='ocrx_word' id='word_1_263' title='bbox 693 2497 838 2577; x_wconf 89' lang='lat' dir='ltr'>primum</span> <span class='ocrx_word' id='word_1_264' title='bbox 859 2516 958 2578; x_wconf 88' lang='lat' dir='ltr'>nego,</span> <span class='ocrx_word' id='word_1_265' title='bbox 987 2495 1051 2560; x_wconf 86' lang='lat' dir='ltr'>aha</span> <span class='ocrx_word' id='word_1_266' title='bbox 1076 2495 1202 2559; x_wconf 90' lang='lat' dir='ltr'>ratione</span> <span class='ocrx_word' id='word_1_267' title='bbox 1230 2495 1391 2577; x_wconf 87' lang='lat' dir='ltr'>professas</span> <span class='ocrx_word' id='word_1_268' title='bbox 1444 2495 1497 2558; x_wconf 91' lang='lat' dir='ltr'>hio</span> <span class='ocrx_word' id='word_1_269' title='bbox 1525 2492 1782 2560; x_wconf 90' lang='lat' dir='ltr'>succurrendum</span> <span class='ocrx_word' id='word_1_270' title='bbox 1808 2494 1873 2558; x_wconf 91' lang='lat' dir='ltr'>illis</span> <span class='ocrx_word' id='word_1_271' title='bbox 1906 2503 1970 2573; x_wconf 88' lang='lat' dir='ltr'>est,</span> <span class='ocrx_word' id='word_1_272' title='bbox 1997 2515 2059 2576; x_wconf 89' lang='lat' dir='ltr'>quo</span> <span class='ocrx_word' id='word_1_273' title='bbox 2082 2516 2116 2558; x_wconf 89' lang='lat' dir='ltr'>se</span> <span class='ocrx_word' id='word_1_274' title='bbox 2146 2497 2272 2577; x_wconf 89' lang='lat' dir='ltr'>possint</span> <span class='ocrx_word' id='word_1_275' title='bbox 2294 2494 2334 2559; x_wconf 90' lang='lat' dir='ltr'>ab</span> <span class='ocrx_word' id='word_1_276' title='bbox 2358 2495 2423 2561; x_wconf 88' lang='lat' dir='ltr'>hac</span> 
     </span>
     <span class='ocr_line' id='line_1_21' title="bbox 415 2576 2422 2664; baseline -0.002 -14"><span class='ocrx_word' id='word_1_277' title='bbox 415 2604 487 2649; x_wconf 91' lang='lat' dir='ltr'>osse</span> <span class='ocrx_word' id='word_1_278' title='bbox 509 2581 712 2657; x_wconf 88' lang='lat' dir='ltr'>caelibatum,</span> <span class='ocrx_word' id='word_1_279' title='bbox 735 2581 800 2645; x_wconf 90' lang='grc'><strong>1181</strong></span> <span class='ocrx_word' id='word_1_280' title='bbox 827 2582 904 2663; x_wconf 91' lang='lat' dir='ltr'>quia</span> <span class='ocrx_word' id='word_1_281' title='bbox 925 2576 1113 2664; x_wconf 87' lang='lat' dir='ltr'>conlugium</span> <span class='ocrx_word' id='word_1_282' title='bbox 1134 2602 1208 2646; x_wconf 91' lang='lat' dir='ltr'>oum</span> <span class='ocrx_word' id='word_1_283' title='bbox 1230 2595 1271 2645; x_wconf 89' lang='lat' dir='ltr'>&#39;ea</span> <span class='ocrx_word' id='word_1_284' title='bbox 1292 2602 1392 2663; x_wconf 90' lang='lat' dir='ltr'>quam</span> <span class='ocrx_word' id='word_1_285' title='bbox 1444 2580 1635 2645; x_wconf 86' lang='lat' dir='ltr'>difficultate</span> <span class='ocrx_word' id='word_1_286' title='bbox 1657 2580 1790 2661; x_wconf 91' lang='lat' dir='ltr'>eripere.</span> <span class='ocrx_word' id='word_1_287' title='bbox 1835 2579 1882 2644; x_wconf 93' lang='lat' dir='ltr'>Ut</span> <span class='ocrx_word' id='word_1_288' title='bbox 1910 2588 2021 2644; x_wconf 90' lang='lat' dir='ltr'>autem</span> <span class='ocrx_word' id='word_1_289' title='bbox 2049 2581 2149 2644; x_wconf 90' lang='lat' dir='ltr'>semel</span> <span class='ocrx_word' id='word_1_290' title='bbox 2174 2602 2305 2645; x_wconf 90' lang='lat' dir='ltr'>omnem</span> <span class='ocrx_word' id='word_1_291' title='bbox 2327 2604 2422 2647; x_wconf 85' lang='lat' dir='ltr'>seru·</span> 
     </span>
     <span class='ocr_line' id='line_1_22' title="bbox 416 2664 2423 2749; baseline -0.001 -14"><span class='ocrx_word' id='word_1_292' title='bbox 416 2669 569 2735; x_wconf 88' lang='lat' dir='ltr'>subibunt</span> <span class='ocrx_word' id='word_1_293' title='bbox 590 2666 754 2731; x_wconf 86' lang='lat' dir='ltr'>functione</span> <span class='ocrx_word' id='word_1_294' title='bbox 775 2667 910 2730; x_wconf 89' lang='lat' dir='ltr'>minime</span> <span class='ocrx_word' id='word_1_295' title='bbox 923 2667 1127 2745; x_wconf 81' lang='lat' dir='ltr'>conveniret3</span> <span class='ocrx_word' id='word_1_296' title='bbox 1152 2688 1190 2731; x_wconf 91' lang='grc'>88</span> <span class='ocrx_word' id='word_1_297' title='bbox 1203 2668 1338 2731; x_wconf 91' lang='lat' dir='ltr'>omnino</span> <span class='ocrx_word' id='word_1_298' title='bbox 1356 2690 1391 2732; x_wconf 89' lang='lat' dir='ltr'>se</span> <span class='ocrx_word' id='word_1_299' title='bbox 1444 2666 1559 2748; x_wconf 91' lang='lat' dir='ltr'>pulum</span> <span class='ocrx_word' id='word_1_300' title='bbox 1588 2665 1717 2742; x_wconf 88' lang='lat' dir='ltr'>tollam,</span> <span class='ocrx_word' id='word_1_301' title='bbox 1754 2664 1825 2731; x_wconf 85' lang='lat' dir='ltr'>dico</span> <span class='ocrx_word' id='word_1_302' title='bbox 1853 2666 1964 2729; x_wconf 89' lang='lat' dir='ltr'>omnia</span> <span class='ocrx_word' id='word_1_303' title='bbox 1993 2687 2059 2730; x_wconf 93' lang='lat' dir='ltr'>non</span> <span class='ocrx_word' id='word_1_304' title='bbox 2092 2667 2240 2749; x_wconf 89' lang='lat' dir='ltr'>legitima</span> <span class='ocrx_word' id='word_1_305' title='bbox 2268 2688 2328 2731; x_wconf 91' lang='grc'>188</span> <span class='ocrx_word' id='word_1_306' title='bbox 2358 2669 2423 2732; x_wconf 89' lang='lat' dir='ltr'>rite</span> 
     </span>
     <span class='ocr_line' id='line_1_23' title="bbox 415 2751 2424 2834; baseline -0.001 -14"><span class='ocrx_word' id='word_1_307' title='bbox 415 2754 458 2820; x_wconf 90' lang='lat' dir='ltr'>ad</span> <span class='ocrx_word' id='word_1_308' title='bbox 480 2753 674 2819; x_wconf 90' lang='lat' dir='ltr'>caelibatum</span> <span class='ocrx_word' id='word_1_309' title='bbox 703 2752 910 2830; x_wconf 75' lang='lat' dir='ltr'>astrinxisse,</span> <span class='ocrx_word' id='word_1_310' title='bbox 939 2753 1002 2815; x_wconf 92' lang='lat' dir='ltr'>nisi</span> <span class='ocrx_word' id='word_1_311' title='bbox 1030 2759 1192 2834; x_wconf 86' lang='lat' dir='ltr'>quatenus</span> <span class='ocrx_word' id='word_1_312' title='bbox 1214 2753 1314 2817; x_wconf 89' lang='lat' dir='ltr'>ferret</span> <span class='ocrx_word' id='word_1_313' title='bbox 1334 2775 1391 2817; x_wconf 87' lang='lat' dir='ltr'>vo·</span> <span class='ocrx_word' id='word_1_314' title='bbox 1444 2758 1598 2834; x_wconf 88' lang='lat' dir='ltr'>concepta</span> <span class='ocrx_word' id='word_1_315' title='bbox 1619 2758 1704 2828; x_wconf 87' lang='lat' dir='ltr'>vota,</span> <span class='ocrx_word' id='word_1_316' title='bbox 1726 2760 1764 2814; x_wconf 92' lang='lat' dir='ltr'>ut</span> <span class='ocrx_word' id='word_1_317' title='bbox 1785 2751 1873 2833; x_wconf 89' lang='lat' dir='ltr'>apud</span> <span class='ocrx_word' id='word_1_318' title='bbox 1893 2753 2005 2816; x_wconf 93' lang='lat' dir='ltr'>Deum</span> <span class='ocrx_word' id='word_1_319' title='bbox 2027 2751 2122 2816; x_wconf 91' lang='lat' dir='ltr'>nihili</span> <span class='ocrx_word' id='word_1_320' title='bbox 2144 2759 2232 2830; x_wconf 91' lang='lat' dir='ltr'>sunt,</span> <span class='ocrx_word' id='word_1_321' title='bbox 2259 2754 2305 2817; x_wconf 91' lang='lat' dir='ltr'>sic</span> <span class='ocrx_word' id='word_1_322' title='bbox 2326 2752 2424 2818; x_wconf 92' lang='lat' dir='ltr'>nobis</span> 
     </span>
     <span class='ocr_line' id='line_1_24' title="bbox 415 2836 2424 2921; baseline -0.003 -14"><span class='ocrx_word' id='word_1_323' title='bbox 415 2840 553 2908; x_wconf 84' lang='lat' dir='ltr'>cationis</span> <span class='ocrx_word' id='word_1_324' title='bbox 581 2859 659 2904; x_wconf 86' lang='lat' dir='ltr'>suae</span> <span class='ocrx_word' id='word_1_325' title='bbox 686 2839 870 2903; x_wconf 80' lang='lat' dir='ltr'>necessitas.</span> <span class='ocrx_word' id='word_1_326' title='bbox 915 2837 1042 2903; x_wconf 88' lang='lat' dir='ltr'>Deinde</span> <span class='ocrx_word' id='word_1_327' title='bbox 1070 2839 1117 2900; x_wconf 91' lang='lat' dir='ltr'>ita</span> <span class='ocrx_word' id='word_1_328' title='bbox 1144 2837 1304 2921; x_wconf 87' lang='lat' dir='ltr'>obligatas</span> <span class='ocrx_word' id='word_1_329' title='bbox 1325 2861 1391 2902; x_wconf 94' lang='lat' dir='ltr'>non</span> <span class='ocrx_word' id='word_1_330' title='bbox 1443 2838 1538 2901; x_wconf 89' lang='lat' dir='ltr'>irrita</span> <span class='ocrx_word' id='word_1_331' title='bbox 1565 2858 1636 2902; x_wconf 89' lang='lat' dir='ltr'>esse</span> <span class='ocrx_word' id='word_1_332' title='bbox 1664 2836 1790 2901; x_wconf 91' lang='lat' dir='ltr'>debere.</span> <span class='ocrx_word' id='word_1_333' title='bbox 1840 2837 1926 2901; x_wconf 89' lang='lat' dir='ltr'>Nam</span> <span class='ocrx_word' id='word_1_334' title='bbox 1954 2839 2044 2903; x_wconf 91' lang='lat' dir='ltr'>siin</span> <span class='ocrx_word' id='word_1_335' title='bbox 2072 2838 2225 2902; x_wconf 88' lang='lat' dir='ltr'>humanis</span> <span class='ocrx_word' id='word_1_336' title='bbox 2247 2839 2424 2904; x_wconf 86' lang='lat' dir='ltr'>contracti·</span> 
     </span>
     <span class='ocr_line' id='line_1_25' title="bbox 416 2923 2420 3007; baseline -0.002 -14"><span class='ocrx_word' id='word_1_337' title='bbox 416 2925 556 2994; x_wconf 89' lang='lat' dir='ltr'>concedo</span> <span class='ocrx_word' id='word_1_338' title='bbox 583 2924 698 3000; x_wconf 87' lang='lat' dir='ltr'>fuisse,</span> <span class='ocrx_word' id='word_1_339' title='bbox 721 2924 801 3005; x_wconf 93' lang='lat' dir='ltr'>quin</span> <span class='ocrx_word' id='word_1_340' title='bbox 829 2923 894 2988; x_wconf 89' lang='lat' dir='ltr'>illis</span> <span class='ocrx_word' id='word_1_341' title='bbox 922 2931 1001 2987; x_wconf 92' lang='lat' dir='ltr'>tunc</span> <span class='ocrx_word' id='word_1_342' title='bbox 1029 2943 1157 3005; x_wconf 91' lang='lat' dir='ltr'>quoque</span> <span class='ocrx_word' id='word_1_343' title='bbox 1185 2925 1285 2988; x_wconf 87' lang='lat' dir='ltr'>satius</span> <span class='ocrx_word' id='word_1_344' title='bbox 1307 2934 1393 2989; x_wconf 88' lang='lat' dir='ltr'>esset</span> <span class='ocrx_word' id='word_1_345' title='bbox 1444 2924 1506 2988; x_wconf 93' lang='lat' dir='ltr'>bus</span> <span class='ocrx_word' id='word_1_346' title='bbox 1528 2945 1567 2987; x_wconf 91' lang='lat' dir='ltr'>ea</span> <span class='ocrx_word' id='word_1_347' title='bbox 1588 2932 1719 2987; x_wconf 91' lang='lat' dir='ltr'>tantum</span> <span class='ocrx_word' id='word_1_348' title='bbox 1741 2923 1902 3005; x_wconf 90' lang='lat' dir='ltr'>promissa</span> <span class='ocrx_word' id='word_1_349' title='bbox 1923 2946 1982 2989; x_wconf 94' lang='lat' dir='ltr'>nos</span> <span class='ocrx_word' id='word_1_350' title='bbox 2004 2924 2159 3007; x_wconf 89' lang='lat' dir='ltr'>obligant,</span> <span class='ocrx_word' id='word_1_351' title='bbox 2183 2925 2216 2987; x_wconf 94' lang='lat' dir='ltr'>in</span> <span class='ocrx_word' id='word_1_352' title='bbox 2239 2924 2355 3005; x_wconf 91' lang='lat' dir='ltr'>quibus</span> <span class='ocrx_word' id='word_1_353' title='bbox 2379 2925 2420 3002; x_wconf 87' lang='grc'>18,</span> 
     </span>
     <span class='ocr_line' id='line_1_26' title="bbox 415 3008 2419 3091; baseline -0.003 -14"><span class='ocrx_word' id='word_1_354' title='bbox 415 3011 540 3077; x_wconf 91' lang='lat' dir='ltr'>nubere</span> <span class='ocrx_word' id='word_1_355' title='bbox 558 3029 655 3091; x_wconf 90' lang='lat' dir='ltr'>quam</span> <span class='ocrx_word' id='word_1_356' title='bbox 673 3008 727 3072; x_wconf 90' lang='lat' dir='ltr'>vel</span> <span class='ocrx_word' id='word_1_357' title='bbox 743 3010 850 3073; x_wconf 90' lang='lat' dir='ltr'>carnis</span> <span class='ocrx_word' id='word_1_358' title='bbox 870 3009 992 3074; x_wconf 89' lang='lat' dir='ltr'>aculeis</span> <span class='ocrx_word' id='word_1_359' title='bbox 1009 3009 1186 3086; x_wconf 90' lang='lat' dir='ltr'>sollicitari,</span> <span class='ocrx_word' id='word_1_360' title='bbox 1204 3010 1258 3074; x_wconf 82' lang='lat' dir='ltr'>vel</span> <span class='ocrx_word' id='word_1_361' title='bbox 1279 3011 1314 3073; x_wconf 94' lang='lat' dir='ltr'>in</span> <span class='ocrx_word' id='word_1_362' title='bbox 1332 3011 1392 3074; x_wconf 69' lang='lat' dir='ltr'>alt</span> <span class='ocrx_word' id='word_1_363' title='bbox 1445 3031 1520 3074; x_wconf 91' lang='lat' dir='ltr'>oum</span> <span class='ocrx_word' id='word_1_364' title='bbox 1547 3031 1610 3091; x_wconf 93' lang='lat' dir='ltr'>quo</span> <span class='ocrx_word' id='word_1_365' title='bbox 1636 3010 1875 3087; x_wconf 86' lang='lat' dir='ltr'>contrahimus,</span> <span class='ocrx_word' id='word_1_366' title='bbox 1910 3011 1982 3076; x_wconf 84' lang='lat' dir='ltr'>vult</span> <span class='ocrx_word' id='word_1_367' title='bbox 2008 3030 2069 3076; x_wconf 91' lang='grc'>188</span> <span class='ocrx_word' id='word_1_368' title='bbox 2101 3010 2221 3074; x_wconf 87' lang='lat' dir='ltr'>habere</span> <span class='ocrx_word' id='word_1_369' title='bbox 2247 3009 2419 3091; x_wconf 88' lang='lat' dir='ltr'>obligatos,</span> 
     </span>
     <span class='ocr_line' id='line_1_27' title="bbox 416 3095 2420 3181; baseline -0.001 -19"><span class='ocrx_word' id='word_1_370' title='bbox 416 3119 515 3181; x_wconf 93' lang='lat' dir='ltr'>quam</span> <span class='ocrx_word' id='word_1_371' title='bbox 537 3095 662 3178; x_wconf 85' lang='lat' dir='ltr'>prolabi</span> <span class='ocrx_word' id='word_1_372' title='bbox 692 3095 954 3161; x_wconf 89' lang='lat' dir='ltr'>obscoenitatem.</span> <span class='ocrx_word' id='word_1_373' title='bbox 1000 3096 1127 3173; x_wconf 73' lang='lat' dir='ltr'>Tertio,</span> <span class='ocrx_word' id='word_1_374' title='bbox 1157 3116 1230 3159; x_wconf 89' lang='lat' dir='ltr'>eam</span> <span class='ocrx_word' id='word_1_375' title='bbox 1252 3103 1392 3160; x_wconf 90' lang='lat' dir='ltr'>aetatem</span> <span class='ocrx_word' id='word_1_376' title='bbox 1445 3095 1622 3161; x_wconf 90' lang='lat' dir='ltr'>absurdum</span> <span class='ocrx_word' id='word_1_377' title='bbox 1646 3103 1710 3172; x_wconf 93' lang='lat' dir='ltr'>est,</span> <span class='ocrx_word' id='word_1_378' title='bbox 1735 3095 1777 3158; x_wconf 88' lang='lat' dir='ltr'>ad</span> <span class='ocrx_word' id='word_1_379' title='bbox 1799 3117 1838 3160; x_wconf 90' lang='lat' dir='ltr'>ea</span> <span class='ocrx_word' id='word_1_380' title='bbox 1863 3095 2059 3177; x_wconf 86' lang='lat' dir='ltr'>praestanda</span> <span class='ocrx_word' id='word_1_381' title='bbox 2087 3118 2146 3159; x_wconf 89' lang='lat' dir='ltr'>nos</span> <span class='ocrx_word' id='word_1_382' title='bbox 2169 3095 2270 3178; x_wconf 86' lang='lat' dir='ltr'>adigi,</span> <span class='ocrx_word' id='word_1_383' title='bbox 2291 3117 2375 3177; x_wconf 84' lang='lat' dir='ltr'>quae</span> <span class='ocrx_word' id='word_1_384' title='bbox 2398 3116 2420 3158; x_wconf 90' lang='lat' dir='ltr'>a</span> 
     </span>
     <span class='ocr_line' id='line_1_28' title="bbox 416 3180 2423 3265; baseline -0.002 -16"><span class='ocrx_word' id='word_1_385' title='bbox 416 3183 487 3249; x_wconf 88' lang='lat' dir='ltr'>dico</span> <span class='ocrx_word' id='word_1_386' title='bbox 509 3204 529 3246; x_wconf 89' lang='lat' dir='ltr'>a</span> <span class='ocrx_word' id='word_1_387' title='bbox 550 3181 655 3247; x_wconf 91' lang='lat' dir='ltr'>Paulo</span> <span class='ocrx_word' id='word_1_388' title='bbox 676 3180 864 3265; x_wconf 90' lang='lat' dir='ltr'>praescribi,</span> <span class='ocrx_word' id='word_1_389' title='bbox 893 3181 1039 3262; x_wconf 89' lang='lat' dir='ltr'>quaesit</span> <span class='ocrx_word' id='word_1_390' title='bbox 1061 3183 1277 3246; x_wconf 90' lang='lat' dir='ltr'>communiter</span> <span class='ocrx_word' id='word_1_391' title='bbox 1299 3189 1393 3247; x_wconf 88' lang='lat' dir='ltr'>extra</span> <span class='ocrx_word' id='word_1_392' title='bbox 1438 3182 1537 3246; x_wconf 86' lang='lat' dir='ltr'>&#39;nobis</span> <span class='ocrx_word' id='word_1_393' title='bbox 1564 3182 1699 3245; x_wconf 91' lang='lat' dir='ltr'>minime</span> <span class='ocrx_word' id='word_1_394' title='bbox 1727 3182 1819 3246; x_wconf 85' lang='lat' dir='ltr'>Deus</span> <span class='ocrx_word' id='word_1_395' title='bbox 1840 3182 1977 3264; x_wconf 88' lang='lat' dir='ltr'>requirit</span> <span class='ocrx_word' id='word_1_396' title='bbox 1983 3205 1991 3260; x_wconf 94' lang='lat'>;</span> <span class='ocrx_word' id='word_1_397' title='bbox 2014 3182 2208 3264; x_wconf 87' lang='lat' dir='ltr'>praesertim</span> <span class='ocrx_word' id='word_1_398' title='bbox 2231 3203 2330 3265; x_wconf 89' lang='lat' dir='ltr'>quum</span> <span class='ocrx_word' id='word_1_399' title='bbox 2351 3201 2423 3245; x_wconf 92' lang='lat' dir='ltr'>non</span> 
     </span>
     <span class='ocr_line' id='line_1_29' title="bbox 413 3266 2421 3352; baseline -0.002 -18"><span class='ocrx_word' id='word_1_400' title='bbox 413 3268 607 3352; x_wconf 84' lang='lat' dir='ltr'>periculum3</span> <span class='ocrx_word' id='word_1_401' title='bbox 635 3267 829 3350; x_wconf 90' lang='lat' dir='ltr'>praesertim</span> <span class='ocrx_word' id='word_1_402' title='bbox 860 3287 962 3348; x_wconf 92' lang='lat' dir='ltr'>quum</span> <span class='ocrx_word' id='word_1_403' title='bbox 990 3287 1045 3331; x_wconf 88' lang='lat' dir='ltr'>eas</span> <span class='ocrx_word' id='word_1_404' title='bbox 1073 3274 1202 3331; x_wconf 89' lang='lat' dir='ltr'>tantum</span> <span class='ocrx_word' id='word_1_405' title='bbox 1224 3266 1322 3351; x_wconf 87' lang='lat' dir='ltr'>deligi</span> <span class='ocrx_word' id='word_1_406' title='bbox 1340 3269 1391 3332; x_wconf 92' lang='lat' dir='ltr'>iu·</span> <span class='ocrx_word' id='word_1_407' title='bbox 1445 3268 1541 3332; x_wconf 90' lang='lat' dir='ltr'>aliter</span> <span class='ocrx_word' id='word_1_408' title='bbox 1559 3275 1650 3332; x_wconf 90' lang='lat' dir='ltr'>recta</span> <span class='ocrx_word' id='word_1_409' title='bbox 1669 3267 1734 3330; x_wconf 87' lang='lat' dir='ltr'>sint</span> <span class='ocrx_word' id='word_1_410' title='bbox 1754 3288 1852 3349; x_wconf 89' lang='lat' dir='ltr'>opera</span> <span class='ocrx_word' id='word_1_411' title='bbox 1873 3276 1994 3346; x_wconf 89' lang='lat' dir='ltr'>nostra,</span> <span class='ocrx_word' id='word_1_412' title='bbox 2018 3269 2082 3332; x_wconf 90' lang='lat' dir='ltr'>nisi</span> <span class='ocrx_word' id='word_1_413' title='bbox 2105 3269 2160 3333; x_wconf 91' lang='lat' dir='ltr'>ubi</span> <span class='ocrx_word' id='word_1_414' title='bbox 2183 3268 2255 3331; x_wconf 93' lang='lat' dir='ltr'>Deo</span> <span class='ocrx_word' id='word_1_415' title='bbox 2277 3267 2421 3349; x_wconf 86' lang='lat' dir='ltr'>placent,</span> 
     </span>
     <span class='ocr_line' id='line_1_30' title="bbox 414 3352 2424 3435; baseline -0.002 -14"><span class='ocrx_word' id='word_1_416' title='bbox 414 3356 498 3433; x_wconf 89' lang='lat' dir='ltr'>beat,</span> <span class='ocrx_word' id='word_1_417' title='bbox 517 3374 599 3435; x_wconf 90' lang='lat' dir='ltr'>quae</span> <span class='ocrx_word' id='word_1_418' title='bbox 617 3355 714 3419; x_wconf 90' lang='lat' dir='ltr'>unico</span> <span class='ocrx_word' id='word_1_419' title='bbox 732 3353 940 3416; x_wconf 90' lang='lat' dir='ltr'>matrimonio</span> <span class='ocrx_word' id='word_1_420' title='bbox 963 3360 1148 3430; x_wconf 87' lang='lat' dir='ltr'>contentae,</span> <span class='ocrx_word' id='word_1_421' title='bbox 1172 3354 1392 3419; x_wconf 86' lang='lat' dir='ltr'>continentiae</span> <span class='ocrx_word' id='word_1_422' title='bbox 1444 3362 1478 3418; x_wconf 92' lang='lat' dir='ltr'>et</span> <span class='ocrx_word' id='word_1_423' title='bbox 1506 3354 1567 3417; x_wconf 95' lang='lat' dir='ltr'>hoc</span> <span class='ocrx_word' id='word_1_424' title='bbox 1594 3353 1810 3418; x_wconf 87' lang='lat' dir='ltr'>eonscientiae</span> <span class='ocrx_word' id='word_1_425' title='bbox 1837 3355 2059 3417; x_wconf 91' lang='lat' dir='ltr'>testimonium</span> <span class='ocrx_word' id='word_1_426' title='bbox 2087 3354 2210 3418; x_wconf 89' lang='lat' dir='ltr'>habent</span> <span class='ocrx_word' id='word_1_427' title='bbox 2236 3352 2322 3435; x_wconf 90' lang='lat' dir='ltr'>quod</span> <span class='ocrx_word' id='word_1_428' title='bbox 2348 3353 2424 3434; x_wconf 90' lang='lat' dir='ltr'>pla-</span> 
     </span>
     <span class='ocr_line' id='line_1_31' title="bbox 414 3438 2424 3523; baseline -0.001 -18"><span class='ocrx_word' id='word_1_429' title='bbox 414 3441 579 3523; x_wconf 88' lang='lat' dir='ltr'>specimen</span> <span class='ocrx_word' id='word_1_430' title='bbox 604 3440 671 3504; x_wconf 89' lang='lat' dir='ltr'>iam</span> <span class='ocrx_word' id='word_1_431' title='bbox 689 3445 766 3504; x_wconf 89' lang='lat' dir='ltr'>ante</span> <span class='ocrx_word' id='word_1_432' title='bbox 787 3438 1005 3520; x_wconf 89' lang='lat' dir='ltr'>praebuerint.</span> <span class='ocrx_word' id='word_1_433' title='bbox 1047 3439 1173 3502; x_wconf 87' lang='lat' dir='ltr'>Votum</span> <span class='ocrx_word' id='word_1_434' title='bbox 1191 3446 1301 3502; x_wconf 90' lang='lat' dir='ltr'>autem</span> <span class='ocrx_word' id='word_1_435' title='bbox 1319 3461 1391 3505; x_wconf 89' lang='lat' dir='ltr'>eae-</span> <span class='ocrx_word' id='word_1_436' title='bbox 1444 3448 1548 3505; x_wconf 88' lang='lat' dir='ltr'>ceant.</span> <span class='ocrx_word' id='word_1_437' title='bbox 1593 3440 1709 3503; x_wconf 87' lang='lat' dir='ltr'>Manet</span> <span class='ocrx_word' id='word_1_438' title='bbox 1729 3440 1817 3503; x_wconf 91' lang='lat' dir='ltr'>enim</span> <span class='ocrx_word' id='word_1_439' title='bbox 1844 3438 1927 3502; x_wconf 89' lang='lat' dir='ltr'>illud</span> <span class='ocrx_word' id='word_1_440' title='bbox 1949 3441 2069 3504; x_wconf 85' lang='lat' dir='ltr'>fixum:</span> <span class='ocrx_word' id='word_1_441' title='bbox 2099 3439 2257 3522; x_wconf 93' lang='lat' dir='ltr'>quidquid</span> <span class='ocrx_word' id='word_1_442' title='bbox 2279 3460 2345 3502; x_wconf 95' lang='lat' dir='ltr'>non</span> <span class='ocrx_word' id='word_1_443' title='bbox 2370 3447 2424 3503; x_wconf 90' lang='lat' dir='ltr'>est</span> 
     </span>
     <span class='ocr_line' id='line_1_32' title="bbox 413 3523 2422 3609; baseline -0.001 -18"><span class='ocrx_word' id='word_1_444' title='bbox 413 3526 535 3591; x_wconf 87' lang='lat' dir='ltr'>libatus</span> <span class='ocrx_word' id='word_1_445' title='bbox 569 3547 634 3589; x_wconf 92' lang='lat' dir='ltr'>non</span> <span class='ocrx_word' id='word_1_446' title='bbox 668 3525 732 3590; x_wconf 90' lang='lat' dir='ltr'>alia</span> <span class='ocrx_word' id='word_1_447' title='bbox 765 3525 890 3588; x_wconf 90' lang='lat' dir='ltr'>ratione</span> <span class='ocrx_word' id='word_1_448' title='bbox 916 3524 1149 3606; x_wconf 89' lang='lat' dir='ltr'>improbamus,</span> <span class='ocrx_word' id='word_1_449' title='bbox 1172 3525 1237 3588; x_wconf 90' lang='lat' dir='ltr'>nisi</span> <span class='ocrx_word' id='word_1_450' title='bbox 1261 3526 1337 3606; x_wconf 89' lang='lat' dir='ltr'>quia</span> <span class='ocrx_word' id='word_1_451' title='bbox 1359 3534 1393 3590; x_wconf 92' lang='lat' dir='ltr'>et</span> <span class='ocrx_word' id='word_1_452' title='bbox 1444 3548 1485 3591; x_wconf 91' lang='lat' dir='ltr'>ex</span> <span class='ocrx_word' id='word_1_453' title='bbox 1513 3523 1592 3604; x_wconf 92' lang='lat' dir='ltr'>fide,</span> <span class='ocrx_word' id='word_1_454' title='bbox 1621 3532 1791 3607; x_wconf 88' lang='lat' dir='ltr'>peecatum</span> <span class='ocrx_word' id='word_1_455' title='bbox 1812 3533 1862 3590; x_wconf 88' lang='lat' dir='ltr'>est</span> <span class='ocrx_word' id='word_1_456' title='bbox 1891 3526 2000 3609; x_wconf 90' lang='lat' dir='ltr'>(Rom.</span> <span class='ocrx_word' id='word_1_457' title='bbox 2024 3530 2070 3604; x_wconf 85' lang='grc'>14,</span> <span class='ocrx_word' id='word_1_458' title='bbox 2091 3525 2156 3609; x_wconf 82' lang='grc'>23).</span> <span class='ocrx_word' id='word_1_459' title='bbox 2182 3525 2276 3606; x_wconf 48' lang='lat' dir='ltr'>¹Quo</span> <span class='ocrx_word' id='word_1_460' title='bbox 2297 3525 2422 3588; x_wconf 89' lang='lat' dir='ltr'>intelli-</span> 
     </span>
     <span class='ocr_line' id='line_1_33' title="bbox 413 3609 2423 3696; baseline -0.001 -20"><span class='ocrx_word' id='word_1_461' title='bbox 413 3633 473 3695; x_wconf 89' lang='lat' dir='ltr'>pro</span> <span class='ocrx_word' id='word_1_462' title='bbox 507 3611 599 3676; x_wconf 90' lang='lat' dir='ltr'>cultu</span> <span class='ocrx_word' id='word_1_463' title='bbox 630 3629 803 3694; x_wconf 86' lang='lat' dir='ltr'>perperam</span> <span class='ocrx_word' id='word_1_464' title='bbox 830 3609 1036 3687; x_wconf 90' lang='lat' dir='ltr'>aestimatur,</span> <span class='ocrx_word' id='word_1_465' title='bbox 1070 3617 1103 3673; x_wconf 89' lang='lat' dir='ltr'>et</span> <span class='ocrx_word' id='word_1_466' title='bbox 1132 3618 1254 3674; x_wconf 89' lang='lat' dir='ltr'>temere</span> <span class='ocrx_word' id='word_1_467' title='bbox 1282 3611 1322 3675; x_wconf 89' lang='lat' dir='ltr'>ab</span> <span class='ocrx_word' id='word_1_468' title='bbox 1352 3612 1391 3677; x_wconf 90' lang='lat' dir='ltr'>iis</span> <span class='ocrx_word' id='word_1_469' title='bbox 1444 3613 1494 3696; x_wconf 90' lang='lat' dir='ltr'>git</span> <span class='ocrx_word' id='word_1_470' title='bbox 1524 3610 1665 3688; x_wconf 65' lang='lat' dir='ltr'>PauluS,</span> <span class='ocrx_word' id='word_1_471' title='bbox 1699 3610 1785 3692; x_wconf 92' lang='lat' dir='ltr'>quod</span> <span class='ocrx_word' id='word_1_472' title='bbox 1817 3631 1893 3674; x_wconf 89' lang='lat' dir='ltr'>cum</span> <span class='ocrx_word' id='word_1_473' title='bbox 1921 3610 2125 3676; x_wconf 89' lang='lat' dir='ltr'>dubitatione</span> <span class='ocrx_word' id='word_1_474' title='bbox 2152 3621 2341 3693; x_wconf 86' lang='lat' dir='ltr'>susceptum</span> <span class='ocrx_word' id='word_1_475' title='bbox 2370 3619 2423 3675; x_wconf 89' lang='lat' dir='ltr'>est</span> 
     </span>
     <span class='ocr_line' id='line_1_34' title="bbox 413 3694 2421 3780; baseline -0.001 -17"><span class='ocrx_word' id='word_1_476' title='bbox 413 3705 622 3779; x_wconf 89' lang='lat' dir='ltr'>nuncupatur</span> <span class='ocrx_word' id='word_1_477' title='bbox 642 3695 759 3779; x_wconf 90' lang='lat' dir='ltr'>quibus</span> <span class='ocrx_word' id='word_1_478' title='bbox 776 3694 963 3760; x_wconf 87' lang='lat' dir='ltr'>continendi</span> <span class='ocrx_word' id='word_1_479' title='bbox 981 3704 1125 3778; x_wconf 76' lang='lat' dir='ltr'>potestus</span> <span class='ocrx_word' id='word_1_480' title='bbox 1144 3697 1230 3761; x_wconf 89' lang='lat' dir='ltr'>facta</span> <span class='ocrx_word' id='word_1_481' title='bbox 1247 3718 1313 3760; x_wconf 92' lang='lat' dir='ltr'>non</span> <span class='ocrx_word' id='word_1_482' title='bbox 1332 3706 1389 3763; x_wconf 90' lang='lat' dir='ltr'>est</span> <span class='ocrx_word' id='word_1_483' title='bbox 1444 3719 1535 3780; x_wconf 93' lang='lat' dir='ltr'>opus,</span> <span class='ocrx_word' id='word_1_484' title='bbox 1558 3704 1731 3779; x_wconf 89' lang='lat' dir='ltr'>propterea</span> <span class='ocrx_word' id='word_1_485' title='bbox 1752 3696 1909 3761; x_wconf 84' lang='lat' dir='ltr'>vitiosum</span> <span class='ocrx_word' id='word_1_486' title='bbox 1931 3718 2015 3775; x_wconf 91' lang='lat' dir='ltr'>esse,</span> <span class='ocrx_word' id='word_1_487' title='bbox 2039 3695 2127 3779; x_wconf 92' lang='lat' dir='ltr'>quod</span> <span class='ocrx_word' id='word_1_488' title='bbox 2149 3696 2295 3760; x_wconf 89' lang='lat' dir='ltr'>omnium</span> <span class='ocrx_word' id='word_1_489' title='bbox 2318 3696 2421 3761; x_wconf 93' lang='lat' dir='ltr'>bono-</span> 
     </span>
     <span class='ocr_line' id='line_1_35' title="bbox 504 3781 2422 3865; baseline 0.001 -21"><span class='ocrx_word' id='word_1_490' title='bbox 504 3787 552 3847; x_wconf 89' lang='grc'>19.</span> <span class='ocrx_word' id='word_1_491' title='bbox 597 3781 651 3846; x_wconf 87' lang='lat' dir='ltr'>Ad</span> <span class='ocrx_word' id='word_1_492' title='bbox 670 3781 828 3846; x_wconf 86' lang='lat' dir='ltr'>moniales</span> <span class='ocrx_word' id='word_1_493' title='bbox 850 3801 928 3846; x_wconf 91' lang='lat' dir='ltr'>vero</span> <span class='ocrx_word' id='word_1_494' title='bbox 951 3782 1008 3864; x_wconf 92' lang='lat' dir='ltr'>qui</span> <span class='ocrx_word' id='word_1_495' title='bbox 1035 3781 1168 3846; x_wconf 88' lang='lat' dir='ltr'>trahere</span> <span class='ocrx_word' id='word_1_496' title='bbox 1188 3782 1283 3846; x_wconf 89' lang='lat' dir='ltr'>licuit</span> <span class='ocrx_word' id='word_1_497' title='bbox 1304 3783 1391 3849; x_wconf 91' lang='lat' dir='ltr'>hunc</span> <span class='ocrx_word' id='word_1_498' title='bbox 1444 3806 1518 3847; x_wconf 86' lang='lat' dir='ltr'>rum</span> <span class='ocrx_word' id='word_1_499' title='bbox 1546 3803 1681 3865; x_wconf 90' lang='lat' dir='ltr'>operum</span> <span class='ocrx_word' id='word_1_500' title='bbox 1707 3781 1802 3846; x_wconf 85' lang='lat' dir='ltr'>radix</span> <span class='ocrx_word' id='word_1_501' title='bbox 1825 3790 1874 3847; x_wconf 90' lang='lat' dir='ltr'>est</span> <span class='ocrx_word' id='word_1_502' title='bbox 1895 3782 1991 3861; x_wconf 90' lang='lat' dir='ltr'>fides,</span> <span class='ocrx_word' id='word_1_503' title='bbox 2025 3805 2089 3865; x_wconf 91' lang='lat' dir='ltr'>qua</span> <span class='ocrx_word' id='word_1_504' title='bbox 2111 3784 2191 3848; x_wconf 87' lang='lat' dir='ltr'>certi</span> <span class='ocrx_word' id='word_1_505' title='bbox 2220 3782 2422 3846; x_wconf 88' lang='grc'><strong>8111181118</strong></span> 
     </span>
     <span class='ocr_line' id='line_1_36' title="bbox 414 3866 2421 3952; baseline 0 -21"><span class='ocrx_word' id='word_1_506' title='bbox 414 3867 512 3932; x_wconf 89' lang='lat' dir='ltr'>Pauli</span> <span class='ocrx_word' id='word_1_507' title='bbox 543 3866 671 3931; x_wconf 81' lang='lat' dir='ltr'>locum?</span> <span class='ocrx_word' id='word_1_508' title='bbox 722 3867 928 3932; x_wconf 84' lang='lat' dir='ltr'>Oreabantur</span> <span class='ocrx_word' id='word_1_509' title='bbox 961 3868 1050 3939; x_wconf 89' lang='lat' dir='ltr'>enim</span> <span class='ocrx_word' id='word_1_510' title='bbox 1079 3867 1296 3948; x_wconf 87' lang='lat' dir='ltr'>diaconissae,</span> <span class='ocrx_word' id='word_1_511' title='bbox 1325 3891 1391 3935; x_wconf 93' lang='lat' dir='ltr'>non</span> <span class='ocrx_word' id='word_1_512' title='bbox 1443 3869 1516 3933; x_wconf 91' lang='lat' dir='ltr'>Deo</span> <span class='ocrx_word' id='word_1_513' title='bbox 1544 3874 1676 3949; x_wconf 88' lang='lat' dir='ltr'>accepta</span> <span class='ocrx_word' id='word_1_514' title='bbox 1704 3889 1783 3932; x_wconf 91' lang='lat' dir='ltr'>esse.</span> <span class='ocrx_word' id='word_1_515' title='bbox 1828 3869 1920 3952; x_wconf 81' lang='lat' dir='ltr'>Ergo</span> <span class='ocrx_word' id='word_1_516' title='bbox 1943 3870 1971 3934; x_wconf 91' lang='lat' dir='ltr'>si</span> <span class='ocrx_word' id='word_1_517' title='bbox 1993 3869 2085 3946; x_wconf 89' lang='lat' dir='ltr'>nihil,</span> <span class='ocrx_word' id='word_1_518' title='bbox 2111 3869 2175 3931; x_wconf 90' lang='lat' dir='ltr'>nisi</span> <span class='ocrx_word' id='word_1_519' title='bbox 2199 3868 2259 3932; x_wconf 88' lang='lat' dir='ltr'>hae</span> <span class='ocrx_word' id='word_1_520' title='bbox 2283 3869 2421 3932; x_wconf 90' lang='lat' dir='ltr'>certitu-</span> 
     </span>
     <span class='ocr_line' id='line_1_37' title="bbox 415 3952 2421 4038; baseline 0.002 -22"><span class='ocrx_word' id='word_1_521' title='bbox 415 3960 453 4016; x_wconf 93' lang='lat' dir='ltr'>ut</span> <span class='ocrx_word' id='word_1_522' title='bbox 479 3952 685 4017; x_wconf 91' lang='lat' dir='ltr'>cantionibus</span> <span class='ocrx_word' id='word_1_523' title='bbox 708 3961 771 4016; x_wconf 89' lang='lat' dir='ltr'>aut</span> <span class='ocrx_word' id='word_1_524' title='bbox 802 3973 972 4017; x_wconf 89' lang='lat' dir='ltr'>murmure</span> <span class='ocrx_word' id='word_1_525' title='bbox 1000 3974 1068 4018; x_wconf 93' lang='lat' dir='ltr'>non</span> <span class='ocrx_word' id='word_1_526' title='bbox 1095 3954 1259 4019; x_wconf 85' lang='lat' dir='ltr'>intellecto</span> <span class='ocrx_word' id='word_1_527' title='bbox 1282 3955 1391 4020; x_wconf 91' lang='lat' dir='ltr'>Deum</span> <span class='ocrx_word' id='word_1_528' title='bbox 1444 3955 1529 4032; x_wconf 90' lang='lat' dir='ltr'>dine,</span> <span class='ocrx_word' id='word_1_529' title='bbox 1553 3953 1689 4038; x_wconf 84' lang='lat' dir='ltr'>aggredi</span> <span class='ocrx_word' id='word_1_530' title='bbox 1722 3953 1799 4018; x_wconf 88' lang='lat' dir='ltr'>licet</span> <span class='ocrx_word' id='word_1_531' title='bbox 1831 3954 1956 4018; x_wconf 88' lang='lat' dir='ltr'>homini</span> <span class='ocrx_word' id='word_1_532' title='bbox 1979 3955 2174 4032; x_wconf 89' lang='lat' dir='ltr'>christiano,</span> <span class='ocrx_word' id='word_1_533' title='bbox 2198 3976 2255 4019; x_wconf 93' lang='lat' dir='ltr'>cur</span> <span class='ocrx_word' id='word_1_534' title='bbox 2278 3975 2362 4032; x_wconf 90' lang='lat' dir='ltr'>non,</span> <span class='ocrx_word' id='word_1_535' title='bbox 2389 3956 2421 4020; x_wconf 84' lang='lat' dir='ltr'>si</span> 
     </span>
     <span class='ocr_line' id='line_1_38' title="bbox 415 4037 2422 4124; baseline 0 -21"><span class='ocrx_word' id='word_1_536' title='bbox 415 4037 654 4118; x_wconf 89' lang='lat' dir='ltr'>demulcerent,</span> <span class='ocrx_word' id='word_1_537' title='bbox 687 4038 849 4120; x_wconf 89' lang='lat' dir='ltr'>reliquum</span> <span class='ocrx_word' id='word_1_538' title='bbox 883 4040 1039 4122; x_wconf 84' lang='lat' dir='ltr'>temporis</span> <span class='ocrx_word' id='word_1_539' title='bbox 1072 4040 1223 4104; x_wconf 81' lang='lat' dir='ltr'>viverent</span> <span class='ocrx_word' id='word_1_540' title='bbox 1255 4041 1390 4122; x_wconf 75' lang='lat' dir='ltr'>otiosae,</span> <span class='ocrx_word' id='word_1_541' title='bbox 1443 4040 1522 4124; x_wconf 91' lang='lat' dir='ltr'>quid</span> <span class='ocrx_word' id='word_1_542' title='bbox 1536 4041 1560 4124; x_wconf 90' lang='lat'>¹)</span> <span class='ocrx_word' id='word_1_543' title='bbox 1578 4050 1700 4104; x_wconf 91' lang='lat' dir='ltr'>temere</span> <span class='ocrx_word' id='word_1_544' title='bbox 1722 4042 1933 4123; x_wconf 88' lang='lat' dir='ltr'>susceperint,</span> <span class='ocrx_word' id='word_1_545' title='bbox 1956 4042 2169 4123; x_wconf 89' lang='lat' dir='ltr'>ignorationis</span> <span class='ocrx_word' id='word_1_546' title='bbox 2191 4041 2280 4117; x_wconf 86' lang='lat' dir='ltr'>vitio,</span> <span class='ocrx_word' id='word_1_547' title='bbox 2304 4039 2346 4104; x_wconf 91' lang='lat' dir='ltr'>ab</span> <span class='ocrx_word' id='word_1_548' title='bbox 2369 4062 2422 4104; x_wconf 91' lang='lat' dir='ltr'>er·</span> 
     </span>
     <span class='ocr_line' id='line_1_39' title="bbox 415 4123 2423 4210; baseline 0 -21"><span class='ocrx_word' id='word_1_549' title='bbox 415 4123 473 4189; x_wconf 89' lang='lat' dir='ltr'>sed</span> <span class='ocrx_word' id='word_1_550' title='bbox 502 4134 540 4188; x_wconf 88' lang='lat' dir='ltr'>ut</span> <span class='ocrx_word' id='word_1_551' title='bbox 565 4123 695 4206; x_wconf 89' lang='lat' dir='ltr'>publico</span> <span class='ocrx_word' id='word_1_552' title='bbox 723 4123 877 4190; x_wconf 88' lang='lat' dir='ltr'>ecclesiae</span> <span class='ocrx_word' id='word_1_553' title='bbox 904 4124 1087 4191; x_wconf 85' lang='lat' dir='ltr'>ministerio</span> <span class='ocrx_word' id='word_1_554' title='bbox 1120 4146 1200 4209; x_wconf 88' lang='lat' dir='ltr'>erga</span> <span class='ocrx_word' id='word_1_555' title='bbox 1231 4148 1390 4210; x_wconf 89' lang='lat' dir='ltr'>pauperos</span> <span class='ocrx_word' id='word_1_556' title='bbox 1443 4149 1516 4192; x_wconf 92' lang='lat' dir='ltr'>rore</span> <span class='ocrx_word' id='word_1_557' title='bbox 1537 4135 1652 4209; x_wconf 87' lang='lat' dir='ltr'>postea</span> <span class='ocrx_word' id='word_1_558' title='bbox 1672 4127 1802 4191; x_wconf 88' lang='lat' dir='ltr'>liberati</span> <span class='ocrx_word' id='word_1_559' title='bbox 1824 4126 2003 4191; x_wconf 85' lang='lat' dir='ltr'>desistant?</span> <span class='ocrx_word' id='word_1_560' title='bbox 2037 4126 2208 4191; x_wconf 86' lang='lat' dir='ltr'>Eiusmodi</span> <span class='ocrx_word' id='word_1_561' title='bbox 2230 4147 2331 4208; x_wconf 93' lang='lat' dir='ltr'>quum</span> <span class='ocrx_word' id='word_1_562' title='bbox 2353 4126 2423 4190; x_wconf 90' lang='lat' dir='ltr'>sint</span> 
     </span>
     <span class='ocr_line' id='line_1_40' title="bbox 415 4209 2422 4296; baseline -0 -21"><span class='ocrx_word' id='word_1_563' title='bbox 415 4210 690 4294; x_wconf 80' lang='lat' dir='ltr'>defungerentur,</span> <span class='ocrx_word' id='word_1_564' title='bbox 720 4218 758 4274; x_wconf 93' lang='lat' dir='ltr'>ut</span> <span class='ocrx_word' id='word_1_565' title='bbox 779 4211 869 4274; x_wconf 90' lang='lat' dir='ltr'>omni</span> <span class='ocrx_word' id='word_1_566' title='bbox 891 4209 1014 4288; x_wconf 90' lang='lat' dir='ltr'>studio,</span> <span class='ocrx_word' id='word_1_567' title='bbox 1038 4210 1226 4291; x_wconf 90' lang='lat' dir='ltr'>sedulitate,</span> <span class='ocrx_word' id='word_1_568' title='bbox 1251 4213 1390 4296; x_wconf 90' lang='lat' dir='ltr'>diligen·</span> <span class='ocrx_word' id='word_1_569' title='bbox 1443 4220 1519 4278; x_wconf 88' lang='lat' dir='ltr'>vota</span> <span class='ocrx_word' id='word_1_570' title='bbox 1550 4211 1789 4277; x_wconf 87' lang='lat' dir='ltr'>inconsiderate</span> <span class='ocrx_word' id='word_1_571' title='bbox 1816 4219 1980 4295; x_wconf 87' lang='lat' dir='ltr'>suscepta,</span> <span class='ocrx_word' id='word_1_572' title='bbox 2008 4234 2083 4284; x_wconf 87' lang='lat' dir='ltr'>non</span> <span class='ocrx_word' id='word_1_573' title='bbox 2104 4212 2200 4276; x_wconf 91' lang='lat' dir='ltr'>modo</span> <span class='ocrx_word' id='word_1_574' title='bbox 2227 4212 2310 4275; x_wconf 91' lang='lat' dir='ltr'>nihil</span> <span class='ocrx_word' id='word_1_575' title='bbox 2337 4212 2422 4276; x_wconf 93' lang='lat' dir='ltr'>obli-</span> 
     </span>
     <span class='ocr_line' id='line_1_41' title="bbox 379 4296 2420 4383; baseline 0 -25"><span class='ocrx_word' id='word_1_576' title='bbox 379 4374 382 4382; x_wconf 28' lang='grc'><strong>,</strong></span> <span class='ocrx_word' id='word_1_577' title='bbox 414 4296 469 4374; x_wconf 85' lang='grc'><strong>118,</strong></span> <span class='ocrx_word' id='word_1_578' title='bbox 492 4297 527 4359; x_wconf 91' lang='grc'>11</span> <span class='ocrx_word' id='word_1_579' title='bbox 550 4297 657 4361; x_wconf 86' lang='lat' dir='ltr'>officia</span> <span class='ocrx_word' id='word_1_580' title='bbox 678 4296 824 4360; x_wconf 89' lang='lat' dir='ltr'>caritatis</span> <span class='ocrx_word' id='word_1_581' title='bbox 846 4296 1080 4360; x_wconf 89' lang='lat' dir='ltr'>incumberent</span> <span class='ocrx_word' id='word_1_582' title='bbox 1130 4297 1206 4360; x_wconf 90' lang='lat' dir='ltr'>Non</span> <span class='ocrx_word' id='word_1_583' title='bbox 1228 4300 1391 4364; x_wconf 87' lang='lat' dir='ltr'>vovebant</span> <span class='ocrx_word' id='word_1_584' title='bbox 1443 4306 1532 4383; x_wconf 89' lang='lat' dir='ltr'>gant,</span> <span class='ocrx_word' id='word_1_585' title='bbox 1556 4298 1614 4363; x_wconf 91' lang='lat' dir='ltr'>sed</span> <span class='ocrx_word' id='word_1_586' title='bbox 1635 4300 1817 4364; x_wconf 87' lang='lat' dir='ltr'>necessario</span> <span class='ocrx_word' id='word_1_587' title='bbox 1839 4307 1917 4362; x_wconf 89' lang='lat' dir='ltr'>sunt</span> <span class='ocrx_word' id='word_1_588' title='bbox 1937 4298 2160 4363; x_wconf 89' lang='lat' dir='ltr'>rescindenda.</span> <span class='ocrx_word' id='word_1_589' title='bbox 2189 4297 2279 4378; x_wconf 78' lang='lat' dir='ltr'>Quid</span> <span class='ocrx_word' id='word_1_590' title='bbox 2299 4307 2420 4376; x_wconf 89' lang='lat' dir='ltr'>autem,</span> 
     </span>
     <span class='ocr_line' id='line_1_42' title="bbox 414 4380 2421 4467; baseline 0 -21"><span class='ocrx_word' id='word_1_591' title='bbox 414 4381 616 4460; x_wconf 88' lang='lat' dir='ltr'>caelibatum,</span> <span class='ocrx_word' id='word_1_592' title='bbox 640 4390 678 4445; x_wconf 95' lang='lat' dir='ltr'>ut</span> <span class='ocrx_word' id='word_1_593' title='bbox 699 4382 825 4445; x_wconf 90' lang='lat' dir='ltr'>cultum</span> <span class='ocrx_word' id='word_1_594' title='bbox 842 4380 918 4445; x_wconf 92' lang='lat' dir='ltr'>inde</span> <span class='ocrx_word' id='word_1_595' title='bbox 939 4381 1081 4464; x_wconf 88' lang='lat' dir='ltr'>aliquem</span> <span class='ocrx_word' id='word_1_596' title='bbox 1103 4382 1297 4447; x_wconf 82' lang='lat' dir='ltr'>exhiberent</span> <span class='ocrx_word' id='word_1_597' title='bbox 1319 4386 1390 4449; x_wconf 91' lang='lat' dir='ltr'>Deo</span> <span class='ocrx_word' id='word_1_598' title='bbox 1444 4384 1531 4467; x_wconf 94' lang='lat' dir='ltr'>quod</span> <span class='ocrx_word' id='word_1_599' title='bbox 1564 4406 1629 4448; x_wconf 92' lang='grc'>181</span> <span class='ocrx_word' id='word_1_600' title='bbox 1662 4392 1791 4448; x_wconf 90' lang='lat' dir='ltr'>tantum</span> <span class='ocrx_word' id='word_1_601' title='bbox 1819 4405 1879 4467; x_wconf 88' lang='lat' dir='ltr'>pro</span> <span class='ocrx_word' id='word_1_602' title='bbox 1912 4385 2016 4448; x_wconf 90' lang='lat' dir='ltr'>nihilo</span> <span class='ocrx_word' id='word_1_603' title='bbox 2045 4385 2259 4449; x_wconf 88' lang='lat' dir='ltr'>aestimantur</span> <span class='ocrx_word' id='word_1_604' title='bbox 2285 4384 2319 4446; x_wconf 92' lang='lat' dir='ltr'>in</span> <span class='ocrx_word' id='word_1_605' title='bbox 2341 4404 2421 4446; x_wconf 83' lang='lat' dir='ltr'>con·</span> 
     </span>
     <span class='ocr_line' id='line_1_43' title="bbox 414 4461 2422 4553; baseline 0.001 -22"><span class='ocrx_word' id='word_1_606' title='bbox 414 4466 540 4550; x_wconf 91' lang='lat' dir='ltr'>quoda</span> <span class='ocrx_word' id='word_1_607' title='bbox 561 4468 686 4549; x_wconf 90' lang='lat' dir='ltr'>nuptiis</span> <span class='ocrx_word' id='word_1_608' title='bbox 709 4467 925 4546; x_wconf 89' lang='lat' dir='ltr'>abstinerent;</span> <span class='ocrx_word' id='word_1_609' title='bbox 948 4467 1005 4532; x_wconf 90' lang='lat' dir='ltr'>sed</span> <span class='ocrx_word' id='word_1_610' title='bbox 1027 4475 1157 4532; x_wconf 88' lang='lat' dir='ltr'>tantum</span> <span class='ocrx_word' id='word_1_611' title='bbox 1179 4468 1265 4551; x_wconf 92' lang='lat' dir='ltr'>quod</span> <span class='ocrx_word' id='word_1_612' title='bbox 1282 4461 1396 4536; x_wconf 85' lang='grc'><strong>888811</strong></span> <span class='ocrx_word' id='word_1_613' title='bbox 1443 4481 1556 4553; x_wconf 90' lang='lat' dir='ltr'>spectu</span> <span class='ocrx_word' id='word_1_614' title='bbox 1577 4470 1650 4550; x_wconf 89' lang='lat' dir='ltr'>Dei,</span> <span class='ocrx_word' id='word_1_615' title='bbox 1674 4470 1731 4534; x_wconf 91' lang='lat' dir='ltr'>sed</span> <span class='ocrx_word' id='word_1_616' title='bbox 1753 4470 1985 4535; x_wconf 89' lang='lat' dir='ltr'>abominationi</span> <span class='ocrx_word' id='word_1_617' title='bbox 2005 4492 2132 4553; x_wconf 91' lang='lat' dir='ltr'>quoque</span> <span class='ocrx_word' id='word_1_618' title='bbox 2150 4470 2249 4534; x_wconf 83' lang='lat' dir='ltr'>sunt?</span> <span class='ocrx_word' id='word_1_619' title='bbox 2273 4477 2310 4533; x_wconf 92' lang='lat' dir='ltr'>ut</span> <span class='ocrx_word' id='word_1_620' title='bbox 2326 4469 2422 4551; x_wconf 87' lang='lat' dir='ltr'>prius</span> 
     </span>
     <span class='ocr_line' id='line_1_44' title="bbox 415 4552 2421 4638; baseline 0.001 -21"><span class='ocrx_word' id='word_1_621' title='bbox 415 4552 723 4635; x_wconf 85' lang='lat' dir='ltr'>adexsequendum</span> <span class='ocrx_word' id='word_1_622' title='bbox 744 4574 840 4618; x_wconf 89' lang='lat' dir='ltr'>suum</span> <span class='ocrx_word' id='word_1_623' title='bbox 868 4574 988 4617; x_wconf 92' lang='lat' dir='ltr'>munus</span> <span class='ocrx_word' id='word_1_624' title='bbox 1016 4553 1241 4635; x_wconf 87' lang='lat' dir='ltr'>expeditiores.</span> <span class='ocrx_word' id='word_1_625' title='bbox 1286 4557 1390 4621; x_wconf 91' lang='lat' dir='ltr'>Deni-</span> <span class='ocrx_word' id='word_1_626' title='bbox 1443 4557 1703 4621; x_wconf 90' lang='lat' dir='ltr'>demonstratum</span> <span class='ocrx_word' id='word_1_627' title='bbox 1725 4564 1783 4621; x_wconf 90' lang='lat' dir='ltr'>est.</span> <span class='ocrx_word' id='word_1_628' title='bbox 1819 4554 2069 4638; x_wconf 84' lang='lat' dir='ltr'>Supervacuum</span> <span class='ocrx_word' id='word_1_629' title='bbox 2087 4562 2136 4620; x_wconf 92' lang='lat' dir='ltr'>est</span> <span class='ocrx_word' id='word_1_630' title='bbox 2159 4555 2198 4619; x_wconf 92' lang='lat' dir='ltr'>de</span> <span class='ocrx_word' id='word_1_631' title='bbox 2218 4577 2253 4619; x_wconf 90' lang='lat' dir='ltr'>re</span> <span class='ocrx_word' id='word_1_632' title='bbox 2276 4577 2341 4619; x_wconf 93' lang='grc'>181</span> <span class='ocrx_word' id='word_1_633' title='bbox 2359 4577 2421 4619; x_wconf 88' lang='grc'>18-</span> 
     </span>
     <span class='ocr_line' id='line_1_45' title="bbox 413 4638 2422 4725; baseline 0.001 -22"><span class='ocrx_word' id='word_1_634' title='bbox 413 4659 477 4721; x_wconf 92' lang='lat' dir='ltr'>que</span> <span class='ocrx_word' id='word_1_635' title='bbox 497 4660 563 4703; x_wconf 90' lang='lat' dir='ltr'>non</span> <span class='ocrx_word' id='word_1_636' title='bbox 584 4640 748 4704; x_wconf 84' lang='lat' dir='ltr'>vovebant</span> <span class='ocrx_word' id='word_1_637' title='bbox 769 4638 823 4703; x_wconf 91' lang='lat' dir='ltr'>vel</span> <span class='ocrx_word' id='word_1_638' title='bbox 842 4638 977 4703; x_wconf 89' lang='lat' dir='ltr'>ineunte</span> <span class='ocrx_word' id='word_1_639' title='bbox 998 4638 1227 4720; x_wconf 88' lang='lat' dir='ltr'>adulescentia,</span> <span class='ocrx_word' id='word_1_640' title='bbox 1251 4642 1390 4707; x_wconf 84' lang='grc'><strong>181118-</strong></span> <span class='ocrx_word' id='word_1_641' title='bbox 1443 4643 1584 4707; x_wconf 90' lang='lat' dir='ltr'>cessaria</span> <span class='ocrx_word' id='word_1_642' title='bbox 1605 4642 1736 4725; x_wconf 90' lang='lat' dir='ltr'>longius</span> <span class='ocrx_word' id='word_1_643' title='bbox 1759 4642 1925 4707; x_wconf 90' lang='lat' dir='ltr'>disserere.</span> <span class='ocrx_word' id='word_1_644' title='bbox 1970 4642 2043 4706; x_wconf 88' lang='lat' dir='ltr'>Hoc</span> <span class='ocrx_word' id='word_1_645' title='bbox 2065 4663 2168 4704; x_wconf 93' lang='lat' dir='ltr'>unum</span> <span class='ocrx_word' id='word_1_646' title='bbox 2187 4649 2422 4724; x_wconf 87' lang='lat' dir='ltr'>argumentum</span> 
     </span>
     <span class='ocr_line' id='line_1_46' title="bbox 415 4723 2422 4811; baseline 0.001 -24"><span class='ocrx_word' id='word_1_647' title='bbox 415 4723 469 4788; x_wconf 94' lang='lat' dir='ltr'>dio</span> <span class='ocrx_word' id='word_1_648' title='bbox 492 4724 599 4789; x_wconf 89' lang='lat' dir='ltr'>adhuc</span> <span class='ocrx_word' id='word_1_649' title='bbox 622 4724 737 4789; x_wconf 88' lang='lat' dir='ltr'>aetatis</span> <span class='ocrx_word' id='word_1_650' title='bbox 759 4726 855 4802; x_wconf 89' lang='lat' dir='ltr'>flore,</span> <span class='ocrx_word' id='word_1_651' title='bbox 879 4732 916 4787; x_wconf 93' lang='lat' dir='ltr'>ut</span> <span class='ocrx_word' id='word_1_652' title='bbox 938 4746 1010 4789; x_wconf 90' lang='lat' dir='ltr'>sero</span> <span class='ocrx_word' id='word_1_653' title='bbox 1033 4732 1145 4807; x_wconf 89' lang='lat' dir='ltr'>postea</span> <span class='ocrx_word' id='word_1_654' title='bbox 1166 4729 1389 4810; x_wconf 89' lang='lat' dir='ltr'>experimento</span> <span class='ocrx_word' id='word_1_655' title='bbox 1442 4728 1484 4792; x_wconf 91' lang='lat' dir='ltr'>ad</span> <span class='ocrx_word' id='word_1_656' title='bbox 1511 4727 1675 4811; x_wconf 82' lang='lat' dir='ltr'>pacandas</span> <span class='ocrx_word' id='word_1_657' title='bbox 1698 4737 1730 4790; x_wconf 91' lang='lat' dir='ltr'>et</span> <span class='ocrx_word' id='word_1_658' title='bbox 1752 4728 1841 4791; x_wconf 89' lang='lat' dir='ltr'>omni</span> <span class='ocrx_word' id='word_1_659' title='bbox 1862 4728 2015 4809; x_wconf 89' lang='lat' dir='ltr'>scrupulo</span> <span class='ocrx_word' id='word_1_660' title='bbox 2039 4725 2225 4792; x_wconf 90' lang='lat' dir='ltr'>liberandas</span> <span class='ocrx_word' id='word_1_661' title='bbox 2250 4728 2320 4809; x_wconf 85' lang='lat' dir='ltr'>pias</span> <span class='ocrx_word' id='word_1_662' title='bbox 2342 4748 2422 4791; x_wconf 90' lang='lat' dir='ltr'>con·</span> 
     </span>
     <span class='ocr_line' id='line_1_47' title="bbox 414 4807 2417 4895; baseline 0.002 -23"><span class='ocrx_word' id='word_1_663' title='bbox 414 4807 578 4874; x_wconf 90' lang='lat' dir='ltr'>discerent</span> <span class='ocrx_word' id='word_1_664' title='bbox 598 4817 761 4892; x_wconf 91' lang='lat' dir='ltr'>quantum</span> <span class='ocrx_word' id='word_1_665' title='bbox 779 4831 814 4875; x_wconf 90' lang='lat' dir='ltr'>se</span> <span class='ocrx_word' id='word_1_666' title='bbox 832 4811 867 4873; x_wconf 94' lang='lat' dir='ltr'>in</span> <span class='ocrx_word' id='word_1_667' title='bbox 884 4811 1113 4894; x_wconf 90' lang='lat' dir='ltr'>praecipitium</span> <span class='ocrx_word' id='word_1_668' title='bbox 1132 4811 1309 4893; x_wconf 90' lang='lat' dir='ltr'>dedissent;</span> <span class='ocrx_word' id='word_1_669' title='bbox 1332 4813 1390 4878; x_wconf 88' lang='lat' dir='ltr'>sed</span> <span class='ocrx_word' id='word_1_670' title='bbox 1441 4816 1593 4879; x_wconf 89' lang='lat' dir='ltr'>scientias</span> <span class='ocrx_word' id='word_1_671' title='bbox 1611 4812 1740 4878; x_wconf 90' lang='lat' dir='ltr'>abunde</span> <span class='ocrx_word' id='word_1_672' title='bbox 1763 4835 1833 4877; x_wconf 92' lang='lat' dir='ltr'>esse</span> <span class='ocrx_word' id='word_1_673' title='bbox 1855 4814 1937 4876; x_wconf 91' lang='lat' dir='ltr'>mihi</span> <span class='ocrx_word' id='word_1_674' title='bbox 1949 4812 2090 4878; x_wconf 61' lang='grc'><strong>11118111</strong></span> <span class='ocrx_word' id='word_1_675' title='bbox 2115 4835 2327 4895; x_wconf 86' lang='lat' dir='ltr'>quaecunque</span> <span class='ocrx_word' id='word_1_676' title='bbox 2349 4835 2417 4877; x_wconf 93' lang='grc'>181</span> 
     </span>
     <span class='ocr_line' id='line_1_48' title="bbox 414 4896 2421 4982; baseline 0.003 -25"><span class='ocrx_word' id='word_1_677' title='bbox 414 4915 515 4975; x_wconf 94' lang='lat' dir='ltr'>quum</span> <span class='ocrx_word' id='word_1_678' title='bbox 549 4915 645 4963; x_wconf 83' lang='lat' dir='ltr'>omne</span> <span class='ocrx_word' id='word_1_679' title='bbox 672 4896 854 4977; x_wconf 89' lang='lat' dir='ltr'>periculum</span> <span class='ocrx_word' id='word_1_680' title='bbox 882 4918 1051 4978; x_wconf 90' lang='lat' dir='ltr'>superasse</span> <span class='ocrx_word' id='word_1_681' title='bbox 1082 4897 1287 4978; x_wconf 86' lang='lat' dir='ltr'>viderentur,</span> <span class='ocrx_word' id='word_1_682' title='bbox 1322 4922 1390 4965; x_wconf 92' lang='lat' dir='ltr'>non</span> <span class='ocrx_word' id='word_1_683' title='bbox 1442 4921 1484 4964; x_wconf 86' lang='lat' dir='ltr'>ex</span> <span class='ocrx_word' id='word_1_684' title='bbox 1505 4921 1586 4982; x_wconf 92' lang='lat' dir='ltr'>puro</span> <span class='ocrx_word' id='word_1_685' title='bbox 1604 4900 1691 4963; x_wconf 90' lang='grc'><strong>18118</strong></span> <span class='ocrx_word' id='word_1_686' title='bbox 1710 4907 1865 4963; x_wconf 87' lang='lat' dir='ltr'>emanant</span> <span class='ocrx_word' id='word_1_687' title='bbox 1883 4919 1989 4980; x_wconf 91' lang='lat' dir='ltr'>opera,</span> <span class='ocrx_word' id='word_1_688' title='bbox 2009 4899 2096 4962; x_wconf 89' lang='lat' dir='ltr'>etin</span> <span class='ocrx_word' id='word_1_689' title='bbox 2114 4899 2298 4982; x_wconf 87' lang='lat' dir='ltr'>legitimum</span> <span class='ocrx_word' id='word_1_690' title='bbox 2317 4900 2421 4963; x_wconf 90' lang='lat' dir='ltr'>finem</span> 
     </span>
     <span class='ocr_line' id='line_1_49' title="bbox 413 4979 2421 5067; baseline 0.003 -24"><span class='ocrx_word' id='word_1_691' title='bbox 413 4979 524 5043; x_wconf 89' lang='lat' dir='ltr'>minus</span> <span class='ocrx_word' id='word_1_692' title='bbox 555 4987 664 5043; x_wconf 93' lang='lat' dir='ltr'>tutum</span> <span class='ocrx_word' id='word_1_693' title='bbox 690 5002 788 5063; x_wconf 90' lang='lat' dir='ltr'>quam</span> <span class='ocrx_word' id='word_1_694' title='bbox 823 4990 972 5046; x_wconf 88' lang='lat' dir='ltr'>sanctum</span> <span class='ocrx_word' id='word_1_695' title='bbox 1001 4989 1113 5047; x_wconf 88' lang='lat' dir='ltr'>votum</span> <span class='ocrx_word' id='word_1_696' title='bbox 1145 4986 1387 5067; x_wconf 90' lang='lat' dir='ltr'>nuncupabant.</span> <span class='ocrx_word' id='word_1_697' title='bbox 1443 4985 1637 5067; x_wconf 90' lang='lat' dir='ltr'>diriguntur,</span> <span class='ocrx_word' id='word_1_698' title='bbox 1661 5005 1681 5047; x_wconf 90' lang='lat' dir='ltr'>a</span> <span class='ocrx_word' id='word_1_699' title='bbox 1702 4985 1773 5048; x_wconf 91' lang='lat' dir='ltr'>Deo</span> <span class='ocrx_word' id='word_1_700' title='bbox 1791 4984 1965 5066; x_wconf 90' lang='lat' dir='ltr'>repudiari,</span> <span class='ocrx_word' id='word_1_701' title='bbox 1989 4993 2022 5049; x_wconf 90' lang='lat' dir='ltr'>et</span> <span class='ocrx_word' id='word_1_702' title='bbox 2043 4985 2090 5050; x_wconf 91' lang='grc'>118</span> <span class='ocrx_word' id='word_1_703' title='bbox 2110 4984 2277 5067; x_wconf 90' lang='lat' dir='ltr'>repudiari</span> <span class='ocrx_word' id='word_1_704' title='bbox 2295 4992 2334 5047; x_wconf 92' lang='lat' dir='ltr'>ut</span> <span class='ocrx_word' id='word_1_705' title='bbox 2352 5007 2421 5049; x_wconf 92' lang='lat' dir='ltr'>non</span> 
     </span>
     <span class='ocr_line' id='line_1_50' title="bbox 413 5064 2420 5154; baseline 0.004 -27"><span class='ocrx_word' id='word_1_706' title='bbox 413 5064 551 5140; x_wconf 83' lang='lat' dir='ltr'>Verum,</span> <span class='ocrx_word' id='word_1_707' title='bbox 570 5072 606 5127; x_wconf 92' lang='lat' dir='ltr'>ut</span> <span class='ocrx_word' id='word_1_708' title='bbox 628 5064 692 5129; x_wconf 92' lang='lat' dir='ltr'>duo</span> <span class='ocrx_word' id='word_1_709' title='bbox 712 5068 821 5148; x_wconf 87' lang='lat' dir='ltr'>priora</span> <span class='ocrx_word' id='word_1_710' title='bbox 837 5072 907 5131; x_wconf 90' lang='lat' dir='ltr'>non</span> <span class='ocrx_word' id='word_1_711' title='bbox 920 5090 1065 5151; x_wconf 87' lang='lat' dir='ltr'>urgeam,</span> <span class='ocrx_word' id='word_1_712' title='bbox 1087 5068 1157 5133; x_wconf 90' lang='lat' dir='ltr'>dico</span> <span class='ocrx_word' id='word_1_713' title='bbox 1174 5070 1266 5135; x_wconf 87' lang='lat' dir='ltr'>nefas</span> <span class='ocrx_word' id='word_1_714' title='bbox 1288 5071 1389 5135; x_wconf 84' lang='lat' dir='ltr'>fuisse</span> <span class='ocrx_word' id='word_1_715' title='bbox 1442 5072 1550 5134; x_wconf 92' lang='lat' dir='ltr'>minus</span> <span class='ocrx_word' id='word_1_716' title='bbox 1572 5071 1608 5132; x_wconf 94' lang='lat' dir='ltr'>in</span> <span class='ocrx_word' id='word_1_717' title='bbox 1629 5069 1696 5134; x_wconf 88' lang='lat' dir='ltr'>illis</span> <span class='ocrx_word' id='word_1_718' title='bbox 1718 5091 1870 5153; x_wconf 90' lang='lat' dir='ltr'>pergere,</span> <span class='ocrx_word' id='word_1_719' title='bbox 1894 5093 1992 5153; x_wconf 90' lang='lat' dir='ltr'>quam</span> <span class='ocrx_word' id='word_1_720' title='bbox 2010 5072 2082 5154; x_wconf 88' lang='lat' dir='ltr'>ipsa</span> <span class='ocrx_word' id='word_1_721' title='bbox 2103 5071 2256 5136; x_wconf 89' lang='lat' dir='ltr'>inchoare</span> <span class='ocrx_word' id='word_1_722' title='bbox 2278 5092 2337 5134; x_wconf 88' lang='grc'>188</span> <span class='ocrx_word' id='word_1_723' title='bbox 2362 5093 2420 5135; x_wconf 91' lang='lat' dir='ltr'>ve·</span> 
     </span>
     <span class='ocr_line' id='line_1_51' title="bbox 415 5148 2420 5240; baseline 0.002 -24"><span class='ocrx_word' id='word_1_724' title='bbox 415 5149 457 5230; x_wconf 85' lang='lat' dir='ltr'>ad</span> <span class='ocrx_word' id='word_1_725' title='bbox 479 5148 661 5216; x_wconf 84' lang='lat' dir='ltr'>vovendam</span> <span class='ocrx_word' id='word_1_726' title='bbox 683 5153 918 5217; x_wconf 88' lang='lat' dir='ltr'>continentiam</span> <span class='ocrx_word' id='word_1_727' title='bbox 940 5155 1038 5236; x_wconf 89' lang='lat' dir='ltr'>recipi</span> <span class='ocrx_word' id='word_1_728' title='bbox 1062 5154 1215 5220; x_wconf 88' lang='lat' dir='ltr'>mulieres</span> <span class='ocrx_word' id='word_1_729' title='bbox 1233 5164 1308 5220; x_wconf 87' lang='lat' dir='ltr'>ante</span> <span class='ocrx_word' id='word_1_730' title='bbox 1331 5178 1389 5220; x_wconf 92' lang='lat' dir='ltr'>an·</span> <span class='ocrx_word' id='word_1_731' title='bbox 1441 5165 1497 5220; x_wconf 89' lang='grc'><strong>181.</strong></span> <span class='ocrx_word' id='word_1_732' title='bbox 1533 5155 1617 5220; x_wconf 92' lang='lat' dir='ltr'>Inde</span> <span class='ocrx_word' id='word_1_733' title='bbox 1639 5157 1728 5220; x_wconf 89' lang='lat' dir='ltr'>enim</span> <span class='ocrx_word' id='word_1_734' title='bbox 1749 5158 1927 5236; x_wconf 87' lang='lat' dir='ltr'>conficitur,</span> <span class='ocrx_word' id='word_1_735' title='bbox 1949 5179 2033 5240; x_wconf 88' lang='lat' dir='ltr'>quae</span> <span class='ocrx_word' id='word_1_736' title='bbox 2055 5159 2095 5223; x_wconf 89' lang='lat' dir='ltr'>ab</span> <span class='ocrx_word' id='word_1_737' title='bbox 2118 5178 2227 5221; x_wconf 87' lang='lat' dir='ltr'>errore</span> <span class='ocrx_word' id='word_1_738' title='bbox 2249 5165 2283 5220; x_wconf 91' lang='lat' dir='ltr'>et</span> <span class='ocrx_word' id='word_1_739' title='bbox 2305 5179 2420 5239; x_wconf 89' lang='lat' dir='ltr'>super-</span> 
     </span>
     <span class='ocr_line' id='line_1_52' title="bbox 413 5236 2419 5326; baseline 0.002 -25"><span class='ocrx_word' id='word_1_740' title='bbox 413 5258 495 5301; x_wconf 92' lang='lat' dir='ltr'>num</span> <span class='ocrx_word' id='word_1_741' title='bbox 522 5236 762 5320; x_wconf 84' lang='lat' dir='ltr'>sexagesimum</span> <span class='ocrx_word' id='word_1_742' title='bbox 769 5262 776 5317; x_wconf 92' lang='lat'>;</span> <span class='ocrx_word' id='word_1_743' title='bbox 811 5260 913 5320; x_wconf 91' lang='lat' dir='ltr'>quum</span> <span class='ocrx_word' id='word_1_744' title='bbox 942 5240 1105 5321; x_wconf 90' lang='lat' dir='ltr'>apostolus</span> <span class='ocrx_word' id='word_1_745' title='bbox 1136 5241 1221 5306; x_wconf 88' lang='lat' dir='ltr'>solas</span> <span class='ocrx_word' id='word_1_746' title='bbox 1253 5263 1389 5326; x_wconf 86' lang='lat' dir='ltr'>sexage-</span> <span class='ocrx_word' id='word_1_747' title='bbox 1442 5242 1573 5306; x_wconf 90' lang='lat' dir='ltr'>stitione</span> <span class='ocrx_word' id='word_1_748' title='bbox 1606 5243 1750 5325; x_wconf 88' lang='lat' dir='ltr'>profecta</span> <span class='ocrx_word' id='word_1_749' title='bbox 1783 5251 1861 5309; x_wconf 90' lang='lat' dir='ltr'>sunt</span> <span class='ocrx_word' id='word_1_750' title='bbox 1887 5251 1976 5322; x_wconf 90' lang='lat' dir='ltr'>vota,</span> <span class='ocrx_word' id='word_1_751' title='bbox 2011 5252 2044 5308; x_wconf 92' lang='lat' dir='ltr'>et</span> <span class='ocrx_word' id='word_1_752' title='bbox 2072 5243 2195 5307; x_wconf 87' lang='lat' dir='ltr'>nullius</span> <span class='ocrx_word' id='word_1_753' title='bbox 2228 5264 2308 5321; x_wconf 75' lang='grc' dir='ltr'>8888ι</span> <span class='ocrx_word' id='word_1_754' title='bbox 2331 5242 2419 5324; x_wconf 90' lang='lat' dir='ltr'>apud</span> 
     </span>
     <span class='ocr_line' id='line_1_53' title="bbox 413 5322 2162 5410; baseline 0.003 -23"><span class='ocrx_word' id='word_1_755' title='bbox 413 5323 523 5387; x_wconf 82' lang='lat' dir='ltr'>nerias</span> <span class='ocrx_word' id='word_1_756' title='bbox 551 5322 718 5401; x_wconf 88' lang='lat' dir='ltr'>admittat,</span> <span class='ocrx_word' id='word_1_757' title='bbox 748 5324 892 5387; x_wconf 90' lang='lat' dir='ltr'>iuniores</span> <span class='ocrx_word' id='word_1_758' title='bbox 920 5323 1042 5389; x_wconf 90' lang='lat' dir='ltr'>nubere</span> <span class='ocrx_word' id='word_1_759' title='bbox 1065 5334 1099 5389; x_wconf 91' lang='grc'>81</span> <span class='ocrx_word' id='word_1_760' title='bbox 1127 5326 1246 5393; x_wconf 87' lang='lat' dir='ltr'>hberos</span> <span class='ocrx_word' id='word_1_761' title='bbox 1275 5349 1389 5410; x_wconf 90' lang='lat' dir='ltr'>parere</span> <span class='ocrx_word' id='word_1_762' title='bbox 1442 5327 1554 5393; x_wconf 92' lang='lat' dir='ltr'>Deum</span> <span class='ocrx_word' id='word_1_763' title='bbox 1576 5330 1742 5409; x_wconf 90' lang='lat' dir='ltr'>momenti,</span> <span class='ocrx_word' id='word_1_764' title='bbox 1765 5338 1799 5394; x_wconf 92' lang='lat' dir='ltr'>et</span> <span class='ocrx_word' id='word_1_765' title='bbox 1820 5352 1841 5395; x_wconf 90' lang='lat' dir='ltr'>a</span> <span class='ocrx_word' id='word_1_766' title='bbox 1861 5330 1954 5395; x_wconf 91' lang='lat' dir='ltr'>nobis</span> <span class='ocrx_word' id='word_1_767' title='bbox 1976 5327 2162 5394; x_wconf 88' lang='lat' dir='ltr'>deserenda</span> 
     </span>
     <span class='ocr_line' id='line_1_54' title="bbox 414 5407 1456 5493; baseline 0.004 -22"><span class='ocrx_word' id='word_1_768' title='bbox 414 5408 533 5473; x_wconf 90' lang='lat' dir='ltr'>iubeat.</span> <span class='ocrx_word' id='word_1_769' title='bbox 578 5409 668 5493; x_wconf 85' lang='lat' dir='ltr'>Ergo</span> <span class='ocrx_word' id='word_1_770' title='bbox 689 5430 750 5473; x_wconf 91' lang='lat' dir='ltr'>nec</span> <span class='ocrx_word' id='word_1_771' title='bbox 767 5407 825 5472; x_wconf 91' lang='lat' dir='ltr'>illa</span> <span class='ocrx_word' id='word_1_772' title='bbox 845 5409 989 5491; x_wconf 91' lang='lat' dir='ltr'>primum</span> <span class='ocrx_word' id='word_1_773' title='bbox 1007 5408 1187 5490; x_wconf 87' lang='lat' dir='ltr'>duodecim,</span> <span class='ocrx_word' id='word_1_774' title='bbox 1207 5414 1323 5479; x_wconf 92' lang='lat' dir='ltr'>deinde</span> <span class='ocrx_word' id='word_1_775' title='bbox 1340 5415 1389 5478; x_wconf 91' lang='lat' dir='ltr'>vi-</span> <span class='ocrx_word' id='word_1_776' title='bbox 1443 5470 1456 5475; x_wconf 88' lang='lat'>-</span> 
     </span>
     <span class='ocr_line' id='line_1_55' title="bbox 414 5493 2416 5604; baseline 0.004 -49"><span class='ocrx_word' id='word_1_777' title='bbox 414 5493 513 5577; x_wconf 86' lang='lat' dir='ltr'>ginti,</span> <span class='ocrx_word' id='word_1_778' title='bbox 543 5494 820 5593; x_wconf 29' lang='lat' dir='ltr'>posteantriginta</span> <span class='ocrx_word' id='word_1_779' title='bbox 846 5516 1007 5558; x_wconf 91' lang='lat' dir='ltr'>annorum</span> <span class='ocrx_word' id='word_1_780' title='bbox 1029 5496 1115 5596; x_wconf 83' lang='lat' dir='ltr'>facta</span> <span class='ocrx_word' id='word_1_781' title='bbox 1141 5498 1299 5599; x_wconf 83' lang='lat' dir='ltr'>relaxatio</span> <span class='ocrx_word' id='word_1_782' title='bbox 1321 5499 1388 5563; x_wconf 92' lang='lat' dir='ltr'>ullo</span> <span class='ocrx_word' id='word_1_783' title='bbox 1512 5551 1527 5602; x_wconf 70' lang='lat'>1</span> <span class='ocrx_word' id='word_1_784' title='bbox 1564 5550 1597 5604; x_wconf 67' lang='lat' dir='ltr'>S.</span> <span class='ocrx_word' id='word_1_785' title='bbox 1628 5553 1638 5604; x_wconf 90' lang='lat' dir='ltr'>l</span> <span class='ocrx_word' id='word_1_786' title='bbox 1872 5553 1878 5563; x_wconf 90' lang='lat'>.</span> <span class='ocrx_word' id='word_1_787' title='bbox 1908 5550 1977 5603; x_wconf 83' lang='lat'>1590</span> <span class='ocrx_word' id='word_1_788' title='bbox 2015 5557 2071 5604; x_wconf 46' lang='grc' dir='ltr'>ΗΘ</span> <span class='ocrx_word' id='word_1_789' title='bbox 2124 5557 2153 5604; x_wconf 61' lang='lat' dir='ltr'><em>m</em></span> <span class='ocrx_word' id='word_1_790' title='bbox 2169 5566 2181 5603; x_wconf 63' lang='lat'><strong><em>3</em></strong></span> <span class='ocrx_word' id='word_1_791' title='bbox 2199 5549 2237 5603; x_wconf 61' lang='lat' dir='ltr'>ad</span> <span class='ocrx_word' id='word_1_792' title='bbox 2258 5565 2342 5602; x_wconf 63' lang='lat' dir='ltr'>mm</span> <span class='ocrx_word' id='word_1_793' title='bbox 2360 5565 2416 5602; x_wconf 43' lang='lat' dir='ltr'>om·</span> 
     </span>
     <span class='ocr_line' id='line_1_56' title="bbox 413 5551 2417 5689; baseline 0.004 -49"><span class='ocrx_word' id='word_1_794' title='bbox 413 5578 509 5642; x_wconf 91' lang='lat' dir='ltr'>modo</span> <span class='ocrx_word' id='word_1_795' title='bbox 529 5600 677 5676; x_wconf 75' lang='lat' dir='ltr'>excusari</span> <span class='ocrx_word' id='word_1_796' title='bbox 698 5587 820 5662; x_wconf 90' lang='lat' dir='ltr'>potest;</span> <span class='ocrx_word' id='word_1_797' title='bbox 840 5586 873 5642; x_wconf 92' lang='lat' dir='ltr'>et</span> <span class='ocrx_word' id='word_1_798' title='bbox 895 5580 998 5644; x_wconf 89' lang='lat' dir='ltr'>multo</span> <span class='ocrx_word' id='word_1_799' title='bbox 1026 5602 1135 5648; x_wconf 83' lang='lat' dir='ltr'>minus</span> <span class='ocrx_word' id='word_1_800' title='bbox 1154 5583 1322 5651; x_wconf 86' lang='lat' dir='ltr'>tolerabile</span> <span class='ocrx_word' id='word_1_801' title='bbox 1340 5591 1390 5650; x_wconf 90' lang='lat' dir='ltr'>est</span> <span class='ocrx_word' id='word_1_802' title='bbox 1442 5634 1490 5672; x_wconf 62' lang='lat' dir='ltr'><strong><em>m</em></strong></span> <span class='ocrx_word' id='word_1_803' title='bbox 1525 5551 1551 5673; x_wconf 57' lang='grc' dir='ltr'>ἒ,</span> <span class='ocrx_word' id='word_1_804' title='bbox 1567 5569 1611 5675; x_wconf 60' lang='grc' dir='ltr'>,ξὲ</span> <span class='ocrx_word' id='word_1_805' title='bbox 1638 5558 1728 5689; x_wconf 50' lang='lat' dir='ltr'>w,</span> <span class='ocrx_word' id='word_1_806' title='bbox 1736 5559 1911 5687; x_wconf 48' lang='grc' dir='ltr'>εξαᾘὲζί,</span> <span class='ocrx_word' id='word_1_807' title='bbox 1934 5622 1964 5673; x_wconf 75' lang='lat' dir='ltr'>in</span> <span class='ocrx_word' id='word_1_808' title='bbox 1987 5566 2141 5673; x_wconf 40' lang='lat' dir='ltr'>,affligem</span> <span class='ocrx_word' id='word_1_809' title='bbox 2153 5566 2336 5687; x_wconf 49' lang='lat' dir='ltr'>‘gramm</span> <span class='ocrx_word' id='word_1_810' title='bbox 2355 5634 2417 5672; x_wconf 59' lang='lat' dir='ltr'>mm</span> 
     </span>
     <span class='ocr_line' id='line_1_57' title="bbox 414 5661 2417 5756; baseline 0.006 -29"><span class='ocrx_word' id='word_1_811' title='bbox 414 5662 501 5744; x_wconf 90' lang='lat' dir='ltr'>quod</span> <span class='ocrx_word' id='word_1_812' title='bbox 522 5685 661 5729; x_wconf 86' lang='lat' dir='ltr'>miserae</span> <span class='ocrx_word' id='word_1_813' title='bbox 682 5664 819 5747; x_wconf 88' lang='lat' dir='ltr'>puellae,</span> <span class='ocrx_word' id='word_1_814' title='bbox 841 5673 1016 5747; x_wconf 89' lang='lat' dir='ltr'>antequam</span> <span class='ocrx_word' id='word_1_815' title='bbox 1037 5668 1091 5732; x_wconf 81' lang='lat' dir='ltr'>vel</span> <span class='ocrx_word' id='word_1_816' title='bbox 1113 5691 1172 5751; x_wconf 89' lang='lat' dir='ltr'>per</span> <span class='ocrx_word' id='word_1_817' title='bbox 1193 5678 1332 5742; x_wconf 78' lang='lat' dir='ltr'>aetatem</span> <span class='ocrx_word' id='word_1_818' title='bbox 1355 5694 1389 5737; x_wconf 93' lang='lat' dir='ltr'>se</span> <span class='ocrx_word' id='word_1_819' title='bbox 1442 5661 1577 5744; x_wconf 76' lang='lat' dir='ltr'>ed&#39;1539.</span> <span class='ocrx_word' id='word_1_820' title='bbox 1628 5697 1734 5744; x_wconf 73' lang='grc'><strong>88888</strong></span> <span class='ocrx_word' id='word_1_821' title='bbox 1751 5686 2145 5756; x_wconf 71' lang='lat' dir='ltr'>omnes(1ooa-1585)maa</span> <span class='ocrx_word' id='word_1_822' title='bbox 2163 5688 2272 5743; x_wconf 71' lang='grc'><strong>181881</strong></span> <span class='ocrx_word' id='word_1_823' title='bbox 2292 5687 2417 5756; x_wconf 85' lang='lat' dir='ltr'>siquod.</span> 
     </span>
    </p>
   </div>
   <div class='ocr_carea' id='block_1_5' title="bbox 0 0 2804 6807">
    <p class='ocr_par' dir='ltr' id='par_1_5' title="bbox 0 0 2804 6807">
     <span class='ocr_line' id='line_1_58' title="bbox 0 0 2804 6807; baseline 0 0"><span class='ocrx_word' id='word_1_824' title='bbox 0 0 2804 6807; x_wconf 95' lang='lat' dir='ltr'> </span> 
     </span>
    </p>
   </div>
  </div>
 </body>
</html>
