5600 6809
391 767 450 830 901
741 760 831 826 LIB.
854 759 916 825 IV.
959 761 1022 825 DE
1044 756 1281 825 uxuuRNIs
1301 755 1469 824 MEDIIS
1492 756 1557 822 AD
1580 754 1812 824 §taurula
1856 757 1956 826 CAP.
1978 756 2042 827 XL
2334 765 2398 828 902

389 950 538 1034 superior
571 949 776 1033 (Eugenium
808 968 928 1031 papam
962 946 1153 1030 alloquitur)
1189 946 1230 1012 ad
1263 946 1362 1029 quid?
1418 945 1677 1010 commentitium
1698 946 1760 1012 hoc
1782 947 1957 1030 imperium
1985 949 2091 1032 coepit
2112 972 2290 1035 emergere,
2314 973 2398 1017 non·

389 1058 456 1101 non
483 1037 572 1101 enim
600 1033 641 1099 ad
668 1033 915 1112 dominandum,
946 1034 1075 1116 opiner;
1103 1054 1163 1097 nos
1192 1033 1303 1115 igitur,
1327 1040 1364 1098 ut
1417 1031 1496 1095 dum
1516 1031 1619 1113 elapsi
1638 1039 1717 1097 sunt
1734 1033 1814 1097 anni
1831 1033 2003 1116 quingenti
2020 1057 2123 1117 quum
2144 1037 2181 1100 in
2198 1037 2397 1104 subiectione

389 1123 532 1187 multum
559 1122 738 1187 sentiamus
765 1119 805 1184 de
827 1120 931 1197 nobis,
960 1119 1209 1183 meminerimus
1230 1120 1364 1201 imposi·
1416 1117 1601 1199 principum
1624 1118 1731 1182 adhuc
1753 1119 1932 1183 manebant
1957 1122 2137 1204 pontifices,
2166 1144 2227 1188 nec
2249 1124 2397 1204 pontifex

390 1216 460 1272 tum
482 1207 715 1283 ministerium,
738 1225 807 1268 non
828 1205 1011 1269 dominium
1033 1203 1160 1268 datum:
1185 1204 1272 1269 disee
1294 1225 1364 1268 sar·
1417 1204 1487 1268 sine
1510 1204 1716 1286 imperatoris
1738 1206 1915 1269 autoritate
1944 1206 2127 1272 creabatur.
2172 1209 2285 1274 Huius
2308 1208 2396 1273 ordi·

389 1294 462 1359 culo
480 1293 541 1357 tibi
558 1314 639 1374 opus
656 1314 735 1370 esse,
760 1312 826 1356 non
848 1305 984 1373 sceptro,
1007 1298 1045 1354 ut
1066 1312 1146 1373 opus
1168 1291 1268 1355 facias
1288 1312 1364 1373 pro·
1417 1289 1470 1353 nis
1497 1289 1641 1354 novandi
1669 1290 1872 1356 occasionem
1900 1293 2053 1382 praebuit
2075 1293 2237 1378 Gregorio
2259 1296 2398 1377 septimo

388 1378 515 1462 phetae.
571 1380 671 1443 Item:
705 1378 842 1460 planum
874 1385 938 1455 est,
972 1376 1126 1458 apostolis
1159 1375 1365 1440 interdicitur
1417 1375 1596 1457 imperator
1617 1375 1825 1453 Henrichus‚
1854 1376 1924 1442 eius
1952 1379 2095 1443 nominis
2117 1388 2269 1461 quartus,
2298 1381 2397 1445 home

388 1464 588 1544 dominatus,
609 1466 620 1528 i
643 1485 719 1547 ergo
738 1471 783 1540 tu,
807 1471 841 1528 ot
862 1462 922 1526 tibi
944 1483 1104 1544 usurpare
1127 1461 1210 1526 aude
1228 1468 1286 1526 aut
1308 1462 1364 1526 do·
1416 1460 1499 1525 levis
1529 1470 1563 1524 et
1591 1462 1793 1540 temerarius,
1822 1462 1946 1527 nullius
1973 1466 2109 1544 consilii,
2132 1487 2273 1548 magnae
2296 1465 2398 1530 auda-

386 1550 518 1614 minans
554 1550 791 1633 apostolatum,
831 1556 888 1613 aut
921 1548 1117 1631 apostoliens
1151 1546 1362 1612 dominatum.
1417 1547 1487 1611 ciac
1509 1553 1542 1611 et
1562 1549 1648 1612 vitae
1671 1546 1854 1613 dissolutae.
1891 1548 1978 1612 Nam
2000 1571 2101 1631 quum
2122 1553 2326 1634 episcopatus
2345 1559 2398 1615 to·

388 1638 433 1700 Et
455 1637 609 1700 continuo
631 1644 717 1718 post:
747 1636 854 1698 forma
876 1633 1053 1717 apostolica
1074 1633 1156 1698 haec
1178 1640 1236 1711 est,
1261 1633 1365 1698 domi-
1417 1632 1484 1696 tius
1504 1633 1703 1698 Germaniae
1721 1633 1857 1698 baberet
1874 1635 1910 1698 in
1931 1634 2005 1699 aula
2027 1656 2087 1700 sua
2109 1638 2230 1719 partim
2252 1637 2395 1717 venales,

387 1722 477 1785 natio
494 1720 711 1799 interdicitur,
734 1719 891 1785 indicitur
908 1720 1115 1785 ministratio.
1152 1719 1244 1784 Haec
1263 1740 1365 1801 quum
1417 1720 1539 1800 partim
1566 1719 1708 1800 praedae
1737 1721 1912 1801 expositos,
1935 1721 2192 1800 Hildebrandus,
2215 1724 2272 1805 qui
2293 1724 2397 1789 laces·
2443 1802 2445 1808 Ι

389 1808 429 1872 ab
457 1808 591 1872 homine
620 1809 666 1873 sic
696 1806 783 1872 dicta
805 1807 873 1872 sint
895 1813 932 1870 ut
952 1807 1058 1888 ipsam
1079 1805 1254 1870 veritatem
1275 1804 1365 1886 loqui
1418 1805 1501 1868 situs
1524 1803 1565 1867 ab
1587 1826 1624 1869 eo
1647 1807 1762 1882 fuerat,
1785 1805 1989 1888 plausibilem
2007 1816 2219 1890 praetextum
2246 1809 2397 1893 arripuit,

388 1893 541 1958 omnibus
561 1894 669 1975 palam
692 1894 744 1970 sit,
774 1895 839 1956 imo
868 1913 970 1974 quum
993 1892 1062 1956 sine
1084 1890 1160 1955 ullis
1180 1892 1289 1956 vorbis
1312 1913 1364 1956 res
1419 1911 1482 1972 quo
1511 1911 1546 1954 se
1568 1892 1765 1956 vendicaret.
1818 1890 1906 1971 Quia
1934 1901 2045 1956 autem
2072 1893 2245 1958 videbatur
2277 1895 2398 1959 bonam

388 1980 461 2060 ipsa
477 1986 598 2060 pateat,
618 1979 701 2043 nihil
719 1986 831 2042 tamen
847 1977 966 2061 puduit
988 1998 1161 2040 romanum
1179 1978 1364 2058 pontificem
1419 1983 1452 2039 et
1479 1977 1567 2057 piam
1596 1998 1729 2042 causam
1766 1998 1878 2058 agere,
1914 1977 2093 2042 multorum
2121 1980 2231 2044 favore
2260 1979 2397 2046 adiuva·

387 2066 424 2127 in
441 2065 578 2129 concilio
597 2065 771 2130 arelatensi
790 2064 974 2140 decernere,
996 2083 1187 2143 supremum
1209 2064 1260 2128 ius
1283 2063 1365 2127 utri-
1418 2062 1524 2125 batur.
1569 2063 1615 2124 Et
1637 2072 1709 2127 erat
1729 2062 1850 2144 alioqui
1871 2062 2070 2141 Henrichus‚
2100 2072 2233 2147 propter
2254 2065 2397 2129 insolen-

389 2171 492 2232 usque
515 2150 614 2233 gladii
637 2151 698 2215 sibi
719 2158 901 2232 competere
923 2150 993 2212 iure
1016 2148 1137 2212 divino.
1419 2148 1536 2211 tiorem
1558 2147 1810 2214 administrandi
1832 2150 2001 2226 rationem,
2024 2150 2189 2233 plerisque
2211 2151 2398 2232 principum

417 2267 418 2270 ¹
479 2240 525 2299 12.
572 2235 744 2316 Quantum
765 2235 806 2299 ad
829 2234 1040 2300 Constantini
1062 2233 1270 2299 donationem
1292 2256 1365 2316 per·
1419 2253 1546 2298 exosus.
1592 2235 1739 2300 Tandem
1767 2233 2029 2312 Hildcbrandus,
2056 2237 2110 2318 qui
2139 2259 2173 2300 so
2197 2236 2397 2319 Gregorium

390 2322 481 2398 tinet,
505 2323 561 2404 qui
579 2322 785 2387 mediocriter
806 2323 841 2384 in
864 2322 993 2385 illorum
1013 2330 1197 2402 temporum
1219 2321 1364 2386 historiis
1419 2320 1595 2401 septimum
1621 2323 1772 2398 vocabat,
1809 2327 1848 2384 ut
1875 2327 1947 2385 erat
1973 2321 2072 2385 homo
2098 2322 2249 2404 impurus
2278 2330 2312 2385 et
2338 2342 2397 2386 ne·

389 2409 511 2472 versati
533 2415 619 2486 sunt,
642 2429 709 2472 non
738 2429 818 2489 opus
848 2408 970 2471 babent
992 2406 1097 2470 doceri
1119 2427 1218 2488 quam
1240 2407 1365 2470 sithoc
1418 2427 1531 2485 quam,
1567 2407 1668 2469 animi
1702 2410 1752 2472 sui
1786 2406 1946 2470 malitiam
1974 2407 2125 2488 prodidit.
2176 2406 2269 2487 Quae
2297 2428 2397 2472 causa

389 2514 455 2556 non
477 2492 573 2557 modo
591 2494 783 2571 fabulosum,
807 2492 864 2557 sed
887 2493 986 2556 etiam
1008 2492 1192 2557 ridiculum.
1239 2490 1307 2557 Sed
1328 2498 1366 2556 ut
1417 2491 1482 2554 fuit
1507 2499 1544 2554 ut
1573 2512 1593 2554 a
1618 2493 1730 2558 multis
1759 2493 1815 2574 qui
1843 2514 1918 2557 cum
1933 2512 1984 2558 .eo
2007 2495 2274 2575 conspiraverant
2296 2491 2397 2557 desti·

389 2579 588 2643 omittamus
603 2580 766 2654 historias,
790 2601 876 2643 unus
899 2579 1080 2662 Gregorius
1094 2577 1118 2662 ¹)
1143 2578 1243 2643 huius
1264 2579 1313 2641 rei
1332 2584 1366 2643 et
1418 2584 1576 2640 tueretur.
1628 2577 1702 2642 Hoc
1734 2586 1845 2644 tamen
1871 2579 2025 2660 profecit,
2056 2588 2094 2643 ιιι
2121 2581 2256 2661 impune
2284 2579 2398 2643 liceret

389 2664 525 2729 idoneus
554 2672 587 2728 et
613 2665 885 2746 locupletissimus
913 2674 963 2729 est
985 2665 1086 2730 testis.
1131 2664 1219 2728 Nam
1240 2665 1366 2745 quotics
1407 2662 1660 2727 successoribus
1682 2686 1748 2728 non
1775 2663 1871 2727 modo
1900 2666 2016 2746 iugum
2038 2672 2192 2730 excutere
2214 2663 2271 2729 sed
2294 2665 2398 2746 impe-

390 2749 429 2814 de
450 2751 647 2831 imperatore
669 2751 821 2832 loquitur,
844 2752 1091 2815 serenissimum
1119 2750 1288 2813 dominum
1309 2771 1366 2815 vo-
1418 2755 1543 2812 ratores
1571 2769 1698 2831 quoque
1721 2750 1878 2814 obnoxios
1905 2750 1967 2814 sibi
1995 2752 2109 2815 facere.
2155 2750 2233 2815 Huc
2262 2749 2400 2814 accessit

388 2843 450 2912 eat,
481 2843 514 2899 et
542 2857 577 2900 se
605 2836 779 2919 indignum
808 2836 877 2900 eius
904 2857 1045 2901 servum.
1090 2836 1176 2899 Item
1199 2835 1290 2899 alibi:
1314 2857 1366 2899 sa-
1420 2833 1505 2915 quod
1539 2833 1635 2897 multi
1668 2834 1784 2900 deinde
1819 2835 1953 2898 fuerunt
1987 2837 2201 2918 imperatores
2228 2834 2399 2900 Henricho

388 2920 573 2986 cerdotibus
596 2931 707 2987 autem
729 2942 796 2985 non
818 2943 861 2985 ex
879 2929 1010 2986 terrena
1032 2929 1193 3004 potestate
1216 2920 1365 2986 dominus
1419 2919 1592 2984 similiores
1619 2941 1719 3002 quam
1746 2920 1832 2985 Iulio
1862 2920 2011 2984 Caesari:
2045 2943 2124 3003 quos
2152 2920 2303 3004 subigere
2331 2942 2399 2985 non

388 3017 502 3070 noster
529 3007 624 3072 citius
652 3007 856 3091 indignetur,
895 3007 952 3071 scd
981 3008 1151 3072 excellenti
1179 3008 1365 3072 considera·
1417 3005 1481 3069 luit
1509 3005 1649 3080 difficile,
1680 3028 1782 3089 quum
1810 3005 1898 3069 domi
1923 3028 2035 3069 rerum
2065 3007 2213 3070 omnium
2236 3008 2343 3071 securi
2365 3011 2400 3069 et

389 3093 485 3170 tione,
515 3102 649 3175 propter
677 3115 752 3158 eum
780 3093 873 3158 cuius
902 3093 988 3159 servi
1017 3103 1103 3170 sunt,
1127 3094 1174 3158 eis
1196 3094 1244 3156 ita
1262 3094 1365 3157 domi-
1418 3091 1532 3174 ignavi
1553 3092 1748 3170 desiderent,
1772 3092 1827 3157 ubi
1850 3093 1993 3155 maxime
2012 3113 2092 3173 opus
2114 3100 2186 3155 erat
2208 3092 2399 3172 pontificum

388 3188 487 3242 netur
509 3187 546 3241 ut
568 3181 668 3243 etiam
687 3179 827 3243 debitam
847 3180 1066 3244 reverentiam
1087 3179 1263 3261 impendat.
1304 3179 1365 3242 Vi·
1419 3176 1631 3259 cupiditatem
1664 3180 1788 3243 virtute
1823 3185 1857 3242 et
1885 3178 2041 3261 legitimis
2070 3177 2175 3241 modis
2210 3176 2397 3257 reprimere.

389 3262 504 3327 domus
526 3271 565 3326 ut
586 3266 622 3328 in
643 3265 839 3330 subiectione
862 3266 1029 3330 communi
1051 3264 1132 3329 velit
1156 3265 1270 3329 haberi
1292 3272 1365 3329 tan·
1419 3263 1580 3327 Videmus
1608 3285 1671 3346 quo
1699 3265 1806 3331 colore
1834 3271 2006 3348 praetexta
2033 3263 2075 3327 sit
2102 3263 2235 3346 egregia
2262 3262 2320 3325 illa
2342 3261 2399 3325 do-

390 3369 489 3431 quam
511 3371 598 3414 unus
617 3372 635 3415 e
653 3351 780 3433 popule.
817 3351 892 3415 Non
911 3351 1000 3415 enim
1018 3350 1152 3415 alterius
1174 3351 1365 3433 cuiuspiam,
1419 3349 1511 3412 natio
1542 3349 1767 3429 Constantini,
1796 3372 1861 3433 qua
1896 3350 2071 3432 imperium
2093 3347 2292 3414 occidentale
2313 3367 2400 3431 papa

390 3434 447 3498 sed
465 3455 558 3498 suam
576 3435 642 3501 illic
659 3456 791 3501 causam
814 3436 890 3519 agit
927 3436 1072 3520 Alibi22)
1094 3438 1130 3499 in
1152 3437 1367 3517 omnipotenti
1420 3434 1578 3499 traditum
1600 3437 1662 3501 sibi
1684 3437 1790 3521 fingit.

389 3520 461 3584 Deo
479 3520 606 3585 confido
625 3522 711 3604 quod
729 3522 862 3605 longam
879 3522 942 3604 piis
961 3523 1101 3586 dominis
1119 3524 1222 3587 vitem
1235 3522 1366 3599 tribuet,
1475 3587 1478 3596 ,
1509 3526 1557 3585 14.
1601 3523 1741 3597 Interea¹
1755 3522 1913 3606 temporis
1934 3542 2002 3586 non
2030 3526 2199 3586 cessarunt
2219 3519 2399 3601 pontificae,

390 3615 424 3669 et
445 3628 504 3669 nos
525 3609 585 3671 sub
606 3630 706 3672 manu
728 3616 839 3672 vestra
861 3609 1040 3673 secundum
1069 3630 1163 3673 suam
1184 3608 1367 3673 misericor·
1421 3628 1511 3672 nunc
1532 3607 1656 3687 frauda
1680 3630 1769 3674 nunc
1790 3606 1937 3691 perfidia,
1968 3629 2057 3672 nunc
2080 3606 2189 3685 armis,
2218 3607 2255 3670 in
2276 3605 2400 3670 alienas

390 3691 477 3755 diam
501 3691 658 3774 disponet.
698 3694 812 3776 Neque
834 3695 914 3759 haec
936 3694 1010 3758 ideo
1033 3693 1155 3758 adduxi
1178 3693 1263 3776 quod
1284 3694 1368 3757 mibi
1421 3692 1560 3759 ditiones
1583 3694 1752 3773 invadere
1781 3695 1896 3760 urbem
1926 3714 2055 3775 quoque
2076 3694 2191 3774 ipsam,
2215 3713 2297 3774 quae
2319 3698 2401 3757 tunc

388 3779 594 3859 propositum
613 3781 657 3845 sit
675 3779 761 3845 hanc
784 3779 824 3843 de
843 3778 1050 3845 Constantini
1073 3781 1249 3845 donatione
1269 3802 1367 3863 quae·
1421 3779 1525 3845 libera
1554 3788 1633 3859 erat,
1663 3787 1741 3844 ante
1769 3802 1874 3845 annos
1903 3786 2035 3844 centum
2057 3779 2187 3844 circiter
2208 3786 2242 3842 et
2263 3777 2400 3860 triginta

389 3864 530 3928 ationem
552 3867 684 3947 penitus
706 3873 860 3931 excutere
867 3889 875 3945 ;
899 3866 957 3930 sed
979 3873 1108 3931 tantum
1130 3875 1168 3930 ut
1190 3866 1296 3930 obiter
1317 3866 1368 3931 vi·
1422 3869 1456 3931 in
1482 3872 1677 3948 potestatem
1707 3885 1800 3931 suam
1821 3866 2022 3948 redegerunt
2028 3888 2037 3943 ;
2067 3864 2169 3928 donec
2190 3864 2226 3927 in
2248 3885 2322 3927 eam
2340 3883 2399 3945 po·

391 3948 491 4013 deant
524 3949 662 4016 lectores
685 3974 784 4034 quam
812 3952 983 4033 pueriliter
1010 3953 1216 4017 mentiantur
1244 3953 1368 4019 Roma·
1421 3952 1559 4017 tentiam
1582 3959 1745 4017 venerunt
1767 3973 1866 4035 quam
1888 3949 1984 4016 hodie
2011 3950 2174 4028 obtinent,
2197 3956 2232 4014 et
2252 3970 2312 4031 pro
2334 3969 2401 4031 qua

390 4056 518 4113 nenses,
547 4058 648 4118 quum
676 4045 843 4102 terrenum
866 4039 1039 4119 imperium
1067 4060 1126 4103 suo
1148 4037 1295 4121 pontifici
1317 4059 1368 4101 as-
1422 4038 1475 4103 vel
1502 4037 1674 4102 retinenda
1703 4037 1756 4102 vel
1784 4037 1938 4122 augenda
1965 4035 2182 4101 christianum
2212 4033 2326 4098 orbem
2352 4034 2399 4099 ita

391 4141 500 4185 serere
520 4130 695 4199 ¹conantur.
745 4125 810 4204 Quo
829 4124 949 4204 foedior
966 4125 1143 4204 Augustini
1166 4124 1290 4188 Steuclu'
1312 4126 1369 4187 tm-
1423 4124 1573 4188 ducentis
1602 4124 1698 4188 annis
1727 4125 1905 4207 (coeperant
1940 4124 2023 4187 euim
2041 4127 2222 4201 ‚autequam
2258 4120 2319 4184 eibi
2345 4140 2400 4185 ra·

386 4207 539 4286 pudentia
554 4209 625 4289 (uit,
644 4211 700 4289 qui
717 4211 751 4272 r'a
769 4229 864 4273 causa
883 4214 947 4272 tam
963 4209 1122 4289 deplorata
1141 4230 1266 4291 operam
1276 4230 1368 4275 suam
1416 4214 1527 4292 pereat
1553 4211 1643 4274 urbis
1669 4209 1877 4295 deminuam)
1906 4209 2082 4273 turbarunt
2105 4215 2142 4271 ut
2165 4204 2401 4288 propemodum

390 4297 419 4356 et
435 4294 576 4375 linquam
592 4315 721 4359 romano
735 4294 877 4376 pacifici
887 4296 1047 4359 venditare
1065 4315 1165 4359 ausus
1177 4300 1228 4360 ert.
1267 4295 1368 4374 Valla,
1421 4295 1633 4380 perdiderint.
1678 4294 1769 4360 Olim
1795 4318 1896 4379 quum
1924 4295 1985 4359 sub
2015 4293 2177 4375 Gregorio
2192 4289 2216 4374 ¹)
2239 4290 2400 4354 bonorum

391 4379 473 4458 quod
499 4379 619 4444 baulai
646 4381 729 4444 docto
756 4385 783 4444 et
812 4381 897 4443 aeris
918 4382 1038 4462 inperii
1058 4381 1187 4462 difficile
1208 4402 1270 4445 aaa
1292 4387 1368 4460 erat,
1421 4382 1712 4447 ecclesiasticorum
1733 4382 1882 4447 custodes
1904 4401 2038 4445 manum
2065 4379 2236 4442 iniicerent
2257 4374 2400 4457 praediis

390 4465 493 4528 aalide
519 4467 710 4547 refutaverat
736 4467 878 4546 fabulam
903 4466 1001 4530 illam.
1047 4466 1155 4548 Neque
1188 4471 1290 4532 tamea
1319 4468 1369 4553 (ut
1421 4489 1505 4550 quae
1534 4466 1710 4533 censebant
1738 4468 1892 4533 ecelesiae
1921 4488 2000 4544 esse,
2025 4484 2062 4527 ac
2083 4461 2185 4527 fiscali
2207 4482 2297 4525 mora
2320 4460 2400 4525 titu-

391 4546 478 4612 borno
496 4572 614 4629 parum
634 4555 670 4617 r'a
691 4553 781 4616 rebus
802 4552 1016 4617 uuesusucis
1040 4548 1241 4638 caercitatus)
1264 4555 1369 4618 maura
1421 4554 1470 4618 los
1491 4554 1718 4636 imprimerent
1739 4555 1774 4636 in
1797 4555 1929 4637 signum
1950 4548 2193 4624 vendicationis,
2218 4546 2400 4629 Gregorius

392 4633 611 4716 dixeratquae
628 4639 753 4703 adrem
770 4639 896 4718 factura
907 4643 1003 4703 eraut.
1034 4638 1192 4720 Irrurupr't
1210 4640 1368 4719 Structuq
1422 4649 1531 4706 coacto
1550 4640 1776 4723 episcoporum
1793 4640 1936 4715 coneilio,
1958 4636 2102 4721 graviter
2118 4634 2152 4696 in
2167 4651 2294 4695 morem
2305 4632 2400 4696 illum

393 4738 430 4782 aa
452 4721 586 4798 putidas
612 4726 745 4790 raear'as
770 4725 893 4806 spargit
919 4725 961 4788 ad
982 4724 1103 4789 claram
1124 4725 1222 4789 lucem
1244 4726 1370 4791 obruen-
1421 4727 1595 4809 profanum
1622 4727 1787 4804 invectus,
1816 4727 1945 4808 rogavit
1974 4740 2082 4785 ennon
2109 4739 2167 4799 pro
2189 4717 2400 4816 anathemate

393 4804 475 4868 dam.
512 4804 558 4868 Et
576 4815 653 4871 certe
674 4831 736 4875 noa
757 4812 864 4874 minus
883 4811 1003 4893 frigide
1023 4812 1145 4876 danici
1166 4813 1218 4884 sut
1240 4832 1370 4876 causam
1422 4812 1583 4878 haberent
1604 4812 1759 4878 clericum
1781 4812 1836 4893 qui
1860 4831 1919 4874 sua
1940 4811 2055 4889 sponte
2076 4804 2289 4885 inscriptione
2310 4801 2401 4867 tituli

392 4890 565 4970 agitquam
582 4895 612 4955 si
628 4893 747 4972 saeuus
764 4898 933 4978 quispiam,
952 4898 1035 4963 idem
1052 4918 1085 4962 se
1102 4900 1368 4981 ageresimulare,
1421 4900 1660 4981 possessionem
1693 4898 1835 4978 aliquam
1867 4913 2024 4974 occupare
2058 4896 2216 4968 tentaret3
2249 4889 2402 4962 similiter

401 4975 512 5040 Vallae
533 4977 780 5058 suffragaretu-
800 4982 855 5047 sed
875 4983 972 5065 digua
994 4989 1158 5049 armum
1179 4985 1294 5049 erutuet
1318 4987 1369 5049 cui
1423 4986 1621 5069 episcopum,
1640 4985 1696 5067 qui
1714 4981 1749 5045 id
1765 4981 1818 5044 vel
1837 4981 1909 5043 fieri
1927 4977 2139 5062 praeciperet,
2158 4975 2211 5040 vel
2226 4975 2401 5040 suoinius-

393 5061 470 5126 talee
494 5067 646 5143 patronos
679 5067 812 5128 mercede
843 5070 978 5132 redimat
1004 5090 1112 5149 popm
1145 5092 1240 5151 aeque
1267 5077 1369 5136 autem
1423 5093 1463 5136 su
1494 5073 1618 5137 factum
1652 5089 1718 5132 non
1751 5066 1916 5148 plecteret.
1969 5062 2095 5128 Omnes
2135 5061 2400 5143 pronuntiarunt,

393 5148 484 5230 digai
517 5148 694 5212 conductitii
727 5148 855 5215 rabulae
883 5173 960 5231 quos
985 5173 1056 5232 spes
1084 5156 1165 5219 lucri
1190 5158 1368 5237 frustretur,
1424 5159 1607 5223 anathema.
1654 5152 1690 5217 Si
1713 5152 1799 5215 tituli
1822 5151 2033 5232 inscriptione
2055 5146 2195 5213 fundum
2216 5146 2400 5225 vendicare,

394 5235 487 5300 smil
507 5233 673 5317 3²47le
694 5234 825 5316 midli-
1422 5243 1549 5307 facinus
1572 5249 1622 5305 est
1644 5239 1853 5303 anathemate
1877 5237 2014 5320 dignum
2030 5236 2065 5298 in
2083 5233 2215 5299 clerico:
2238 5232 2295 5296 ubi
2315 5238 2401 5296 totos

484 5323 531 5383 13.
577 5319 753 5385 Caeterum
776 5319 898 5401 siquis
921 5328 1050 5401 tempus
1074 5324 1222 5404 requirat
1242 5349 1284 5391 ex
1306 5350 1369 5411 quo
1424 5327 1581 5393 ducentos
1620 5345 1724 5388 annos
1757 5324 1843 5386 nihil
1876 5322 1966 5387 aliud
1996 5319 2197 5387 meditantur
2223 5317 2402 5415 ‘pontifices

1423 5434 1522 5494 quam
1543 5408 1676 5494 proelia,
1699 5410 1869 5493 sanguinis
1891 5409 2093 5485 effusionem,
2123 5410 2327 5469 exercrtuum
2348 5424 2403 5467 rn-

465 5611 495 5678 1)
512 5611 599 5680 Epist.
623 5610 647 5663 a.
666 5613 728 5664 aar.
747 5609 777 5672 ι;
797 5612 884 5679 Epist.
904 5609 945 5664 ιο.
965 5612 1025 5664 aa.
1044 5611 1075 5674 3;
1094 5613 1181 5681 Epist.
1200 5613 1241 5667 ιιι,
1260 5615 1320 5668 aar.
1340 5615 1370 5678 ι;
1425 5586 1628 5594 “—

397 5679 483 5747 Epist.
502 5678 544 5732 31.
563 5680 624 5732 libr.
643 5678 668 5732 4.
720 5677 767 5747 θ)
787 5681 874 5771 Epist.
892 5679 934 5733 34
953 5681 1015 5733 libr.
1033 5680 1058 5733 4
1497 5680 1526 5748 l)
1544 5680 1669 5737 Habetur
1687 5684 1747 5736 libr.
1766 5682 1790 5736 4.
1809 5683 1913 5775 Regist.
1932 5699 1954 5735 c.
1972 5679 2015 5734 88.
2142 5760 2198 5816 57.
