5600 6809
365 766 426 826 161
741 770 879 835 Ι111Β.Ι.
925 771 989 835 DE
1013 769 1297 836 COGNITIONE
1319 771 1404 836 DEI
1423 770 1697 837 OREATORIS.
1743 771 1843 840 OAP.
1866 774 1980 841 XVII.
2305 781 2367 842 166
2422 802 2424 807 ’
2515 712 2521 729 *

362 963 401 1021 ut
421 955 589 1040 satisfiat),
612 957 691 1021 satis
714 953 836 1022 dictum
857 957 950 1034 foret,
969 957 1033 1021 nisi
1056 958 1223 1023 obstarent
1243 959 1337 1040 pauci
1388 959 1478 1024 titur.
1523 960 1630 1025 Extra
1657 983 1789 1026 omnem
1810 962 2061 1044 perturbationis
2088 964 2242 1030 affectum
2262 986 2366 1048 quum

361 1039 494 1124 quidam
526 1042 603 1117 loci,
635 1044 691 1124 qui
722 1044 858 1107 innuere
891 1042 1060 1122 videntur,
1094 1053 1207 1109 contra
1239 1065 1338 1128 quam
1388 1047 1441 1123 611,
1464 1045 1560 1110 111661
1582 1068 1616 1110 66
1639 1047 1861 1129 666611611116
1886 1055 2034 1112 16611111.
2079 1048 2366 1130 Quemadmodum

361 1147 462 1209 supra
478 1129 663 1209 expositum
680 1135 738 1206 est,
760 1149 828 1193 non
843 1129 977 1192 firmum
999 1150 1036 1194 16
1054 1129 1169 1194 stabile
1188 1138 1337 1195 constare
1389 1151 1482 1213 ergo,
1511 1152 1612 1214 quum
1636 1132 1787 1197 audimus
1807 1133 1919 1197 Deum
1939 1134 2075 1214 iratum,
2102 1136 2277 1219 imaginari
2298 1159 2366 1202 non

361 1213 435 1278 Deo
467 1214 652 1292 eonsilium,
686 1214 743 1278 sed
776 1235 835 1296 pro
867 1235 979 1278 rerum
1006 1215 1196 1279 inferiorum
1229 1215 1336 1299 dispo-
1390 1215 1544 1281 debemus
1575 1217 1717 1299 aliquam
1745 1219 1780 1282 in
1807 1218 1879 1300 ipso
1906 1219 2097 1298 motionem,
2127 1222 2184 1286 sed
2213 1230 2365 1304 reputare

362 1300 480 1364 sitione
500 1300 666 1365 mutabile.
700 1300 850 1364 Primum
872 1299 1040 1381 aliquoties
1057 1300 1121 1365 Dei
1139 1303 1338 1383 poenitentia
1388 1303 1496 1383 potius
1523 1301 1745 1384 loquutionem
1772 1305 1859 1370 hanc
1886 1326 1906 1367 a
1933 1326 2032 1370 sensu
2053 1313 2166 1371 nostro
2189 1317 2363 1390 sumptam,

361 1393 650 1463 commemoratur,
673 1394 724 1463 ut,
752 1384 837 1469 quod
858 1385 952 1449 illum
972 1387 1172 1467 poenituerit
1193 1387 1336 1453 hominis
1388 1388 1465 1469 quia
1496 1387 1612 1451 faciem
1645 1389 1911 1455 excandescentis
1942 1391 2082 1472 iratique
2114 1413 2193 1474 prae
2219 1413 2253 1457 se
2280 1396 2365 1458 ferat

361 1472 461 1536 616111
480 1471 579 1555 (Gen.
601 1476 629 1548 6,
649 1471 700 1554 6);
723 1469 834 1536 Saulis
855 1473 890 1535 in
912 1491 1050 1554 regnum
1068 1475 1173 1537 evecti
1192 1474 1223 1558 (l
1245 1472 1334 1538 Sam.
1387 1473 1481 1538 Deus
1502 1474 1627 1555 quoties
1648 1473 1804 1540 indicium
1826 1482 1969 1541 exercet:
1999 1477 2045 1540 ita
2072 1498 2133 1542 nec
2155 1478 2245 1542 aliud
2268 1478 2365 1544 debe·

364 1555 511 1640 11,11);
544 1557 629 1639 6161
661 1579 737 1622 eum
768 1557 946 1640 poenitebit
971 1558 1050 1622 mali
1076 1558 1162 1640 quod
1188 1559 1336 1641 infligere
1388 1579 1462 1622 mus
1484 1560 1653 1641 concipere
1675 1561 1735 1624 sub
1755 1562 1972 1642 poenitentiae
1990 1562 2157 1640 vocabule,
2178 1584 2276 1644 quam
2298 1565 2365 1629 fac·

360 1643 550 1726 populosuo
563 1650 732 1721 statuerat,
755 1643 852 1707 simul
871 1663 909 1707 ec
927 1644 1172 1708 conversionem
1189 1646 1259 1709 eius
1277 1645 1336 1709 ali-
1387 1650 1498 1707 torum
1518 1644 1748 1724 mutationcm;
1770 1648 1846 1727 quia
1868 1647 1994 1712 soleant
2016 1647 2175 1727 homines,
2197 1649 2283 1714 faeta
2304 1670 2365 1714 sua

304 1757 307 1761 ·
361 1750 461 1812 quam
487 1729 627 1794 senserit
654 1728 731 1812 (Ier.
754 1732 808 1806 18,
828 1729 873 1812 8).
918 1728 1048 1793 Deinde
1075 1730 1252 1794 nonnullae
1280 1729 1336 1794 de·
1387 1728 1553 1807 mutando,
1574 1731 1687 1794 testari
1707 1729 1768 1794 sibi
1790 1731 1967 1814 displicere.
2008 1731 2174 1813 Quoniam
2192 1756 2270 1817 ergo
2292 1757 2365 1799 mu-

361 1823 525 1881 cretorum
553 1817 624 1879 eius
650 1815 875 1898 abrogationes
897 1815 1090 1879 referuntur.
1133 1817 1199 1881 Per
1220 1815 1337 1879 Ionam
1388 1815 1469 1878 tatio
1491 1815 1654 1897 quaelibet
1674 1816 1761 1880 inter
1782 1816 1931 1883 homines
1948 1820 2104 1883 eorrectio
2122 1822 2193 1884 eius
2210 1819 2365 1917 ewuod

360 1899 510 1966 edixerat
529 1900 701 1980 Ninivitis,
732 1897 948 1983 quadraginta
975 1899 1089 1966 diebus
1111 1902 1229 1983 elapsis
1251 1902 1336 1984 peri-
1389 1899 1551 1982 displicet,
1580 1903 1735 1966 correctio
1764 1909 1874 1966 autem
1901 1925 1943 1967 ex
1970 1905 2171 1987 poenitentia
2198 1907 2363 1987 provenit:

360 1996 470 2051 turam
497 1987 657 2065 Niniven,
690 1986 780 2068 atqui
811 2006 888 2049 mox
919 2006 1032 2049 eorum
1063 1988 1263 2070 poenitentia
1294 1987 1336 2051 ad
1387 1985 1461 2049 ideo
1483 2007 1542 2068 per
1563 1987 1781 2067 poenitentiae
1802 2007 1924 2052 nomen
1946 1990 2148 2072 significatur
2170 1991 2255 2073 quod
2272 1991 2365 2057 Deus
2394 1987 2396 1991 ’

358 2072 603 2138 clementiorem
636 2072 833 2136 sententiam
869 2072 1010 2136 inflexus
1043 2080 1093 2136 est
1131 2072 1215 2156 (Ion.
1242 2077 1276 2151 3,
1305 2079 1334 2137 4.
1388 2072 1423 2134 in
1451 2072 1519 2136 suis
1541 2072 1693 2154 operibus
1715 2081 1834 2152 mutat;
1865 2074 1998 2138 interim
2025 2097 2085 2141 nce
2111 2077 2284 2141 consilium
2305 2077 2363 2157 illi,

362 2157 426 2241 10).
464 2158 625 2224 Eaeohiae
647 2165 787 2221 mortem
807 2176 923 2238 66166
944 2157 1070 2223 1661116
1091 2159 1335 2240 pronuntiarat;
1388 2178 1448 2221 nec
1476 2156 1628 2222 voluntas
1656 2159 1848 2239 invertitur,
1878 2181 1940 2225 nec
1968 2161 2104 2226 affectus
2131 2170 2364 2244 commutatur;

360 2242 402 2308 sd
434 2264 534 2327 quam
567 2241 784 2307 differendam
818 2242 973 2327 lacrymis
1006 2245 1076 2309 eius
1115 2251 1149 2308 et
1187 2245 1336 2326 precibus
1388 2242 1446 2307 661
1467 2242 1553 2325 6161
1575 2243 1616 2306 11
1638 2254 1769 2308 aeterno
1791 2244 1992 2328 providerat,
2015 2247 2224 2329 probaverat,
2252 2248 2365 2313 decre-

358 2337 541 2395 commotus
557 2336 608 2394 est
626 2327 703 2411 (les.
723 2332 773 2408 38,
796 2333 822 2391 1.
844 2334 877 2406 5;
897 2333 914 2390 2
933 2329 1016 2413 Reg.
1037 2333 1087 2406 20,
1111 2335 1135 2393 l.
1158 2330 1202 2413 5).
1246 2329 1335 2394 Hinc
1387 2335 1496 2406 verat,
1519 2336 1675 2410 perpetuo
1697 2338 1809 2395 tenore
1830 2333 2050 2414 prosequitur,
2078 2341 2242 2416 utcunque
2264 2355 2364 2418 appa·
2493 2379 2495 2382 ψ

265 2442 270 2454 ·
358 2422 633 2499 argumentantur
659 2415 769 2492 multi,
802 2415 913 2478 Deum
945 2435 1011 2478 non
1044 2421 1177 2480 aeterno
1206 2414 1335 2482 decreto
1386 2420 1459 2478 reat
1479 2414 1588 2478 subita
1609 2413 1780 2480 hominnm
1802 2416 1906 2482 oculis
1927 2418 2077 2484 varietas.

357 2521 411 2566 res
433 2500 606 2565 hominum
627 2501 846 2579 eonstituisse;
877 2499 934 2565 sed
961 2506 1060 2582 prout
1081 2508 1159 2565 sunt
1179 2501 1336 2583 cuiusque
1477 2503 1524 2564 14.
1568 2499 1638 2564 Nec
1666 2521 1759 2566 sacra
1786 2501 1937 2579 11616111,
1967 2502 2046 2568 dum
2066 2504 2223 2569 Ninivitis
2248 2505 2365 2570 remis-

356 2586 493 2666 merita,
515 2585 570 2652 vel
589 2593 687 2668 prout
707 2607 847 2667 aequum
868 2605 906 2650 ae
927 2587 1052 2651 iustum
1074 2595 1199 2664 censet,
1223 2588 1335 2670 singu·
1388 2605 1462 2649 sum
1500 2592 1615 2648 narrat
1645 2584 1736 2672 ‘quod
1768 2587 1835 2651 iam
1865 2589 2110 2672 promulgatum
2141 2591 2249 2654 fuerat
2281 2591 2366 2655 exci-

356 2671 407 2737 lcs
429 2670 465 2738 11
481 2691 593 2751 11166,
616 2671 684 2736 dies
706 2679 740 2736 ct
760 2673 867 2750 horas,
890 2671 952 2736 boc
972 2671 1026 2736 vel
1045 2671 1129 2736 illud
1152 2672 1333 2738 decernere.
1387 2669 1492 2748 dium,
1522 2680 1555 2734 et
1581 2670 1743 2736 Ezechiae
1771 2673 1872 2737 vitam
1901 2673 2094 2740 denuntiata
2119 2683 2225 2739 morte
2252 2697 2365 2758 proro-

356 2756 411 2824 De
439 2758 638 2840 poenitentia
667 2758 714 2824 sio
740 2755 943 2822 habendum:
973 2778 1040 2822 non
1061 2759 1166 2842 magis
1186 2759 1279 2824 illam
1300 2759 1336 2822 11
1387 2764 1513 2839 getam,
1543 2756 1699 2838 abrogata
1724 2758 1825 2822 111666
1852 2759 1918 2823 Dei
1947 2759 2078 2824 decreta
2104 2760 2253 2825 ostendit
2298 2760 2366 2842 Qui

356 2842 470 2910 Deum
490 2841 621 2921 cadere,
650 2864 749 2926 quam
768 2843 823 2909 vel
843 2844 1078 2926 ignorantiam,
1108 2843 1162 2908 vel
1181 2864 1335 2923 errorem,
1387 2842 1434 2907 sic
1451 2841 1665 2927 sentiuntin
1683 2839 1983 2908 denuntiationibus
2001 2843 2260 2925 hallucinantur3
2283 2868 2366 2928 quae

357 2929 411 2996 vel
439 2930 673 3012 impotentiam.
718 2926 757 2995 Si
786 2929 875 2993 enim
900 2949 998 2993 nemo
1025 2929 1131 2994 sciens
1159 2949 1196 2994 ac
1221 2929 1336 2995 volens
1387 2927 1521 2991 tametsi
1546 2926 1737 3009 simpliciter
1765 2929 1947 3008 affirmant,
1975 2932 2109 2995 tacitam
2130 2932 2166 2994 in
2189 2952 2223 2995 se
2245 2932 2366 2996 nihilo-

358 3036 393 3080 se
413 3015 450 3079 in
470 3015 689 3097 poenitentiae
710 3015 939 3080 nenessitatem
961 3015 1105 3093 coniicit,
1129 3016 1202 3080 Deo
1223 3016 1336 3098 poeni·
1387 3013 1497 3077 minus
1519 3011 1738 3077 conditionem
1759 3015 1926 3084 continere
1955 3036 1997 3079 ex
2023 3017 2090 3079 fine
2110 3017 2181 3098 ipso
2203 3017 2366 3100 intellige-

358 3101 497 3166 tentiam
519 3122 585 3166 non
607 3102 804 3180 tribuemus,
833 3101 913 3183 quin
935 3108 993 3164 aut
1015 3100 1168 3184 ignorare
1189 3100 1336 3166 dicamus
1387 3105 1451 3162 tur.
1465 3098 1490 3183 ¹)
1523 3097 1593 3163 Our
1614 3099 1703 3163 enim
1725 3097 1767 3163 ad
1783 3099 1950 3164 Ninivitas
1971 3101 2089 3164 Ionam
2106 3101 2268 3165 Dominus
2289 3105 2367 3166 mit

359 3185 436 3270 quid
456 3187 604 3252 futurum
626 3188 677 3266 sit,
700 3194 759 3252 aut
779 3187 925 3270 elingem
944 3207 1010 3250 non
1031 3206 1140 3269 posse,
1164 3194 1222 3252 aut
1241 3207 1336 3269 prae-
1386 3184 1493 3263 16111,
1521 3183 1578 3265 qui
1603 3184 1734 3248 ruinam
1762 3183 1853 3250 urbis
1875 3184 2097 3268 praediceret?
2142 3185 2212 3252 Cur
2236 3188 2369 3269 661Ι6-

358 3273 532 3355 6161111161
553 3279 587 3337 61
603 3272 842 3338 1166161161116
859 3292 956 3336 ruere
973 3272 1009 3335 in
1026 3273 1226 3338 sententiam
1244 3273 1335 3337 cuius
1388 3271 1491 3334 saiam
1524 3276 1665 3333 mortem
1695 3269 1862 3336 indicabat
1881 3270 2066 3336 Ezechiae?
2110 3272 2246 3336 Poterat
2277 3274 2366 3337 enim
2406 3286 2410 3295 '

359 3359 470 3423 statim
494 3360 669 3442 poeniteat
714 3359 755 3423 Ι1
784 3366 894 3423 autem
920 3364 1051 3422 tantum
1079 3357 1335 3423 11661166161
1388 3361 1422 3420 61
1442 3354 1516 3420 illos
1538 3361 1571 3419 61
1592 3355 1679 3421 hunc
1701 3355 1855 3438 perdere,
1883 3357 1953 3422 sine
1975 3356 2075 3423 cladis
2097 3359 2221 3422 nuntio.
2265 3356 2368 3422 Aliud

359 3444 494 3528 spiritus
525 3445 646 3523 sancti,
680 3454 718 3508 ut
749 3446 784 3509 in
815 3445 887 3526 ipsa
918 3444 1139 3527 poenitentiae
1170 3444 1335 3508 mentione
1388 3462 1467 3525 ergo
1490 3442 1648 3524 spectavit
1670 3462 1770 3524 quam
1790 3449 1829 3506 ut
1848 3444 1964 3509 mortis
1981 3464 2060 3508 suae
2078 3444 2214 3526 praescii
2232 3444 2368 3508 venien-

359 3537 458 3614 neget
483 3530 592 3596 Deum
616 3530 827 3613 poenitudine
854 3529 941 3607 duci,
970 3531 1047 3612 quia
1074 3530 1172 3595 homo
1198 3551 1265 3594 non
1293 3531 1336 3595 sit
1387 3535 1456 3591 tem
1475 3527 1568 3592 illam
1588 3527 1716 3593 eminus
1735 3536 1915 3593 cernerent
1948 3529 2114 3594 Nimirum
2134 3551 2202 3594 non
2222 3528 2368 3611 perditos
2473 3554 2475 3559 ·

358 3636 456 3699 quem
482 3619 650 3699 poenitere
673 3624 772 3699 queat
799 3615 831 3701 (l
854 3614 942 3681 Sam.
966 3620 1020 3694 15,
1041 3614 1106 3698 29).
1151 3615 1201 3680 Ao
1228 3621 1336 3681 66166
1387 3613 1504 3690 voluit;
1526 3612 1592 3691 sed,
1614 3634 1658 3678 nc
1680 3613 1904 3696 perderentur,
1927 3614 2124 3680 emendatos.
2170 3614 2266 3696 Quod
2289 3635 2368 3699 ergo

358 3702 434 3767 1616
460 3707 506 3767 661
531 3705 566 3766 in
593 3703 696 3768 codem
721 3704 820 3784 666116
847 3703 894 3766 sic
919 3704 1084 3782 61166666
1111 3702 1268 3785 coniungi,
1301 3706 1337 3766 61
1387 3698 1532 3764 Niniven
1553 3699 1866 3783 post-quadraginta
1886 3699 1956 3764 dies
1977 3701 2140 3765 ruituram
2160 3700 2260 3765 Ionas
2282 3701 2369 3767 vati·

357 3790 547 3868 comparatio
564 3790 697 3868 166666
712 3790 936 3871 repugnantiae
953 3789 1065 3868 6611616
1081 3788 1228 3853 66661116.
1262 3786 1336 3851 1116-
1387 3786 1526 3864 sinatur,
1548 3782 1622 3849 ideo
1642 3786 1742 3850 fitne
1762 3792 1846 3850 ruat.
1881 3783 1979 3866 Quod
2001 3786 2162 3852 Ezechiae
2184 3806 2258 3868 spes
2279 3787 2369 3852 vitae

358 3875 434 3938 16116
452 3873 585 3957 61661616
606 3874 754 3954 11611166,
776 3874 858 3955 qaod
874 3874 979 3938 Deam
994 3876 1149 3956 6166611661
1169 3872 1280 3938 Saulis
1301 3875 1336 3937 16
1387 3870 1543 3955 longioris
1574 3870 1787 3952 praeciditur,
1820 3870 1893 3935 ideo
1919 3871 1958 3936 fit
1989 3879 2027 3936 ut
2055 3872 2236 3955 longiorem
2264 3872 2369 3938 vitam

358 3979 460 4042 166616
480 3961 584 4025 cauti.
630 3959 735 4025 Paule
749 3965 824 4040 6661
845 3960 990 4024 addatur:
1012 3979 1074 4023 666
1093 3960 1337 4042 6661616116-
1386 3958 1549 4039 impetret.
1593 3954 1678 4037 Quis
1699 3956 1766 4020 iam
1788 3977 1856 4020 non
1878 3957 1982 4036 videt,
2004 3958 2188 4021 Dominum
2207 3956 2369 4023 eiusmodi

357 4046 458 4110 titudo
476 4044 587 4125 161661,
610 4065 664 4111 666
680 4046 881 4128 6666161166
899 4047 1049 4125 siccatum·
1071 4048 1149 4128 6616
1166 4045 1253 4109 1666
1274 4065 1337 4110 666
1387 4041 1694 4108 comminationibus
1717 4041 1858 4107 voluisse
1875 4043 1917 4107 ad
1934 4043 2193 4126 resipiscentiam
2210 4064 2369 4126 experge-

358 4137 416 4210 611,
448 4137 484 4196 61
509 4152 579 4197 aum
600 4133 765 4213 poeniteat
813 4132 932 4212 ates
959 4132 1060 4203 verbis
1082 4132 1194 4214 polam
1222 4131 1336 4211 absque
1387 4129 1494 4193 faeere
1512 4149 1592 4209 quos
1610 4126 1761 4204 terrebat,
1780 4135 1819 4192 ut
1836 4129 2019 4213 effugerent
2036 4128 2121 4211 quod
2141 4130 2282 4211 peccatis
2300 4129 2369 4193 suis

356 4216 462 4301 twa
488 4218 730 4282 inmutabilitas
755 4218 917 4282 66661166.
963 4217 1079 4298 Itaque
1107 4216 1171 4281 Dei
1203 4216 1336 4281 ordina·
1388 4215 1498 4278 meriti
1525 4221 1621 4277 erant
1641 4212 1821 4279 iudicium?
1866 4214 1907 4278 Id
1929 4214 1956 4279 si
1979 4215 2147 4294 convenit,
2176 4221 2295 4278 natura
2316 4234 2369 4276 16-

357 4304 480 4368 tionem
506 4305 542 4367 in
571 4304 668 4369 rebus
696 4303 848 4368 humanis
871 4300 1139 4366 administrandis
1166 4310 1200 4366 et
1220 4323 1336 4384 perpe·
1387 4321 1463 4364 rum
1485 4319 1606 4364 conos
1626 4299 1725 4378 ducit,
1748 4307 1786 4364 ut
1807 4301 1843 4363 in
1863 4300 2002 4383 simplici
2024 4298 2270 4365 denuntiatione
2291 4319 2368 4363 con-

358 4396 450 4454 tuam
474 4397 508 4454 et
536 4391 625 4453 omni
651 4390 853 4471 poenitentia
881 4389 1082 4470 superiorem
1109 4408 1180 4452 esse
1207 4396 1336 4452 certum
1389 4385 1547 4450 ditionem
1579 4387 1713 4450 tacitam
1745 4385 1986 4452 subaudiamus.
2033 4384 2129 4467 Quod
2158 4386 2257 4448 etiam
2290 4402 2368 4447 eon·
2450 4401 2455 4412 ·

358 4481 416 4540 est
450 4476 500 4540 Ac
522 4496 565 4539 ne
586 4474 687 4541 dubia
708 4483 794 4540 esset
810 4476 879 4538 eius
898 4474 1092 4552 constantia,
1114 4474 1336 4538 testimonium
1387 4477 1539 4536 firmatur
1559 4472 1719 4539 similibus
1741 4473 1909 4554 exemplis.
1949 4469 2142 4536 Abimelech
2164 4489 2275 4551 regem
2297 4486 2368 4531 cor-

357 4560 405 4625 illi
427 4559 563 4626 reddere
585 4562 637 4626 sui
658 4583 784 4643 quoque
812 4560 990 4625 adversarii
1013 4558 1117 4624 eoacti
1139 4569 1223 4624 sunt
1269 4560 1337 4623 Ba-
1388 4559 1511 4640 ripicns
1532 4557 1709 4636 Dominus,
1732 4557 1819 4640 quod
1842 4558 1997 4623 Abrahae
2019 4576 2112 4620 suam
2134 4574 2365 4618 1161611616-

358 4646 445 4712 laam
462 4647 559 4726 enim,
582 4647 636 4712 vel
652 4648 802 4723 invitum,
825 4647 861 4709 in
883 4645 969 4710 hanc
990 4667 1103 4710 vocem
1124 4665 1337 4728 prorumpere
1388 4645 1532 4723 tulisset,
1566 4644 1619 4707 his
1651 4644 1760 4709 verbis
1790 4644 1895 4708 utitur
1921 4642 2021 4728 (Gen.
2047 4645 2101 4717 20,
2128 4638 2176 4722 3):
2205 4660 2292 4718 ecoe,
2326 4646 2365 4703 tu

357 4734 516 4817 oportuit,
545 4754 610 4797 non
640 4754 710 4798 esse
736 4733 846 4797 Deum
872 4733 976 4796 instar
1002 4731 1144 4795 hominis
1175 4739 1213 4794 ut
1244 4752 1337 4795 men·
1388 4730 1537 4795 morieris
1559 4741 1693 4813 propter
1714 4730 1887 4794 mulierem
1904 4750 2001 4812 quam
2020 4724 2366 4806 166661611;66161111

356 4819 468 4896 tiatur,
491 4821 664 4901 16661161
687 4818 829 4882 hominis
850 4818 956 4881 filium
978 4824 1015 4881 ut
1031 4824 1190 4896 mutetur3
1214 4818 1336 4882 1611611
1388 4818 1461 4882 viro
1477 4817 1596 4880 iuncta
1628 4816 1808 4898 Postquam
1826 4823 1935 4880 autem
1951 4812 2007 4876 ille
2024 4811 2201 4892 excusavit,
2224 4812 2258 4874 in
2277 4811 2366 4877 hunc

356 4925 426 4969 non
450 4924 545 4987 posse
569 4913 607 4969 ut
634 4927 703 4969 non
728 4905 827 4969 faciat
853 4903 1010 4986 quidquid
1039 4902 1173 4980 dixerit,
1207 4911 1337 4967 utnon
1389 4901 1523 4966 modum
1557 4902 1714 4983 loquitur:
1749 4903 1885 4966 restitue
1917 4917 2054 4962 uxorem
2076 4896 2161 4976 viro;
2195 4906 2245 4962 est
2278 4898 2368 4963 enim

355 4989 493 5074 impleat
515 4990 672 5074 quidquid
694 4991 849 5072 loquutus
870 4989 915 5054 sit
936 4989 1048 5073 (Num.
1070 4992 1120 5068 23,
1143 4988 1206 5073 19).
1388 4987 1558 5071 propheta,
1581 4996 1614 5051 61
1635 4989 1742 5053 orabit
1757 5009 1816 5069 pro
1838 4996 1869 5051 tc
1891 4993 1929 5048 ut
1945 4983 2054 5061 vivas;
2075 4983 2127 5047 sin
2146 4985 2264 5062 minus,
2287 4984 2368 5047 scito

450 5081 496 5141 13.
542 5076 631 5157 Quid
658 5097 737 5160 ergo
765 5076 826 5141 sibi
852 5075 924 5139 vult
948 5077 1169 5158 poenitentiae
1191 5075 1335 5140 nomen?
1389 5073 1475 5157 quod
1501 5073 1669 5138 moriendo
1697 5073 1845 5137 morieris
1873 5078 1925 5145 tu,
1960 5077 1993 5132 et
2020 5069 2130 5133 omnia
2151 5091 2234 5152 quae
2256 5069 2367 5133 habes.

355 5162 487 5245 Nempe
519 5162 605 5244 quod
638 5163 720 5227 aliae
747 5182 860 5226 omnes
889 5161 1042 5243 loquendi
1068 5161 1227 5226 formulae
1254 5181 1337 5244 quae
1389 5158 1506 5238 Vides,
1540 5168 1578 5223 ut
1602 5160 1709 5241 primo
1736 5158 1840 5223 edicto
1867 5155 2096 5220 vehementius
2122 5155 2269 5219 animum
2297 5155 2369 5217 6116
2473 5218 2482 5228 ,

355 5248 469 5314 Deum
497 5248 688 5313 humanitus
716 5248 811 5312 nobis
834 5246 1031 5312 describunt.
1076 5247 1163 5329 Quia
1185 5248 1274 5312 enim
1296 5247 1338 5311 ad
1390 5247 1568 5323 concutiat,
1598 5265 1661 5326 quo
1684 5242 1896 5307 satisfactioni
1923 5240 2039 5305 reddat
2059 5242 2236 5319 intentum;
2265 5239 2369 5302 altero

356 5334 432 5400 6116
464 5334 673 5399 altitudinem
712 5353 780 5398 non
814 5334 971 5416 pertingit
1003 5342 1114 5397 nostra
1153 5335 1337 5413 infirmitas,
1390 5342 1501 5397 autem
1527 5329 1729 5395 voluntatem
1755 5326 1876 5409 liquide
1904 5348 1997 5393 suam
2022 5325 2182 5409 explicet?
2228 5320 2368 5402 Quando

355 5440 451 5504 qnae·
470 5420 564 5484 nobis
589 5419 732 5485 traditur
753 5420 822 5484 6116
844 5418 1032 5501 descriptio,
1061 5418 1104 5483 ad
1126 5426 1257 5501 captum
1279 5440 1338 5484 16-
1390 5418 1507 5482 similis
1529 5423 1580 5479 est
1601 5414 1739 5478 aliorum
1757 5413 1902 5478 locorum
1918 5414 2012 5492 ratio,
2035 5434 2077 5477 ne
2099 5433 2141 5476 ex
2158 5410 2224 5474 illis
2245 5409 2369 5472 inferas

354 5513 467 5572 strum
483 5505 705 5571 submittenda
722 5514 780 5584 cst,
803 5511 841 5568 ut
858 5526 878 5569 a
894 5504 987 5568 nobis
1003 5503 1216 5587 intelligatur.
1246 5503 1339 5570 Haec
1394 5558 1449 5566 ,..
1500 5553 1596 5564 -.,-

354 5597 412 5657 ⁰⁸²
432 5611 528 5673 porro
550 5591 762 5692 submittendi
783 5591 881 5670 ratio,
904 5597 941 5653 ut
962 5609 997 5653 se
1019 5586 1119 5686 talem
1138 5588 1233 5687 nobis
1254 5591 1339 5671 figu-
1462 5624 1491 5686 1)
1512 5617 1684 5672 ascensores
1701 5621 1850 5674 666666
1867 5620 1927 5674 aaa.
1948 5618 2032 5686 (1612
2049 5614 2135 5685 seqq.)
2152 5613 2267 5668 6666
2290 5614 2371 5666 161-

354 5685 429 5755 161,
455 5697 524 5741 161
550 5677 655 5758 qua-lis
682 5699 718 5741 m
738 5699 773 5743 se
795 5683 859 5754 661,
894 5673 951 5740 661
974 5672 1080 5757 qualis
1108 5695 1129 5738 a
1149 5672 1243 5739 nobis
1266 5695 1340 5739 sen·
1393 5691 1494 5758 ligitur.

1315 5801 1321 5822 1
2113 5768 2167 5821 11·
