5600 6809
413 743 475 820 53'5
992 753 996 759 ·
1052 747 1769 818 msuluu'rIOREL.0HRIST.1559.
2354 761 2417 822 aas

410 952 463 1010 tos
475 943 562 1009 Dei?
594 944 687 1008 Deus
709 949 760 1007 est
781 941 837 1024 qui
857 940 1024 1017 iustificam
1047 938 1119 1020 quis
1139 935 1387 1003 condemnabit?
1441 937 1535 1003 nobis
1562 946 1701 1021 peccata.
1749 938 1861 1004 Saluto
1890 942 2062 1022 ceperrdant
2087 943 2208 1006 lectores
2232 948 2326 1007 totum
2348 966 2416 1010 eon-

412 1030 566 1097 Christus
594 1028 725 1111 estqui
751 1034 899 1091 mortuus
926 1035 989 1103 est;
1023 1025 1088 1087 imo
1117 1023 1172 1105 qui
1199 1025 1387 1102 resurrexit,
1441 1029 1570 1102 teatrtm,
1597 1045 1671 1088 nom
1693 1025 1793 1104 paulo
1814 1031 1887 1105 post
1914 1028 2058 1109 erepetr'ce
2085 1028 2215 1106 addens,
2247 1029 2413 1110 Christum,

411 1124 444 1181 et
475 1136 562 1180 nuno
594 1113 782 1197 interpellat
813 1133 873 1196 pro
901 1109 1001 1174 nobis.
1046 1107 1190 1172 Perinde
1222 1109 1311 1172 enim
1339 1116 1389 1173 est
1441 1110 1495 1190 qui
1512 1112 1632 1191 pcccati
1648 1132 1763 1191 expers
1780 1117 1861 1189 erat,
1886 1111 2003 1192 factum
2029 1133 2094 1177 esse
2114 1134 2177 1192 pro
2204 1114 2293 1179 trahis
2308 1137 2416 1197 pecca-

412 1222 449 1266 ao
462 1203 489 1267 si
508 1201 643 1266 diceret:
667 1200 740 1282 quis
751 1197 915 1263 aeerrsabit
925 1217 1004 1276 quos
1019 1193 1112 1257 Deus
1131 1194 1291 1259 absolvit?
1315 1195 1387 1275 quis
1436 1197 1521 1273 'tuna
1555 1201 1590 1259 ut
1616 1196 1742 1261 modum
1769 1197 2030 1261 reconciliationis
2057 1200 2206 1279 desipnet,
2234 1221 2296 1264 aen
2324 1203 2416 1268 aliud

411 1287 581 1352 damnabit
612 1307 692 1369 quos
729 1306 786 1349 suo
818 1282 997 1366 patrocinio
1032 1279 1184 1345 Christus
1222 1278 1385 1344 defendit?
1440 1280 1526 1344 troad
1552 1282 1643 1346 dubie
1671 1282 1890 1347 recorrcitiaruli
1916 1284 2002 1346 oerho
2030 1284 2176 1366 intellipd
2202 1306 2297 1366 quam
2324 1290 2415 1354 iusti>

410 1372 592 1437 Iustifieare
616 1394 693 1454 ergo
716 1370 798 1434 nihil
820 1367 909 1431 aliud
932 1376 990 1443 est,
1015 1385 1111 1447 quam
1135 1386 1210 1429 eum
1232 1365 1286 1447 qui
1309 1386 1386 1429 reus
1438 1366 1538 1445 picari.
1575 1367 1641 1430 Nec
1658 1388 1733 1431 sane
1755 1369 1837 1449 quod
1854 1368 1931 1432 alibi
1948 1369 2167 1452 tradittRom.
2182 1376 2210 1449 ἴ),
2226 1372 2288 1454 19),
2310 1379 2413 1453 staret,

411 1458 578 1541 agebatur,
597 1466 755 1538 tanquam
775 1453 951 1536 approbata
970 1452 1158 1515 innocentia
1181 1458 1312 1514 areatu
1330 1451 1386 1515 ab·
1439 1452 1608 1516 ohmientia
1630 1451 1749 1517 Christi
1770 1474 1827 1518 nos
1847 1455 1992 1518 conditui
2013 1456 2126 1534 iustos,
2152 1457 2219 1522 nisi
2240 1458 2276 1521 iu
2297 1460 2414 1539 ipsoet

410 1544 544 1609 solvere.
591 1541 701 1622 Quum
723 1543 832 1621 itaque
854 1560 914 1602 nos
936 1536 1062 1603 Christi
1083 1537 1313 1601 intercessione
1335 1537 1385 1599 iu·
1438 1543 1527 1602 cana
1547 1558 1604 1602 nos
1625 1540 1702 1602 iusti
1724 1545 1906 1618 reputamur
1926 1560 2029 1604 coram
2050 1541 2146 1605 Dea*

410 1629 529 1694 stificet
543 1630 644 1705 Deus,
668 1649 733 1690 non
751 1625 901 1707 propriae
920 1623 1125 1688 innocentiae
1144 1623 1383 1705 approbatione,
1526 1628 1554 1685 5.
1596 1623 1710 1687 Verum
1727 1625 1803 1705 quia
1827 1625 1980 1690 Osiander
1999 1631 2180 1707 monstrum,
2201 1630 2303 1693 nescio
2324 1632 2411 1712 quod,

409 1715 467 1780 sed
490 1715 632 1805 iustitiae
653 1711 869 1793 imputatione
891 1729 950 1773 nos
973 1708 1126 1786 absolvit,
1150 1718 1186 1772 ut
1209 1729 1268 1790 pro
1290 1708 1384 1772 iustis
1438 1710 1613 1774 essentialis
1632 1711 1774 1774 iustitiae
1795 1712 1919 1790 inuexit,
1942 1733 2002 1792 quo
2021 1713 2079 1776 etsi
2096 1715 2196 1779 noluit
2212 1714 2413 1799 adelerepra·

408 1800 443 1863 in
462 1799 594 1863 Christo
612 1818 811 1874 censeamur,
835 1796 890 1877 qui
912 1796 948 1858 in
970 1795 1064 1858 nobis
1087 1814 1153 1857 uon
1171 1815 1292 1857 sumus.
1328 1791 1385 1859 Sic
1436 1795 1548 1857 tuitam
1569 1796 1732 1873 iustitiam,
1754 1817 1791 1859 ea
1812 1800 1914 1861 tamea
1935 1797 2067 1880 calipine
2083 1799 2219 1879 involvit,
2241 1821 2320 1881 quae
2334 1803 2414 1882 pias

409 1884 568 1950 Actorum
594 1889 630 1946 13
661 1882 705 1967 (v.
726 1880 782 1965 38)
815 1883 850 1945 in
884 1881 1037 1946 concione
1063 1879 1173 1944 Pauli:
1206 1901 1264 1960 per
1297 1879 1385 1943 hune
1437 1884 1551 1944 merdas
1572 1880 1779 1945 obtenebratas
1801 1883 1882 1945 serio
1901 1884 2024 1965 qratiam
2047 1882 2166 1948 Christi
2187 1906 2281 1950 sensu
2297 1889 2411 1966 privet,
2521 1935 2526 1943 .

306 2036 308 2041 ,
410 1970 502 2034 vobis
531 1970 745 2032 annuntiatur
769 1967 916 2031 remissio
938 1973 1160 2048 peecatorum,
1192 1973 1224 2028 et
1252 1966 1292 2029 ab
1315 1987 1384 2028 om·
1437 1972 1602 2046 antequam
1625 1968 1666 2031 ad
1682 1967 1749 2030 alia
1769 1972 1901 2046 tramea,
1924 1968 1979 2033 hoc
1995 1969 2141 2033 delirium
2152 1971 2289 2053 refellere
2301 1993 2412 2052 operm

408 2055 503 2119 nibus
530 2055 571 2118 iis
600 2076 620 2118 a
647 2055 763 2137 quibus
785 2074 852 2116 non
873 2052 1025 2134 potuistis
1053 2051 1222 2115 iustificari
1248 2051 1281 2113 iu
1312 2050 1384 2134 lego
1430 2053 1570 2132 pretium
1598 2056 1648 2116 est.
1696 2051 1807 2117 Primo
1833 2052 1906 2118 traec
1932 2055 2101 2134 specuhatio
2128 2075 2231 2121 aurae
2257 2062 2303 2120 est
2334 2060 2411 2122 ieiu

407 2141 524 2220 Mosis,
554 2140 660 2204 omnis
681 2140 738 2220 qui
759 2138 863 2204 eredit
883 2139 918 2201 in
938 2158 1014 2201 eum
1034 2137 1237 2201 iustificetur.
1281 2135 1385 2199 Vides
1436 2158 1554 2217 noeque
1586 2138 1782 2203 curiositatis.
1831 2138 1937 2203 Multa
1970 2141 2095 2220 quidem
2124 2143 2299 2224 scripturae
2329 2145 2410 2208 testi-

331 2294 334 2300 ,
407 2236 481 2308 post
513 2226 736 2290 remissionem
764 2230 970 2308 peecatorum
1002 2221 1267 2286 iustificationem
1299 2221 1384 2286 hanc
1436 2224 1541 2287 monia
1569 2224 1755 2302 accumulat,
1784 2224 1897 2304 quihus
1920 2223 2078 2290 Christum
2102 2226 2325 2308 probet-unum
2346 2251 2410 2295 esse

407 2311 499 2377 velut
529 2312 806 2393 interpretationis
838 2309 908 2373 loco
939 2309 1031 2390 poni;
1064 2307 1156 2372 vides
1186 2314 1296 2389 aperte
1324 2328 1384 2389 pro
1436 2308 1607 2387 nehisarm
1639 2313 1743 2374 etum
1763 2312 1903 2375 vicissim
1925 2331 1995 2375 crem
2016 2312 2100 2392 apso,
2128 2315 2209 2394 quod
2230 2315 2410 2396 probatione

406 2397 609 2462 absolutione
633 2397 732 2474 sumi3
760 2394 851 2460 vides
874 2393 1025 2476 operibus
1045 2393 1128 2476 legis
1151 2392 1266 2471 adimi;
1294 2391 1385 2459 vides
1436 2415 1498 2458 raon
1518 2395 1650 2476 tanqu,-
1671 2396 1725 2459 sed
1746 2397 1822 2476 quia
1839 2418 1901 2460 non
1922 2397 2059 2461 observat
2079 2397 2175 2465 huius
2195 2400 2328 2467 mauis
2344 2401 2411 2465 vira-

406 2504 534 2547 merum
557 2481 681 2546 Christi
712 2482 907 2547 beneficium
930 2500 1014 2558 esse;
1042 2477 1134 2545 vides
1160 2477 1223 2542 fido
1245 2479 1383 2561 pereipi;
1436 2481 1555 2558 cutum,
1586 2500 1619 2544 se
1650 2480 1755 2560 ipsum
1787 2482 1944 2562 illaqueat.
1990 2482 2091 2549 Nohis
2116 2503 2189 2555 uero
2213 2505 2317 2551 omnes
2343 2487 2410 2551 eius

404 2568 491 2634 eides
513 2568 644 2648 denique
660 2568 815 2647 interponi
836 2565 1088 2645 satisfactionem,
1111 2564 1166 2628 uhi
1186 2565 1263 2629 dicit
1285 2584 1341 2628 nos
1362 2585 1383 2627 a
1436 2567 1531 2630 nodos
1547 2565 1693 2644 expedire
1712 2565 1806 2646 facite
1818 2573 1870 2646 est,
1892 2568 1948 2650 qui
1965 2573 2110 2648 unm,
2126 2591 2183 2634 nos
2200 2590 2270 2636 cum
2290 2569 2411 2637 Christo

399 2655 538 2734 peccatis
558 2653 726 2733 iustificari
742 2673 803 2732 per
826 2649 994 2716 Christum.
1034 2648 1090 2714 Sic
1114 2670 1213 2731 quum
1236 2649 1382 2730 publiea·
1435 2651 1525 2714 uniri
1547 2671 1664 2714 arcana
1685 2653 1820 2731 spiritus
1840 2655 1908 2720 mers
1928 2655 2048 2731 diruite.
2080 2653 2266 2739 Conccperat
2285 2659 2339 2727 oir'
2359 2657 2411 2723 ille

406 2760 469 2803 nus
486 2737 587 2888 §llius
610 2743 665 2815 18,
688 2737 741 2820 14)
770 2736 890 2802 dicitur
910 2736 1104 2800 iustificatus
1132 2756 1150 2798 θ
1178 2736 1299 2817 templo
1327 2735 1382 2799 de·
1435 2736 1587 2817 quiddam
1607 2735 1703 2816 atrine
1724 2737 1936 2819 Manichaeis,
1964 2745 1999 2804 ut
2012 2743 2191 2806 essentiam
2211 2741 2276 2807 Dei
2303 2744 2339 2806 in
2359 2743 2410 2807 ha

408 2845 484 2890 soen
511 2825 580 2902 ¹sse,
593 2845 660 2888 non
671 2843 843 2904 possumus
855 2821 971 2896 dicere,
992 2820 1099 2902 aliquo
1116 2841 1248 2901 operum
1267 2821 1384 2885 merito
1435 2823 1534 2885 mines
1560 2822 1779 2904 transfundere
1804 2830 1965 2905 appeteret.
2008 2826 2094 2890 Him
2120 2827 2210 2892 aliud
2235 2828 2304 2891 eius
2332 2849 2409 2893 com

406 2918 639 2992 consequutum
660 2930 730 2973 esse
746 2908 919 2972 iustitiam.
963 2906 1037 2971 Hoc
1059 2927 1137 2989 ergo
1160 2905 1287 2985 dicitru,
1309 2913 1383 2989 post
1435 2913 1586 2986 mentum
1618 2907 1728 2973 Adam
1758 2910 1859 2990 fuisse
1883 2911 2053 2992 formatum
2079 2912 2123 2975 ad
2146 2912 2314 2994 imapinem
2335 2912 2406 2990 Dei,

404 2996 613 3079 impetratam
630 3002 837 3077 peecatorum
850 2994 991 3070 veniam,
1010 3013 1069 3076 pro
1087 2993 1173 3056 iusto
1191 3013 1262 3057 esse
1274 3013 1382 3056 coram
1435 2994 1513 3077 quio
1534 2993 1601 3059 iam
1621 2998 1692 3058 ante
1708 2994 1834 3075 lapsum
1854 2997 2028 3062 destinatus
2037 3001 2081 3061 est
2095 2995 2237 3061 Christm
2250 2998 2406 3076 coemptor

405 3081 479 3145 Deo
499 3080 657 3144 habitum.
703 3079 815 3143 Iustus
837 3100 915 3161 ergo
936 3079 999 3141 fuit
1020 3099 1086 3142 non
1108 3099 1242 3161 operum
1266 3099 1382 3160 appro·
1434 3076 1590 3144 hmuanae
1610 3084 1750 3144 naturae.
1784 3080 1846 3145 Sed
1867 3083 1943 3162 quio
1963 3081 2104 3146 neuton
2124 3083 2238 3160 studeo,
2261 3082 2296 3144 in
2312 3102 2404 3161 proc-

405 3165 550 3244 batione,
578 3164 635 3230 sed
662 3166 806 3248 munta
829 3163 894 3228 Dei
923 3164 1133 3229 absolutione.
1179 3161 1290 3243 Quare
1317 3163 1382 3229 ele·
1435 3165 1514 3229 senti
1534 3165 1794 3230 camaimistam.
1823 3166 1912 3232 Dicit
1928 3187 1983 3232 nos
1997 3186 2094 3230 unum
2107 3186 2171 3231 esse
2191 3186 2260 3231 cum
2274 3164 2403 3230 Christo.

307 3305 311 3315 .
405 3258 522 3335 gunter
549 3251 757 3328 Ambrosius,
773 3251 798 3335 ¹)
826 3250 882 3331 qui
910 3256 1120 3333 peccatorum
1148 3249 1381 3315 confefflonem
1436 3249 1602 3314 Fatemm:
1626 3250 1745 3315 interea
1772 3271 1919 3335 amamus
1945 3252 2071 3317 misceri
2100 3250 2217 3317 Christi
2243 3252 2404 3317 essentiam

405 3344 501 3403 vocat
521 3336 783 3402 iustificationem
805 3335 996 3418 legitimam.
1401 3349 1403 3352 ’
1434 3355 1504 3401 cum
1529 3340 1644 3400 nostra.
1687 3335 1811 3402 Deinde
1829 3357 1997 3419 perpaom
2021 3337 2075 3401 hoe
2097 3338 2295 3418 principium
2322 3336 2405 3401 trahi

491 3429 520 3486 4.
564 3424 675 3504 Atque
696 3429 734 3485 ut
754 3421 943 3486 omittamus
969 3419 1209 3487 contentionem
1231 3419 1271 3484 de
1294 3441 1380 3518 poce,
1434 3421 1568 3518 dminus
1588 3422 1631 3486 ad
1651 3421 1726 3518 illas
1742 3423 1810 3486 eius
1824 3423 2032 3505 praestipias:
2056 3422 2213 3488 Cluistum
2234 3423 2321 3488 nohis
2341 3442 2406 3487 esse

405 3529 477 3574 rr
1609 3506 2407 3660 mus

405 3592 923 3745 ridirlinemddildliushllbldlidhem
941 3675 1101 3762 designat,
1123 3699 1225 3760 quum
1242 3612 1322 3742 dicit
1341 3677 1382 3741 ad
1435 3614 1565 3760 ditium,
1598 3699 1678 3758 quae
1704 3642 1787 3743 rdtio
1803 3613 1941 3745 limocendi
1967 3681 2002 3744 in
2028 3680 2129 3745 alium
2157 3680 2255 3745 locum
2283 3680 2406 3761 differri

406 3764 568 3847 Ephesios
592 3769 625 3842 1,
653 3769 684 3828 5:
714 3762 867 3829 destinati
894 3784 1007 3829 sumus
1035 3764 1070 3826 in
1097 3762 1303 3844 adoptionem
1323 3783 1383 3845 per
1428 3762 1576 3844 postulat.
1624 3763 1775 3843 &somma
1812 3769 1915 3829 autem
1947 3771 2068 3830 excuset
2098 3785 2131 3830 se
2162 3786 2229 3830 oocc
2267 3765 2368 3829 iustit'
2497 3770 2501 3777 '

408 3848 595 3927 Christum,
628 3848 809 3915 seeundum
835 3849 1076 3931 beneplacitum
1098 3848 1163 3912 Dei
1189 3849 1227 3911 in
1251 3847 1382 3912 laudem
1434 3849 1608 3913 assedialis
1627 3869 1688 3913 non
1708 3849 1799 3916 aliud
1816 3851 1971 3915 intendere
1990 3871 2086 3932 quam
2107 3856 2142 3915 ut
2157 3851 2229 3914 huic
2241 3850 2407 3916 sententiae

407 3932 567 4018 gloriosae
588 3934 690 4015 ipsius
712 3935 852 4019 gratiae,
881 3956 946 4017 qua
972 3956 1031 3999 nos
1060 3940 1206 4016 acceptos
1232 3933 1286 3999 vel
1307 3955 1382 4017 gra-
1435 3938 1589 4012 occurrat,
1612 3954 1668 3999 nos
1686 3941 1817 4016 propter
1837 3934 1999 4000 Christum
2020 3937 2119 4001 imtos
2139 3937 2295 4016 reputari,
2323 3935 2405 4000 dila

412 4019 509 4085 tiosos
527 4019 649 4084 habuit.
682 4020 722 4083 Id
744 4020 832 4085 enim
854 4019 963 4102 ipsum
984 4019 1056 4085 vult
1077 4019 1164 4102 quod
1182 4019 1259 4084 alibi
1277 4018 1383 4084 dicere
1434 4021 1501 4085 cide
1519 4024 1622 4084 tamen
1643 4021 1791 4101 exprimit
1811 4038 1843 4085 se
1863 4042 1925 4086 nan
1946 4023 2118 4086 caiustitia
2127 4026 2303 4100 contentum
2325 4041 2405 4102 quae

350 4155 356 4161 .
412 4103 506 4184 solet,
534 4103 644 4168 Deum
670 4125 729 4168 nos
757 4105 901 4188 gratuito
926 4104 1106 4170 iustificare
1130 4105 1240 4190 (Rom.
1260 4108 1294 4181 3,
1316 4103 1381 4188 24).
1434 4105 1524 4170 nohis
1544 4103 1713 4170 ohedientia
1740 4106 1943 4188 etsacritlcio
1962 4109 2072 4172 monis
2094 4105 2213 4171 Christi
2232 4112 2330 4187 parta
2350 4111 2402 4183 est,

412 4188 538 4272 Quarto
567 4197 677 4254 autem
703 4191 809 4272 eapite
837 4189 879 4254 ad
905 4191 1071 4255 Romanos
1098 4194 1144 4275 (v.
1164 4190 1212 4275 6),
1240 4190 1383 4273 primum
1433 4190 1548 4274 dripere
1585 4211 1642 4255 nos
1672 4190 1918 4257 substantialiter
1953 4194 1990 4257 in
2015 4193 2084 4259 Deo
2116 4194 2214 4257 iustos
2245 4212 2309 4257 csse
2338 4195 2402 4254 tam

412 4275 1003 4361 appellatiustitiaeimputationem3
1025 4296 1179 4341 neceam
1201 4274 1383 4340 dubitatin
1435 4277 1576 4355 essentia,
1599 4296 1695 4357 quam
1716 4278 1865 4358 qualitate
1885 4279 2003 4358 infusa.
2046 4278 2134 4343 Haec
2156 4279 2238 4342 enim
2258 4277 2340 4341 ratio
2360 4280 2404 4340 est

411 4370 616 4445 peecatorum
638 4361 828 4426 remissione
850 4361 1015 4427 collocare.
1059 4361 1184 4426 Beatus
1204 4360 1311 4441 homo,
1333 4362 1384 4426 in-
1435 4382 1491 4426 cur
1517 4366 1580 4425 tam
1605 4362 1793 4427 oehnnenter
1819 4364 1993 4441 contendet,
2026 4383 2087 4428 non
2112 4364 2212 4443 solum
2235 4362 2400 4440 Christum,

411 4449 494 4530 quit,
528 4469 548 4512 a
574 4445 704 4512 Davide
737 4446 856 4511 dieitur
884 4447 936 4510 oui
962 4449 1054 4512 Deus
1082 4454 1213 4529 accepto
1239 4447 1304 4511 fert
1332 4447 1383 4511 vel
1435 4449 1489 4514 scd
1507 4451 1633 4528 patrem
1658 4453 1686 4512 ct
1707 4450 1855 4528 spiritum
1881 4449 1916 4512 in
1936 4449 2024 4512 nohis
2043 4448 2189 4512 hahitare.
2237 4448 2326 4528 Quod
2346 4448 2402 4512 etsi

377 4570 381 4577 ·
410 4533 550 4615 imputat
571 4533 731 4597 iustitiam
753 4533 822 4596 sine
844 4533 1008 4615 operibus;
1034 4533 1118 4597 siout
1139 4534 1297 4615 scriptum
1318 4540 1382 4597 est:
1435 4555 1541 4598 oerum
1561 4554 1626 4598 csse
1644 4534 1753 4615 fauor,
1769 4554 1916 4614 perverse
1935 4538 2037 4597 tamen
2057 4534 2095 4597 ab
2116 4554 2149 4596 co
2169 4535 2307 4614 torqueri
2327 4533 2402 4599 dico.

411 4618 498 4685 beati
524 4639 661 4701 quorum
688 4619 842 4683 remissae
868 4625 945 4683 sunt
971 4618 1172 4701 iniquitates,
1202 4625 1261 4683 etc.
1309 4617 1383 4684 Illic
1437 4619 1569 4685 Modum
1589 4621 1670 4684 enim
1687 4619 1851 4683 trahitandi
1867 4619 2034 4696 expendere
2051 4617 2177 4696 dcmhai,
2198 4639 2306 4699 nempe
2322 4619 2403 4700 quod

411 4725 489 4770 sane
518 4726 584 4768 non
613 4704 653 4768 de
674 4703 912 4777 iustificationis
933 4711 1040 4785 parte,
1069 4703 1126 4768 sed
1152 4702 1192 4767 de
1218 4704 1289 4785 ipsa
1316 4710 1384 4768 tota
1430 4710 1524 4786 pater
1554 4709 1582 4768 et
1611 4706 1745 4785 spiritus
1777 4705 1811 4766 in
1840 4702 1961 4766 Christo
1993 4708 2080 4781 sunt;
2111 4707 2139 4766 et
2168 4704 2249 4768 sicut
2274 4705 2402 4786 inipso

412 4789 563 4871 disputat.
597 4789 679 4854 Eius
701 4810 796 4871 porro
819 4787 1039 4854 definitionem
1057 4811 1077 4854 a
1094 4788 1223 4854 Davide
1244 4789 1383 4871 positam
1435 4791 1555 4855 hamtat
1574 4789 1735 4870 plcndrulo
1761 4787 1951 4865 diuinitatis,
1984 4788 2031 4852 ita
2055 4789 2091 4852 in
2117 4790 2187 4869 ipso
2205 4791 2403 4870 possidemus

412 4881 688 4954 testatur„quum
710 4875 821 4939 beatos
843 4897 913 4940 esse
934 4875 1126 4957 pronuntiat
1147 4874 1264 4956 quibus
1287 4874 1383 4938 datur
1435 4882 1530 4940 tatum
1551 4874 1663 4939 Deum.
1700 4872 1859 4953 Quidquid
1879 4893 1949 4955 erqo
1969 4893 2108 4938 scorsum
2128 4876 2165 4940 de
2180 4881 2274 4955 patre
2293 4876 2403 4956 et'spi-

473 4958 555 5020 tuita
576 4967 779 5038 peccatorum
797 4961 901 5025 venia.
942 4960 1038 5026 Unde
1060 4967 1202 5041 apparet,
1223 4960 1383 5024 iustitiam
1434 4962 1500 5026 ritu
1514 4959 1646 5039 profert,
1667 4978 1729 5022 uon
1748 4958 1812 5021 alio
1832 4958 1927 5021 tendit
1944 4959 2010 5023 nisi
2026 4964 2060 5023 ut
2072 4961 2227 5041 simplices
2243 4960 2404 5026 abstrahat

437 5061 498 5106 ano
520 5040 559 5104 de
577 5063 640 5122 qua
658 5041 809 5124 loquitur,
833 5047 1022 5128 simpliciter
1039 5045 1144 5110 reatui
1157 5045 1284 5127 opponi.
1315 5043 1382 5109 Sed
1436 5069 1456 5111 a
1485 5043 1614 5108 Christo.
1658 5043 1781 5108 Deinde
1810 5043 2043 5109 substantialem
2070 5047 2248 5111 mixtionem
2280 5048 2402 5130 inperii,

413 5125 454 5190 ad
486 5126 570 5190 hanc
600 5147 670 5189 rem
696 5127 786 5193 loeus
813 5130 868 5195 ille
896 5140 945 5197 est
973 5133 1117 5195 omnium
1144 5130 1299 5211 optimus,
1326 5130 1383 5195 ubi
1434 5151 1496 5212 qua
1517 5129 1607 5193 Deus
1633 5149 1664 5193 se
1695 5131 1730 5193 in
1757 5150 1813 5193 uos
1841 5129 2063 5210 transfundens
2091 5134 2183 5213 quasi
2203 5138 2329 5212 partem
2349 5131 2402 5194 sai

413 5213 498 5278 banc
520 5232 590 5276 esse
610 5232 770 5275 summam
792 5214 885 5281 docet
905 5217 1076 5300 legationis
1097 5215 1319 5298 evangeliiae,
1346 5223 1382 5278 ut
1432 5214 1538 5297 [aaa.
1583 5214 1670 5279 Nam
1701 5216 1813 5279 uirtute
1843 5216 1975 5295 spiritus
1998 5219 2098 5281 sancti
2122 5217 2193 5298 heri
2223 5223 2258 5280 ut
2288 5215 2400 5282 males·

410 5297 657 5364 reoouoiliemur
672 5297 744 5360 Deo
767 5298 1221 5386 (2001-.5‚1s),quiaipse
1243 5322 1303 5365 nos
1324 5321 1383 5383 per
1434 5322 1541 5366 camus
1566 5321 1636 5366 euni
1659 5300 1797 5379 Cirristo,
1829 5300 1974 5383 nobisque
2000 5303 2041 5366 sit
2066 5307 2171 5383 eaput,
2199 5307 2226 5364 et
2253 5320 2308 5363 nos
2334 5301 2401 5362 eius

412 5383 581 5448 Christum
602 5382 674 5448 vult
696 5382 730 5446 in
752 5385 890 5466 gratiam
911 5387 1071 5470 recipere,
1101 5408 1166 5451 non
1192 5387 1382 5470 imputando
1433 5386 1577 5466 menbra,
1598 5387 1664 5467 fere
1678 5408 1741 5468 pro
1763 5386 1860 5451 nihilo
1876 5388 1969 5465 ducit,
1991 5388 2055 5451 nisi
2075 5389 2143 5451 eius
2163 5385 2293 5449 assertio
2314 5383 2401 5448 rwhis

1434 5474 1608 5539 misceatur.
1654 5471 1715 5538 Sed
1736 5474 1771 5536 ia
1787 5478 1879 5554 patre
1899 5478 1927 5536 et
1948 5474 2064 5555 spiritu
2084 5473 2235 5553 apertius,
2260 5475 2294 5534 ut
2320 5471 2399 5548 diei,

1407 5560 1537 5642 ,prodit
1568 5559 1645 5641 qrrid
1672 5559 1801 5624 sentiat:
1834 5577 1941 5638 nenepc
1967 5557 2134 5637 iustificari
2159 5574 2215 5619 nos
2241 5576 2302 5620 nou
2333 5556 2400 5621 sola

481 5653 509 5716 1)
527 5655 558 5706 In
578 5656 647 5708 Psoi
667 5655 725 5708 118.
744 5656 828 5709 Serm-
849 5657 889 5708 1⁰.
1407 5657 1410 5694 ³
1433 5647 1613 5713 mediatoris
1632 5646 1750 5729 pratia,
1777 5663 1831 5708 uec
1856 5644 1892 5706 in
1911 5645 1980 5707 eius
1992 5661 2129 5723 persona
2150 5640 2303 5706 iustitiam
2323 5645 2399 5708 sim
