5600 6809
397 773 460 833 735
813 795 820 808 ·
969 869 970 872 Ἴ
1040 761 1306 831 ΙΝΒΤῙΤΠΉΟ
1328 766 1433 832 REL.
1456 763 1637 832 OHRJST.
1663 769 1754 831 1559.
2166 799 2169 803 ’
2337 771 2403 834 736

394 955 727 1032 maneformabuntur,
756 955 793 1017 in
822 953 960 1038 gloriam
981 953 1199 1017 immortalem
1220 961 1370 1034 receptus
1421 957 1465 1016 set
1495 951 1638 1018 Christus
1664 954 1793 1017 latroni:
1825 954 1915 1018 bodie
1945 974 2062 1036 meeum
2095 956 2158 1020 eris
2184 957 2220 1018 in
2243 957 2401 1036 paradise

394 1049 458 1120 est3
482 1042 510 1105 si
532 1041 675 1123 aliquem
693 1040 827 1104 habebit
843 1041 944 1104 finem
962 1059 1076 1102 eorum
1092 1036 1268 1116 beatitudo,
1291 1059 1369 1121 ergo
1422 1037 1518 1121 (Luc.
1543 1042 1593 1116 23,
1618 1040 1682 1123 43).
1732 1039 1811 1104 Tam
1834 1038 1932 1104 eteris
1952 1043 2135 1106 testimoniis
2155 1042 2228 1123 (reti
2250 1062 2288 1105 ne
2308 1043 2402 1106 dubi-

393 1148 532 1210 regnum
555 1126 691 1203 Christi,
715 1127 808 1191 euius
831 1125 989 1190 soliditati
1011 1125 1181 1201 innititur,
1206 1131 1369 1207 tempora·
1421 1129 1533 1202 minus,
1569 1123 1691 1189 Obristi
1717 1125 1869 1207 eeernpie,
1901 1128 2066 1191 maianus
2092 1126 2159 1192 Dee
2186 1128 2401 1192 ammiane
2474 1149 2479 1161 ·

393 1215 481 1278 rium
509 1221 566 1277 est.
611 1212 764 1295 Denique
796 1219 854 1274 aut
879 1210 1115 1294 imperitissimi
1148 1217 1227 1274 sunt
1259 1230 1370 1274 rerum
1421 1211 1547 1274 enimes
1566 1207 1690 1274 nostias
1710 1210 1801 1295 (ibid.
1821 1214 1877 1293 46)
1884 1235 1894 1289 ;
1914 1211 1970 1289 eet,
1992 1213 2128 1293 eeanpte
2152 1212 2310 1293 Stephani,
2332 1218 2401 1278 tra

393 1300 543 1364 omnium
571 1298 773 1374 divinam,
803 1303 861 1360 aut
888 1295 1018 1377 obliqua
1039 1295 1245 1380 malignitate
1267 1301 1369 1360 totam
1421 1297 1494 1360 dere
1513 1294 1636 1360 Christe
1653 1297 1689 1359 in
1705 1296 1877 1360 custodiam
1894 1296 1981 1380 (Aet.
2003 1302 2031 1375 7,
2053 1298 2118 1381 59),
2137 1300 2193 1379 qui
2209 1319 2270 1362 non
2286 1304 2401 1365 arnae

394 1385 459 1449 Dei
492 1386 633 1469 gratiam
661 1383 849 1464 Christique
885 1383 1043 1445 vimutem
1072 1381 1266 1446 labefactare
1299 1402 1368 1444 me·
1421 1387 1546 1445 uocatur
1570 1381 1677 1461 fidelis
1702 1401 1811 1445 eamm
1829 1387 1939 1462 paster
1959 1388 1988 1446 et
2008 1384 2168 1464 episcopm
2195 1385 2227 1468 (1
2253 1385 2340 1448 Petr.
2365 1388 2398 1463 2,

393 1471 528 1535 liuntur.
570 1469 720 1550 Quarum
741 1467 1015 1549 complementum
1036 1489 1103 1531 non
1126 1467 1221 1530 aliter
1243 1473 1370 1531 eonstat
1422 1466 1488 1550 25).
1530 1466 1636 1532 Perre
1663 1467 1701 1532 de
1727 1467 1908 1532 intermedie
1935 1489 2043 1533 earnm
2067 1475 2151 1533 stetu
2172 1470 2327 1534 omasus
2349 1472 2400 1534 in·

394 1559 458 1621 nisi
476 1556 646 1621 obliterato
663 1561 794 1637 peccato
812 1558 845 1617 et
862 1551 1015 1635 absorpta
1032 1561 1138 1616 morte
1149 1553 1218 1617 vita
1236 1559 1369 1617 aeterna
1422 1553 1545 1634 quirere
1573 1573 1668 1633 neque
1694 1553 1748 1634 fes
1774 1559 1832 1631 est,
1860 1574 1956 1635 neque
1982 1556 2112 1636 expedit.
2164 1555 2261 1619 Vatde
2282 1575 2315 1620 se
2337 1561 2399 1620 ter-

395 1642 437 1707 ad
455 1643 590 1725 plenum
607 1642 818 1705 instauretur.
849 1637 959 1718 Quam
977 1659 1055 1703 vero
1073 1637 1189 1703 stolide
1206 1638 1369 1720 ineptiant
1422 1643 1515 1719 quent
1540 1639 1634 1703 mntti
1660 1639 1850 1718 disputando
1877 1660 1966 1720 quern
1993 1640 2092 1704 tecum
2113 1646 2270 1722 occupent,
2297 1647 2325 1704 et
2353 1662 2398 1705 an

396 1729 452 1810 qui
476 1729 594 1791 timent
614 1726 750 1788 nimiam
773 1723 844 1789 Dee
866 1725 1038 1790 saevitiam
1059 1724 1242 1790 adscribere
1264 1724 1291 1787 si
1315 1744 1368 1786 ae-
1421 1723 1541 1788 cedesti
1560 1725 1664 1807 pieria
1685 1725 1751 1788 iam
1771 1724 1920 1805 fruenter
1940 1745 2040 1790 nane.
2084 1726 2188 1806 Atqui
2213 1726 2342 1790 stultum
2369 1732 2398 1791 et

395 1814 499 1877 ternis
520 1812 632 1894 poenis
654 1810 784 1892 reprobi
805 1809 1014 1888 addicantur,
1043 1809 1095 1874 vel
1118 1810 1222 1875 caeeis
1244 1809 1368 1891 perspi·
1421 1812 1622 1874 temerarium
1653 1813 1698 1873 est
1729 1811 1767 1874 de
1799 1809 1889 1876 rebius
1919 1812 2083 1893 incepnitts
2113 1812 2211 1876 attius
2239 1813 2397 1892 inquirere

394 1917 491 1963 ouum
513 1906 571 1962 est.
616 1895 750 1962 Scilicet
770 1896 910 1960 iniurius
932 1896 995 1959 erit
1016 1895 1195 1972 Dominus,
1219 1895 1246 1957 si
1268 1915 1369 1977 regno
1421 1915 1517 1975 quam
1538 1895 1627 1961 Dens
1647 1895 1735 1960 rtebis
1755 1897 1835 1960 scire
1850 1897 2019 1975 permittat.
2066 1896 2231 1977 Scriptura
2259 1897 2394 1981 (Matth.

395 2005 455 2048 suo
473 1983 654 2066 privaverit
670 1983 726 2064 qui
743 2002 781 2045 eo
799 2003 834 2046 se
851 1980 1003 2063 indignos
1020 2003 1079 2064 per
1095 1979 1370 2063 ingratitudinem
1423 1986 1457 2058 5,
1481 1984 1509 2043 8.
1534 1984 1589 2059 26;
1617 1981 1732 2045 Ioann.
1759 1985 1811 2059 12,
1837 1980 1908 2064 32),
1941 1982 1997 2046 ubi
2027 1983 2112 2046 dixit
2141 1980 2302 2048 Christum
2329 1985 2397 2048 iilis

394 2069 603 2134 reddiderint.
649 2071 696 2132 At
727 2075 860 2149 peccata
893 2086 1006 2130 eorum
1046 2067 1241 2148 temporaria
1282 2074 1367 2130 sunt.
1416 2071 1611 2147 praesentem
1637 2087 1702 2131 esse
1729 2073 1757 2130 et
1779 2087 1833 2132 eas
1854 2068 1988 2149 recepere
2009 2068 2044 2132 in
2059 2069 2253 2148 pmadnnm
2273 2074 2308 2132 ut
2327 2089 2397 2134 een

394 2155 525 2231 Fateor,
548 2154 610 2252 sed·
623 2154 688 2218 Dei
704 2154 866 2230 maiestas,
885 2160 983 2234 atque
1001 2153 1101 2217 etiam
1116 2152 1250 2251 iustitia,
1270 2172 1370 2233 quam
1421 2152 1601 2217 edatienem
1614 2153 1801 2250 percipiant,
1823 2153 2021 2252 reproborum
2037 2174 2107 2219 cere
2130 2155 2256 2218 annuas
2275 2157 2398 2253 crucia·

394 2240 1013 2410 recesseruntque
1029 2238 1289 2406 testeae
1303 2258 1369 2388 e}
1421 2238 1599 2403 aaa
1611 2239 2396 2414 mammete..

392 2412 485 2476 cedet
514 2410 632 2476 delicti.
677 2410 770 2474 Haec
799 2431 877 2474 vero
899 2416 949 2473 eet
970 2407 1195 2474 eonferenda
1216 2408 1368 2491 blasphe-
1416 2408 1609 2489 patefaciet?
1651 2410 1701 2474 De
1726 2409 1789 2474 lece
1815 2429 1878 2474 rien
1904 2412 2010 2476 minus
2034 2412 2141 2491 inepta
2167 2416 2195 2475 et
2219 2411 2325 2492 futilis
2351 2417 2396 2476 est

393 2499 469 2574 mia,
492 2497 571 2561 dum
593 2505 662 2560 tam
683 2516 784 2577 paruo
807 2496 997 2560 aestimatur
1018 2494 1081 2559 Dei
1103 2495 1267 2572 maiestas,
1290 2493 1369 2558 dum
1420 2495 1574 2574 qnaestim
1595 2495 1719 2576 quande
1740 2495 1857 2559 scimus
1877 2515 1939 2560 nen
1959 2517 2030 2561 eam
2050 2517 2116 2561 esse
2132 2498 2259 2561 aninme
2275 2498 2394 2561 dimen-

392 2604 460 2647 non
487 2582 591 2664 pluris
620 2582 658 2645 tit
679 2581 749 2645 eius
771 2587 976 2663 contemptus
999 2601 1096 2663 quam
1119 2580 1246 2644 animae
1269 2581 1367 2644 unius
1420 2580 1539 2644 sienim
1564 2600 1658 2661 mmm
1686 2582 1829 2661 corperis.
1877 2581 1964 2662 Quod
1989 2583 2081 2646 simis
2102 2581 2252 2647 Abrabae
2278 2584 2394 2647 elicitam

393 2669 539 2733 exitium.
584 2665 651 2732 Sed
673 2667 861 2730 omittamus
882 2674 1057 2749 nugatores
1079 2666 1166 2743 istos,
1189 2686 1232 2729 ne
1254 2673 1368 2730 eontra
1420 2664 1703 2731 caesaraeam
1723 2666 1896 2747 wdetun
1916 2667 2059 2746 cededie,
2087 2669 2176 2732 nobis
2201 2667 2322 2732 abunde
2350 2674 2394 2733 est

393 2773 492 2836 quam
537 2753 651 2817 raefati
673 2772 803 2826 sumus,
827 2749 996 2816 videamur
1018 2772 1131 2816 eorum
1154 2748 1368 2816 deliramenta
1420 2770 1458 2814 ee
1475 2749 1533 2815 bac
1544 2753 1793 2834 pereqrinatiene
1808 2753 1912 2833 accipi
1929 2774 1951 2817 a
1967 2756 2122 2818 communi
2136 2752 2278 2832 fidelium
2290 2759 2391 2835 patre,

393 2839 589 2904 refirtatone
610 2837 710 2920 digna
731 2836 885 2902 iudicare.
1419 2840 1454 2899 at
1479 2836 1637 2902 nobiscum
1661 2837 1737 2917 fidei
1763 2857 1841 2902 suae
1860 2839 2001 2919 fructum
2020 2839 2223 2904 mmmunnet.
2267 2839 2394 2904 Interea

481 2929 509 2988 6.
554 2922 629 2988 Due
656 2927 785 3017 praeter
821 2923 894 2988 baec
924 2922 1041 2987 deliria
1073 2923 1191 2988 incede
1223 2928 1297 2987 suut
1328 2922 1367 2986 ab
1419 2940 1515 3001 quum
1535 2924 1694 3002 scriptino
1715 2922 1828 3003 ubique
1848 2924 1953 2989 iubeat
1963 2925 2098 3006 pendere
2115 2923 2154 2988 ab
2170 2926 2394 3004 exspectatione

393 3008 571 3076 nemaeus
590 3028 759 3089 paperem
786 3009 929 3072 curiosis.
973 3007 1047 3072 Atii
1068 3013 1240 3088 putarunt,
1274 3009 1368 3089 qnasi
1419 3006 1570 3072 aduenas
1589 3006 1714 3086 Christi,
1736 3014 1764 3072 et
1780 3009 1900 3090 pieriae
1920 3030 2064 3075 mrerram
2084 3030 2118 3074 ee
2138 3029 2234 3089 rupee
2255 3009 2391 3089 differat,

392 3099 474 3161 acus
494 3092 582 3160 teme
602 3095 744 3172 mtereat,
774 3096 900 3158 animes
920 3099 1154 3159 resurrecturas
1173 3113 1244 3158 cum
1265 3114 1368 3175 corpe
1418 3094 1548 3157 mnnrrti
1568 3095 1671 3158 simus
1691 3093 1742 3158 tris
1760 3093 1879 3174 finibus
1899 3095 2053 3160 diemitus
2072 3096 2160 3160 nobis
2171 3096 2390 3176 praesmptis,

391 3180 498 3245 cibran
523 3179 595 3259 alii,
624 3199 721 3260 quum
747 3178 936 3244 imnertates
957 3198 1022 3245 esse
1041 3181 1175 3261 spiritus
1195 3180 1366 3258 madent,
1419 3178 1544 3243 animas
1566 3180 1696 3259 pamm
1722 3179 1856 3244 midiae
1883 3180 1985 3245 tabere
2007 3182 2190 3263 perfundas
2215 3182 2251 3244 in
2272 3181 2394 3245 meam

395 3608 459 3673 Dei
479 3609 612 3690 formate
630 3610 743 3687 statim
764 3610 931 3673 menidam
946 3610 1064 3690 facere,
1087 3609 1142 3688 qni
1164 3628 1198 3670 tn
1220 3607 1278 3672 bae
1299 3613 1367 3672 tan-
1419 3608 1465 3686 (v.
1490 3608 1525 3693 6)
1551 3607 1686 3673 diabolis
1713 3613 1867 3690 asapnat,
1894 3614 2010 3672 muetos
2037 3610 2153 3673 eatenis
2178 3610 2275 3674 teneri
2300 3610 2392 3674 detrec

393 3699 460 3758 tum
486 3695 605 3792 caduce
631 3696 696 3792 eita
724 3714 835 3792 eorpus
862 3699 988 3776 emeat,
1016 3699 1047 3791 et
1067 3692 1213 3775 temptum
1233 3694 1367 3774 spiritus
1418 3694 1462 3759 ad
1482 3694 1674 3776 snpplicium
1696 3694 1748 3757 cui
1769 3693 1887 3791 addicti
1908 3699 1981 3758 mart
2001 3694 2175 3759 iubemur.
2245 3781 2250 3792 Ι
2293 3704 2302 3716 ·

394 3779 1367 3948 uince
1419 3885 1480 3930 t.
1501 3778 2064 3946 aurem
2081 3800 2394 3948 mmet

394 3950 594 4014 manuue
620 3955 721 4029 notae,
750 3951 809 4014 bac
829 3951 896 4016 dote
916 3952 1066 4033 spoliare:
1092 3957 1128 4015 nt
1146 3951 1256 4016 melier
1276 3955 1367 4032 atque
1418 3952 1505 4015 neeis
1526 3957 1554 4015 et
1575 3951 1651 4015 aliis
1672 3950 1838 4030 praeditas
1857 3952 1926 4032 fere
1946 3952 2170 4036 imeqinantur.
2215 3950 2393 4018 Aciliani

394 4035 586 4120 summatim
606 4037 648 4101 sit
668 4038 806 4118 commis
826 4037 959 4102 mrtditie
979 4057 1075 4119 quem
1096 4038 1228 4101 animae.
1263 4037 1366 4120 Lenqe
1417 4037 1580 4101 etaemum
1601 4036 1725 4116 quidem
1741 4056 1897 4117 perquam
1922 4037 2028 4118 frutetis
2054 4041 2135 4104 ratio
2161 4039 2238 4120 (uit,
2265 4039 2393 4102 minime
2476 4059 2479 4062 ·

393 4120 486 4185 atiter
502 4122 669 4202 scriptura,
691 4142 772 4202 quae
793 4142 905 4203 cerpus
925 4123 1049 4206 tuqmie
1070 4129 1229 4205 animarat
1249 4144 1286 4187 ee
1307 4144 1366 4204 qne
1418 4127 1651 4187 mnsentanemn
1667 4142 1732 4186 esse
1748 4127 1783 4186 ut
1799 4141 1872 4187 care
1892 4143 1972 4204 quae
1992 4125 2157 4189 immunda
2177 4130 2223 4188 ast
2241 4129 2393 4205 resnrqat.

392 4226 450 4271 nes
471 4208 609 4290 miqrere
629 4209 705 4272 dicit
726 4228 823 4288 quum
845 4209 1015 4287 morinum
1042 4210 1119 4290 quie
1148 4208 1186 4273 ab
1214 4213 1366 4289 reperte
1416 4207 1521 4290 Quasi
1549 4228 1619 4273 vere
1647 4207 1738 4273 nulle
1764 4209 1808 4272 sit
1838 4210 2019 4274 aninmrum
2051 4209 2279 4285 immunditia,-
2312 4229 2396 4287 quas

392 4311 449 4357 nes
476 4294 619 4357 aestimat
647 4314 725 4375 quae
750 4313 806 4357 nes
827 4314 849 4356 a
870 4293 971 4359 brutis
997 4293 1189 4359 animalibus
1208 4295 1366 4359 incenit.
1418 4299 1520 4359 tamen
1542 4315 1564 4358 a
1584 4314 1639 4375 spe
1659 4294 1794 4359 mdestis
1814 4296 1895 4359 uitae
1915 4315 1978 4360 mu
1998 4296 2146 4360 arcebant.
2182 4293 2315 4356 Perinde
2332 4294 2396 4374 iqi-

396 4376 449 4442 Sic
470 4378 584 4444 Petrus
606 4378 640 4463 (2
653 4379 743 4442 Petr.
760 4383 786 4454 1,
802 4378 856 4462 14)
878 4381 971 4443 merti
985 4381 1183 4462 propinquus
1200 4380 1274 4445 dicit
1294 4385 1367 4444 tem-
1418 4385 1471 4443 tur
1497 4381 1562 4462 fuit
1588 4399 1626 4443 ae
1651 4382 1682 4444 si
1708 4381 1855 4459 dicerem
1878 4382 2016 4464 purperi
2042 4380 2195 4447 diuinitus
2222 4397 2283 4440 nen
2299 4398 2395 4458 posse

388 4466 675 4546 praemissaque
696 4463 926 4531 ίαόενηαοαίωη
946 4485 1041 4530 mum
1061 4464 1200 4548 menet.
1243 4464 1368 4532 Paulus
1419 4467 1501 4548 qued
1520 4466 1641 4548 peceati
1661 4465 1735 4530 tabe
1762 4466 1907 4547 infectum
1927 4472 1979 4531 ast.
2024 4465 2110 4529 Nam
2130 4461 2211 4526 iilud
2233 4462 2392 4542 delirium,

392 4569 464 4613 eere
481 4550 518 4614 de
533 4549 678 4631 fidetibus
695 4551 829 4631 loquens,
842 4555 1011 4632 postquam
1026 4553 1117 4631 dixit,
1139 4552 1194 4616 nbi
1210 4553 1367 4617 &restris
1419 4553 1502 4635 qued
1520 4551 1709 4617 manatiter
1730 4553 1893 4617 inmunda
1914 4556 1990 4615 esset
2015 4569 2103 4626 cere,
2130 4547 2208 4627 qrrie
2229 4570 2250 4612 a
2271 4549 2394 4614 diabole

393 4635 505 4702 dernus
525 4642 632 4701 nestra
648 4637 800 4701 casuue
819 4635 924 4717 fuerit,
947 4637 1034 4701 nobis
1050 4657 1115 4702 esse
1136 4637 1315 4717 aedificium
1331 4639 1367 4702 in
1419 4643 1540 4717 crema,
1574 4657 1656 4702 minc
1681 4641 1849 4717 praem
1896 4636 2032 4700 Tantum
2063 4633 2205 4711 omna,
2238 4634 2393 4715 quidquid

393 4721 499 4799 coetis,
532 4723 677 4804 ediunpit
702 4742 759 4786 nes
780 4723 980 4805 pereprinari
1007 4743 1029 4786 a
1051 4720 1187 4786 Domine
1214 4723 1367 4802 quetidie
1418 4744 1500 4788 nune
1526 4723 1604 4789 caete
1629 4722 1794 4804 indiqnum
1818 4723 1853 4785 in
1879 4719 1967 4784 nabis
1992 4723 2051 4799 est,
2082 4721 2301 4785 resurrectioni
2331 4740 2392 4784 rien

393 4826 555 4870 menemus
575 4808 610 4869 in
631 4827 764 4888 carpere,
786 4809 840 4872 sed
861 4812 1000 4887 eepetere
1018 4806 1083 4871 Dei
1098 4809 1311 4888 prementium
1332 4810 1367 4873 in
1419 4810 1545 4874 ebstme
1578 4808 1679 4889 Atqui
1694 4807 1803 4886 pmme
1823 4823 1920 4885 quum
1941 4805 2045 4870 iubeat
2065 4804 2191 4870 Paulus
2212 4805 2247 4890 (2
2267 4805 2340 4870 (lor.
2362 4811 2390 4883 7,

393 4890 532 4953 absentia
553 4894 691 4971 corperis
712 4892 746 4976 (2
766 4892 839 4957 Oor.
860 4898 888 4969 5,
911 4897 925 4955 1
946 4892 1058 4975 seqq).
1093 4891 1171 4956 Nisi
1186 4896 1368 4972 superstite
1422 4895 1455 4978 1)
1474 4895 1579 4976 fideles
1598 4913 1631 4958 se
1651 4890 1804 4954 mundare
1824 4889 1863 4953 at
1883 4891 1969 4954 muni
1989 4891 2221 4973 inquinamento
2241 4892 2393 4955 cernuat

394 4979 493 5038 essent
514 4976 637 5039 animae
664 4978 856 5058 cerporibus,
886 4979 963 5058 qnid
984 4983 1029 5042 est
1050 4977 1132 5058 qued
1152 4977 1241 5043 babet
1261 4977 1367 5044 Deum
1418 4981 1565 5062 spirituus,
1587 4976 1659 5042 inde
1679 4975 1821 5053 sequitur
1841 4975 1923 5055 qued
1944 4976 2022 5040 alibi
2049 4977 2084 5062 (2
2107 4975 2182 5042 (lor.
2208 4981 2235 5054 5,
2261 4978 2314 5058 10)
2343 4977 2393 5040 de

388 5063 583 5140 praesentem
608 5061 662 5124 irbi
688 5068 732 5126 est
754 5085 775 5125 a
796 5083 919 5144 carpere
940 5063 1144 5144 separatim?
1188 5063 1367 5130 Dubitatio
1417 5065 1542 5129 amittat
1568 5060 1736 5136 iudicium,
1763 5065 1799 5123 ut
1822 5066 1954 5142 reportet
1972 5064 2183 5144 unusquisqne
2198 5081 2260 5141 per
2281 5082 2392 5142 cerpus

392 5315 441 5380 bis
462 5317 622 5401 intedipit
651 5339 708 5383 nes
729 5257 984 5387 smiarindendm
998 5321 1158 5403 patribus,
1187 5323 1244 5402 qni
1271 5322 1366 5386 etiem
1416 5318 1630 5399 manifestetur
1661 5319 1697 5383 in
1730 5337 1822 5382 eante
1853 5283 1960 5384 ndstra
1975 5285 2123 5386 'metam
2170 5319 2240 5400 Qua
2273 5319 2393 5389 ratione

392 5404 507 5467 mertui
528 5404 656 5469 eandem
671 5405 818 5486 pietatm
838 5406 995 5472 mbiseum
1016 5407 1130 5485 cotum,
1159 5412 1195 5470 ut
1213 5425 1276 5472 nen
1294 5425 1366 5486 pos-
1417 5404 1495 5470 aiibi
1522 5404 1558 5488 (1·
1579 5403 1693 5469 'Phess
1717 5407 1747 5482 5,
1771 5401 1827 5487 23)
1854 5424 1916 5469 nen
1942 5405 2048 5470 minus
2068 5405 2227 5488 preater
2246 5410 2282 5468 ut
2302 5404 2393 5469 Deus

392 5487 493 5553 simus
510 5510 575 5555 esse
594 5489 713 5555 Christi
729 5491 864 5557 menbra
880 5493 946 5557 nisi
962 5512 1032 5557 cum
1049 5494 1129 5574 ipsis
1150 5490 1364 5557 mitescamus.
1417 5492 1537 5575 utapro
1557 5511 1687 5571 corpere
1703 5495 1856 5555 emend
1872 5509 1968 5570 nsqm
1985 5491 2028 5556 ad
2044 5491 2128 5556 dnm
2146 5487 2272 5568 Omisit,
2294 5511 2390 5570 quem

396 5571 473 5636 Nisi
494 5576 588 5638 etiem
608 5577 734 5641 animae
755 5578 934 5659 ceperitis
955 5583 1065 5642 eeutee
1086 5579 1250 5642 retinuerant
1273 5597 1366 5642 suem
1416 5578 1543 5642 animas
1563 5581 1591 5641 et
1611 5576 1752 5655 midas.
1800 5574 1864 5640 Nec
1890 5576 2023 5639 mirum:
2050 5577 2129 5657 quia
2153 5594 2281 5654 corpora
2310 5596 2390 5657 quae

393 5660 567 5738 essentem,
589 5680 626 5724 ac
643 5662 746 5728 deame
765 5663 885 5746 pieriae
904 5682 1033 5744 capuces
1053 5666 1159 5743 essm,
1181 5682 1245 5729 non
1266 5663 1366 5728 dieis·
1416 5663 1478 5728 sibi
1499 5665 1535 5728 in
1554 5661 1668 5744 ternpta
1689 5660 1806 5726 denen
1827 5659 1917 5725 Dens
1938 5659 1972 5744 (1
1992 5659 2067 5726 Oor.
2089 5665 2118 5739 3,
2144 5660 2207 5743 ll),
2231 5662 2267 5726 in
2282 5667 2393 5744 putre·
