5600 6809
396 757 456 818 en
796 821 798 824 Α
1039 745 1306 814 msmramo
1327 748 1433 815 aaa.
1456 747 1637 816 euulsa.
1664 751 1755 813 1559.
2338 750 2402 811 aas
2488 708 2491 717 ⁴

342 1016 344 1021 ,
395 948 467 1006 tum
496 960 552 1005 cor
579 931 748 1003 effundere
776 938 939 1004 discimus.
985 938 1070 1000 Tum
1092 943 1129 999 ut
1151 934 1193 999 ad
1214 935 1372 999 beneficia
1424 938 1537 1013 ciatus,
1560 936 1684 1001 nedum
1706 935 1950 1015 sollicitudines,
1971 936 2119 1001 videmus
2147 935 2275 1012 testari,
2298 957 2402 1017 quum

391 1027 465 1100 eius
488 1046 568 1090 vera
594 1026 697 1090 animi
725 1023 926 1108 gratitudine
948 1029 1046 1103 atque
1069 1022 1167 1086 etiam
1190 1021 1371 1104 gratiarum
1424 1022 1626 1104 sprofunda
1654 1023 1771 1106 abysso
1798 1029 1896 1103 atque
1924 1044 1943 1087 e
1970 1022 2086 1087 mediis
2113 1021 2228 1085 mortis
2254 1020 2402 1085 faucibus

393 1112 521 1176 actione
539 1109 732 1192 excipienda
753 1129 988 1192 comparemur,
1010 1128 1094 1189 quae
1116 1106 1156 1172 ab
1178 1107 1249 1170 eius
1270 1127 1372 1170 manu
1446 1109 1596 1173 uerulam
1629 1129 1663 1172 se
1696 1107 1738 1171 ad
1767 1108 1948 1172 Dominum
1982 1109 2098 1173 efferre
2129 1128 2243 1173 vocem
2277 1105 2400 1172 dicunt

394 1196 486 1262 nobis
508 1198 681 1283 provenire
703 1204 816 1260 nostra
842 1193 1028 1276 precatione
1050 1191 1273 1256 admonemur.
1297 1189 1372 1255 ,Ad
1424 1130 1491 1259 bed
1525 1195 1648 1258 alienas
1682 1203 1715 1257 et
1742 1203 1916 1259 exuaneas
1949 1215 2063 1258 omnes
2094 1214 2188 1257 curas
2222 1191 2402 1275 abigendas

395 1283 485 1361 haec,
503 1283 590 1365 quod
607 1282 796 1364 petebamus
808 1279 1006 1360 consequuti,
1025 1279 1110 1342 votis
1127 1277 1248 1341 nostris
1264 1277 1372 1358 ipsum
1425 1279 1509 1356 dico,
1539 1279 1655 1362 quibus
1677 1279 1741 1345 huc
1762 1288 1796 1344 et
1822 1279 1901 1344 illuc
1929 1301 2014 1362 vaga
2039 1280 2111 1362 ipsa
2137 1300 2231 1344 mens
2261 1279 2401 1352 circum·

394 1368 602 1451 respondisse
623 1368 786 1449 wanlai,
816 1366 888 1429 bine
917 1364 959 1428 ad
980 1362 1203 1428 meditandam
1225 1362 1295 1426 eius
1316 1361 1371 1425 be·
1424 1366 1557 1444 feratur,
1586 1373 1618 1428 et
1643 1386 1661 1428 e
1688 1365 1776 1429 coelo
1806 1364 1951 1431 detracta
1976 1367 2012 1429 in
2039 1374 2162 1430 terram
2189 1364 2400 1446 deprimatur.

394 1454 428 1518 ni
476 1456 590 1518 itatem
611 1453 777 1517 ardentius
797 1453 956 1528 feramur,
984 1457 1018 1513 et
1040 1449 1137 1514 simul
1157 1448 1275 1512 maiori
1296 1467 1371 1512 oum
1425 1449 1535 1532 Supra
1557 1473 1591 1515 se
1614 1472 1690 1515 vero
1713 1451 1818 1531 ipsam
1839 1449 1960 1514 clevari
1989 1459 2138 1532 oportere
2165 1451 2328 1532 intelligo,
2358 1472 2402 1514 ne

395 1561 437 1605 vo
450 1547 563 1621 uptote
598 1538 824 1620 amplexemur
858 1557 941 1618 quae
980 1534 1130 1617 precibus
1165 1534 1371 1616 agnoscimus
1424 1535 1505 1620 quid
1526 1557 1639 1601 eorum
1660 1556 1743 1616 quae
1764 1557 1860 1601 caeca
1879 1543 1913 1600 et
1934 1535 2052 1601 stolida
2072 1545 2186 1600 nostra
2207 1537 2291 1599 ratio
2313 1556 2402 1599 eom-

395 1625 496 1690 fuisse
528 1626 711 1705 impetrata.
755 1624 928 1688 Postremo
960 1627 998 1684 ut
1029 1621 1099 1685 eius
1131 1619 1371 1703 providentiam
1424 1622 1567 1687 mentori
1589 1621 1687 1698 solet,
1717 1621 1753 1685 in
1774 1621 1839 1686 Dei
1862 1630 2070 1704 conspectum
2090 1622 2250 1704 proferat,
2283 1643 2343 1686 nec
2366 1642 2402 1686 se

396 1711 513 1776 aninris
536 1711 657 1773 nostris
680 1730 742 1789 pro
769 1707 1002 1773 imbecillitatis
1024 1713 1155 1770 nostrae
1176 1704 1272 1769 modo
1294 1723 1372 1768 usus
1424 1709 1514 1772 intra
1545 1707 1703 1773 vanitatis
1735 1727 1813 1772 suae
1839 1706 2009 1772 modulum
2039 1709 2248 1773 constrictam
2280 1715 2399 1784 teneat,

396 1796 464 1876 ipse
495 1800 523 1859 et
553 1797 796 1876 experimentum
827 1795 1011 1869 confirmet,
1046 1791 1125 1855 dum
1156 1789 1371 1873 intelligimus
1424 1792 1483 1858 sed
1504 1791 1546 1857 ad
1566 1794 1743 1876 puritatem
1764 1793 1837 1874 Deo
1860 1793 1994 1875 dignam
2015 1801 2176 1876 assurgat

394 1882 503 1964 ipsum
524 1902 592 1944 non
611 1880 707 1944 modo
729 1880 888 1962 polliceri,
916 1899 951 1942 se
972 1898 1144 1959 nunquam
1164 1876 1258 1940 nobis
1280 1874 1371 1939 defu·
1512 1884 1540 1942 5.
1592 1878 1759 1959 Utnenrque
1785 1884 1892 1947 notatu
1918 1879 2060 1961 apprime
2085 1880 2229 1961 dignum,
2255 1884 2290 1943 ut
2316 1879 2402 1960 quis-

395 1973 524 2044 turum,
555 1971 582 2030 et
609 1966 734 2030 aditiun
760 1966 847 2029 ultro
870 1964 912 2028 ad
934 1984 969 2028 se
991 1962 1222 2046 appellandum
1244 1962 1371 2042 inipso
1424 1967 1498 2046 quis
1518 1984 1552 2029 se
1572 1966 1616 2030 ad
1637 1966 1791 2029 orandum
1811 1970 1983 2044 emnparat,
2011 1965 2087 2028 illue
2112 1985 2186 2030 aeos
2206 1985 2318 2030 suasus
2337 1969 2402 2028 stu

396 2053 597 2117 necessitatis
624 2051 760 2115 articulo
788 2051 984 2132 patefacere,
1017 2049 1071 2113 sel
1095 2067 1224 2112 nuruum
1252 2067 1372 2128 semper
1425 2052 1539 2130 diuque
1558 2051 1698 2132 applicet,
1719 2071 1825 2131 neque,
1847 2056 1882 2113 ut
1900 2049 1972 2130 fieri
1992 2052 2076 2129 solet,
2097 2051 2294 2116 distralratur
2314 2071 2402 2114 erra-

394 2137 506 2202 labere
533 2143 685 2202 extentum
712 2139 755 2201 ad
781 2157 855 2201 suos
882 2135 1054 2214 iuvenalem
1087 2156 1142 2200 nee
1174 2133 1291 2197 laetare
1323 2152 1373 2196 eos
1425 2138 1496 2200 tieis
1516 2136 1766 2218 capitationibus.-
1799 2137 1877 2217 qnia
1897 2136 1979 2200 nibil
1999 2137 2102 2219 maqis
2123 2138 2313 2201 centrarimn
2333 2135 2402 2200 Dei

396 2223 509 2301 uubis,
537 2225 592 2288 sed
612 2224 773 2304 praesedi
795 2242 849 2302 epe
871 2221 961 2286 tueri.
1004 2221 1073 2284 Eas
1096 2218 1136 2283 ob
1158 2238 1212 2282 res
1232 2217 1372 2282 clemon—
1424 2223 1611 2286 reverentiae
1639 2242 1734 2302 quam
1761 2222 1870 2286 lanas
1897 2222 1982 2287 testis
2010 2222 2068 2286 illa
2096 2223 2237 2289 licentiae
2264 2222 2402 2286 nimium

357 2357 362 2367 .
396 2310 542 2374 tissimus
569 2319 676 2390 pater,
705 2314 870 2389 utcunque
892 2326 1061 2388 nunquam
1083 2305 1136 2370 vol
1159 2303 1299 2368 dormiat
1319 2303 1373 2367 vel
1425 2308 1617 2372 lascivientis
1637 2311 1665 2372 et
1686 2307 1725 2371 ab
1747 2309 1832 2372 onmi
1848 2313 1931 2372 metu
1951 2308 2076 2373 solutae.
2116 2309 2184 2389 Qua
2205 2309 2241 2371 in
2261 2328 2296 2371 re
2317 2312 2402 2372 terito

396 2401 533 2476 torpeat,
558 2391 749 2457 dormientis
767 2400 876 2457 tamen
899 2392 1121 2475 torpentisque
1142 2390 1285 2473 speciem
1304 2389 1373 2470 ple·
1426 2395 1552 2457 enixius
1572 2393 1777 2458 laborandum
1798 2398 1850 2471 est,
1873 2399 1988 2474 quanto
2006 2395 2109 2477 magis
2129 2394 2290 2475 difficilem
2313 2413 2402 2473 eape-

396 2500 535 2561 rumque
553 2478 695 2560 praebet,
713 2500 776 2560 quo
794 2480 841 2543 ita
858 2478 900 2543 ad
918 2500 952 2542 se
970 2476 1157 2560 petendum,
1180 2473 1372 2558 rogandum,
1424 2481 1535 2543 rimur.
1580 2479 1679 2543 Nemo
1707 2479 1790 2543 enim
1816 2481 1861 2543 sie
1892 2481 2028 2544 intentus
2060 2485 2105 2544 est
2135 2481 2178 2544 ad
2204 2481 2402 2560 musandum
2439 2512 2454 2534 a

395 2563 615 2647 flagitandum
632 2586 753 2647 magno
775 2572 886 2628 nostro
903 2563 988 2627 bono
1009 2583 1079 2640 nos,
1103 2562 1223 2643 alioqui
1245 2559 1373 2625 desides
1424 2566 1501 2646 quin
1518 2566 1635 2629 medas
1651 2565 1792 2644 obliquas
1811 2566 2007 2647 recitationes
2024 2567 2164 2646 obrepere
2181 2567 2304 2643 sentiat,
2322 2585 2402 2646 quae

397 2658 430 2714 et
451 2651 595 2733 ignavos,
625 2657 782 2715 exerceat.
818 2650 966 2714 Nimium
988 2669 1066 2732 ergo
1088 2646 1212 2712 insulse
1231 2645 1283 2709 illi
1303 2646 1371 2727 qui,
1425 2651 1574 2715 erationis
1601 2671 1728 2714 cursum
1752 2651 1800 2714 eei
1826 2651 2013 2731 abrumpant
2048 2652 2094 2715 nel
2117 2653 2204 2730 flexu
2230 2652 2338 2732 aliquo
2364 2670 2402 2714 aa

397 2743 435 2800 ut
456 2736 627 2800 hominum
649 2737 773 2800 animos
795 2735 835 2798 ab
857 2736 1003 2800 oratione
1024 2741 1188 2810 revocent,
1212 2732 1276 2797 Dei
1297 2752 1372 2813 pro-
1424 2735 1604 2800 dieertionlo
1628 2742 1793 2800 morentur.
1837 2736 1902 2800 Hic
1923 2756 1992 2800 vero
2013 2730 2285 2802 nobrs'sueeurrat
2306 2756 2402 2818 quarn

397 2821 593 2898 videntium,
627 2841 737 2885 rerum
769 2821 916 2884 omnium
948 2818 1115 2886 custodiae
1146 2818 1371 2893 excubantem,
1424 2821 1590 2903 indignum
1614 2822 1670 2900 sit,
1695 2822 1750 2885 ubi
1770 2821 1860 2887 Deus
1887 2842 1944 2885 nos
1969 2823 2013 2887 aa
2037 2823 2201 2904 familiare
2227 2823 2402 2903 alloquium

395 2907 519 2971 frustra
548 2908 668 2971 nostris
697 2905 1013 2988 interpellationibus
1044 2905 1176 2988 fatigari
1209 2904 1358 2986 garriunt
1365 2924 1372 2981 ;
1424 2907 1575 2986 admittit,
1602 2906 1690 2972 abuti
1710 2913 1798 2972 tanta
1818 2908 1888 2972 eius
1908 2907 2115 2987 humectate,
2143 2928 2236 2972 saera
2251 2908 2402 2988 mosania

396 3013 499 3073 quum
519 3013 588 3056 non
608 2993 732 3056 frustra
748 2993 912 3057 Dominus
934 2997 1050 3057 contra
1071 2995 1218 3067 testetur,
1242 3010 1277 3052 se
1298 3009 1373 3069 pro·
1424 2993 1592 3071 musarde,
1615 2993 1691 3056 dum
1712 2994 1779 3057 eius
1801 2995 1972 3058 reverentia
1991 2999 2106 3059 mentes
2125 2999 2248 3058 nostras
2268 2994 2329 3057 sibi
2349 2993 2402 3056 de·

396 3078 555 3160 pinquum
588 3099 658 3141 esse
691 3079 842 3144 omnibus
868 3076 1097 3142 invocantibus
1123 3095 1245 3138 nomen
1277 3095 1373 3138 suum
1424 3079 1545 3143 mades
1565 3099 1627 3143 non
1647 3083 1725 3143 tenet
1731 3103 1742 3158 ,·
1765 3080 1821 3143 sed
1836 3080 1967 3160 perinde
1988 3100 2026 3144 oe
2046 3082 2077 3145 si
2097 3079 2184 3144 nebu
2204 3099 2303 3143 sumo
2323 3084 2402 3142 esset

391 3163 431 3225 in
454 3164 591 3227 veritate
614 3163 716 3246 (Psal.
740 3169 809 3240 145,
832 3165 894 3246 18).
939 3163 1051 3227 Nihilo
1079 3162 1185 3226 secius
1211 3167 1261 3225 est
1287 3158 1373 3242 quod
1425 3185 1497 3230 eum
1517 3164 1639 3229 bomine
1659 3165 1794 3247 culpari,
1815 3166 1896 3230 inter
1917 3167 2086 3244 orandum,
2113 3166 2225 3230 unisse
2251 3164 2317 3242 illo,
2340 3163 2402 3228 leue

396 3247 452 3312 alii
483 3257 666 3332 nugantur,
700 3251 901 3332 superfluam
933 3269 1003 3313 esse
1036 3268 1150 3312 eorum
1182 3246 1374 3329 petitionem
1425 3251 1473 3316 eei
1495 3250 1569 3314 illuc
1596 3251 1834 3315 transvolamus.
1877 3248 2025 3321 Sciamus
2054 3272 2125 3334 erqo
2151 3271 2213 3315 non
2237 3251 2317 3315 alios
2342 3250 2404 3313 rite

395 3354 480 3416 quae
508 3334 594 3399 ultro
619 3334 735 3418 largiri
761 3343 894 3417 paratus
921 3336 964 3400 sit
990 3332 1171 3411 Dominus,
1205 3354 1308 3415 quum
1334 3353 1373 3395 ea
1419 3337 1575 3418 probeque
1602 3356 1634 3400 se
1659 3338 1815 3419 aemnqere
1841 3337 1884 3401 ad
1909 3338 2079 3416 mundun,
2107 3337 2173 3402 niu
2198 3357 2274 3418 quos
2301 3335 2404 3417 afficit

277 3445 280 3450 ·
395 3419 468 3502 ipsa
490 3441 571 3502 quae
596 3441 615 3483 a
639 3429 820 3502 spontanea
841 3420 911 3485 eius
933 3420 1117 3485 liberalitate
1137 3419 1232 3484 nobis
1250 3419 1371 3495 fluunt,
1424 3422 1489 3489 Dea·
1510 3423 1668 3500 prutenos,
1696 3427 1732 3486 ut
1755 3422 1893 3502 expediti
1917 3425 2049 3488 tarenis
2075 3425 2162 3487 curis
2188 3429 2217 3487 et
2242 3423 2402 3504 affectibus

394 3505 547 3588 precibus
568 3507 689 3570 nostris
711 3526 862 3572 concessa
883 3506 964 3572 velit
986 3506 1128 3590 agnosci
1175 3504 1264 3585 Quod
1283 3507 1373 3566 testa
1424 3507 1467 3570 ad
1499 3528 1569 3572 eam
1604 3509 1755 3572 comdant.
1810 3508 1915 3589 Atque
1945 3509 1981 3574 id
2017 3510 2079 3574 sibi
2110 3509 2176 3573 oue
2207 3507 2403 3574 tamencum

256 3632 266 3643 -
395 3596 448 3656 tur
474 3591 686 3656 memorabilis
712 3593 771 3657 illa
797 3594 949 3657 sententia
979 3591 1104 3656 Psalmi
1129 3590 1195 3675 (34,
1222 3589 1292 3673 16),
1320 3590 1373 3653 eui
1423 3593 1603 3661 elevationis
1622 3614 1783 3672 manuum,
1808 3600 1844 3659 ut
1863 3595 2061 3672 meminerint
2080 3595 2219 3660 tornines
2239 3616 2272 3659 se
2287 3593 2403 3674 procat

395 3676 512 3741 multae
532 3677 652 3742 similes
672 3679 869 3759 respondent:
893 3678 975 3743 oculi
995 3677 1130 3742 Domini
1149 3695 1245 3756 super
1264 3676 1372 3753 iustos,
1422 3684 1552 3743 remotes
1573 3699 1638 3744 esse
1659 3701 1680 3743 a
1702 3679 1785 3760 Deo,
1812 3680 1879 3744 nisi
1901 3701 2012 3745 senates
2033 3701 2107 3753 suos
2133 3682 2169 3745 in
2196 3680 2326 3745 mellinae
2347 3677 2402 3743 tol-

394 3766 425 3826 et
445 3782 540 3826 aures
566 3763 635 3827 eius
661 3764 697 3827 in
717 3784 827 3845 preces
853 3784 966 3830 eorum.
1013 3765 1099 3845 Quae
1119 3762 1185 3827 Dei
1205 3761 1372 3842 providem
1424 3764 1499 3828 lant.
1545 3763 1634 3829 Sicut
1659 3765 1753 3830 etiam
1778 3766 1895 3830 dieitm
1921 3767 1956 3830 in
1984 3765 2114 3832 Psalmo
2136 3766 2203 3851 (25,
2230 3766 2279 3850 1).·
2304 3763 2347 3829 ad
2374 3769 2403 3828 te

396 3847 475 3910 tiam
496 3867 556 3911 sua
576 3854 682 3929 sponte
704 3851 859 3914 ecrandae
879 3852 1012 3930 piorum
1037 3848 1135 3913 saluti
1155 3848 1306 3912 intentam
1326 3848 1372 3911 sie
1425 3851 1526 3915 lenam
1548 3851 1689 3914 onineam
1709 3871 1817 3915 meam.
1857 3852 1903 3916 Et
1922 3853 2051 3934 saepius
2071 3852 2152 3916 bane
2172 3852 2318 3933 loquendi
2337 3851 2403 3931 fer·

396 3933 602 4011 numidae,
631 3940 787 4000 attamen
809 3957 870 4000 non
894 3940 1069 4018 praelucet
1086 3934 1162 4015 fidei
1183 3934 1371 4009 ammutium,
1423 3956 1509 4000 mam
1530 3941 1663 4017 usurpat
1683 3938 1857 4017 scriptura,
1880 3940 2052 4003 matienun
2072 3939 2192 4003 tollere:
2217 3959 2255 4002 ne
2275 3939 2312 4001 in
2332 3937 2403 4000 mis

395 4039 456 4099 que
477 4018 662 4101 abstergitur
687 4022 828 4086 socordia
854 4042 893 4086 eu
920 4022 1079 4085 iuninum
1106 4021 1233 4084 animis.
1285 4018 1372 4102 Viqi-
1422 4021 1562 4102 faeeibas
1582 4023 1742 4087 desideant
1762 4023 1820 4103 qui
1841 4024 1971 4105 eupiunt
1990 4046 2012 4089 a
2033 4022 2101 4089 Dee
2122 4025 2279 4089 exaudiri.
2313 4022 2403 4087 Hace

395 4103 462 4169 lant
483 4125 553 4186 erqo
574 4104 639 4171 Dei
660 4108 741 4172 oculi
762 4112 797 4169 ut
817 4127 977 4172 caecorum
1000 4107 1174 4172 namsitmi
1194 4104 1373 4185 subveniam
1424 4127 1548 4172 summa
1568 4108 1618 4186 ait,
1641 4129 1701 4190 qno
1718 4106 1883 4175 libualius
1899 4108 2058 4175 nobiseum
2075 4109 2165 4175 Dens
2182 4111 2256 4193 epit,
2278 4109 2404 4175 conciter

394 4190 450 4255 sui
477 4190 542 4254 uult
573 4192 640 4272 ipse
671 4193 812 4256 uicissim
842 4194 954 4258 audire
980 4199 1102 4259 nostres
1132 4192 1277 4274 pannus,
1311 4212 1372 4273 qno
1424 4214 1480 4257 nes
1506 4195 1659 4272 invitans,
1684 4200 1719 4258 ut
1744 4195 1780 4258 in
1806 4197 1914 4260 sinum
1941 4215 2035 4260 suum
2061 4217 2156 4262 eures
2182 4201 2307 4260 metros
2333 4213 2404 4258 eae

394 4295 489 4341 mum
524 4298 599 4358 erpa
636 4295 693 4342 nos
726 4298 863 4342 amorem
889 4280 1003 4344 melius
1027 4278 1144 4360 probet
1188 4279 1292 4359 Atque
1326 4278 1372 4341 ite
1423 4299 1581 4358 neremus,
1610 4281 1717 4346 minus
1736 4300 1793 4346 nes
1814 4301 1879 4346 esse
1899 4282 2105 4362 excusabiles,
2122 4283 2204 4346 nisi
2225 4287 2290 4345 tam
2305 4300 2405 4362 prae

394 4365 559 4442 utrunque
586 4384 695 4427 omum
724 4369 780 4441 est,
813 4385 876 4429 nen
907 4365 1045 4430 dormire
1076 4385 1173 4445 neque
1205 4363 1372 4428 dormitare
1424 4366 1545 4429 clarum
1571 4371 1599 4430 et
1626 4367 1867 4449 innumerabile
1894 4368 1963 4432 eius
1990 4367 2168 4448 summm
2199 4366 2291 4431 rebus
2324 4365 2405 4428 aliis

393 4447 548 4512 astartem
576 4447 711 4513 Israelis
739 4450 842 4535 (Psal.
876 4454 946 4529 121,
974 4450 1025 4534 4),
1059 4455 1087 4515 et
1117 4456 1220 4514 tanen
1252 4469 1372 4518 mesore
1423 4452 1566 4516 ornamus
1588 4454 1675 4534 apud
1696 4473 1753 4517 nes
1767 4453 2013 4535 praeponderat,
2043 4474 2158 4534 nosque
2178 4453 2221 4518 ad
2242 4472 2275 4515 se
2293 4449 2403 4529 trabit,

393 4534 488 4614 quasi
505 4535 604 4597 matri
624 4534 758 4614 oblitum,
781 4535 837 4599 nbi
856 4557 912 4600 nes
933 4541 1083 4617 terpentes
1103 4557 1140 4602 ae
1160 4541 1261 4600 mutas
1281 4536 1371 4599 videt.
1423 4542 1458 4601 ut
1478 4539 1585 4602 stedia
1605 4559 1774 4619 senumque
1794 4544 1914 4604 nostros
1940 4541 2022 4605 serio
2049 4540 2092 4605 od
2118 4540 2272 4603 orandum
2298 4535 2404 4618 appii

481 4624 510 4682 4.
554 4619 660 4685 Porro
687 4622 750 4686 rite
777 4621 942 4704 probeque
967 4621 1190 4687 instituendae
1215 4620 1372 4685 orationis
1424 4642 1534 4688 umus.
1582 4625 1668 4705 meod
1687 4623 1760 4704 fieri
1780 4645 1842 4689 non
1864 4631 1965 4707 petest
1985 4627 2051 4691 nisi
2072 4645 2159 4689 mens
2179 4645 2249 4688 aum
2271 4622 2404 4704 impedi·

393 4709 463 4769 esto
485 4704 778 4788 haecprimalex,
801 4717 928 4772 utnon
948 4707 1052 4785 aliter,
1075 4729 1174 4789 quam
1196 4729 1250 4771 eos
1269 4707 1370 4785 decet,
1423 4711 1536 4774 meritis
1568 4711 1691 4791 fortiter
1723 4711 1867 4776 laetando
1899 4732 2028 4776 sursum
2058 4716 2200 4793 unerqat.
2254 4709 2403 4774 Alterum

394 4790 450 4871 qui
473 4790 515 4854 ud
537 4789 602 4855 Dei
624 4793 1088 4877 colloquiumingrediuntrrr,
1112 4801 1223 4859 mente
1247 4794 1371 4858 animo·
1418 4797 1659 4876 proposuimus,
1692 4817 1731 4861 ne
1751 4802 1900 4877 peomne
1926 4798 1993 4862 nisi
2020 4802 2172 4879 quantum
2197 4797 2285 4861 nobis
2312 4793 2403 4859 Deus

394 4894 457 4956 que
491 4878 660 4957 compositi
686 4880 796 4945 simus.
850 4878 946 4959 Quod
973 4879 1111 4958 seilicet,
1143 4886 1303 4962 quantum
1329 4878 1371 4945 ad
1418 4881 1579 4961 permittit.
1615 4881 1689 4945 Etsi
1710 4885 1793 4946 euim
1813 4882 1896 4947 iubet
1916 4903 1974 4948 nos
1994 4884 2150 4965 effundm
2170 4883 2265 4948 eorda
2285 4883 2401 4956 nostra,

393 4964 555 5036 mentem,
580 4981 832 5046 consequemur,
857 4967 885 5029 si
916 4965 1103 5031 carnalibus
1133 4964 1221 5030 curis
1250 4966 1370 5048 cogita-
1423 4986 1485 5029 non
1516 4971 1619 5031 tomen
1651 4968 1756 5033 stultis
1787 4989 1825 5032 ae
1849 4970 1969 5048 pravis
2000 4970 2159 5051 affectibus
2193 4967 2403 5048 indifferenter

394 5042 602 5127 tionibusque
630 5050 796 5131 expedita,
825 5052 942 5133 quibus
970 5073 990 5116 a
1016 5059 1106 5116 recto
1133 5071 1280 5133 puroque
1306 5051 1372 5115 Dei
1423 5051 1560 5115 lateam
1586 5052 1691 5132 laaat3
1722 5058 1751 5118 et
1771 5055 1848 5120 dum
1870 5055 2027 5134 promittit
2051 5076 2085 5120 se
2111 5056 2271 5136 famunm
2296 5070 2401 5115 semri-

394 5128 518 5193 intuitu
547 5133 677 5197 avocari
703 5143 762 5199 aut
788 5135 904 5203 deduci
931 5143 1043 5220 queat,
1076 5157 1145 5200 non
1176 5136 1274 5200 modo
1301 5143 1372 5200 tota
1422 5136 1499 5201 dam
1520 5138 1651 5219 piorum
1672 5139 1867 5220 volantatem,
1895 5162 1956 5206 non
1982 5161 2114 5222 eoasque
2133 5141 2275 5222 precedit
2300 5136 2403 5202 indui-

393 5212 546 5280 intendat
568 5237 603 5281 se
628 5219 664 5282 in
687 5223 924 5301 precationem,
952 5221 1011 5289 sed
1039 5223 1140 5287 etiam
1165 5221 1271 5304 quoad
1299 5223 1371 5287 fieri
1419 5223 1588 5305 pontiani
1608 5245 1714 5290 eornm
1730 5228 1862 5292 arbitrio
1878 5248 1911 5292 se
1927 5226 2098 5293 submittat.
2141 5226 2243 5307 Atqui
2264 5227 2300 5290 in
2320 5226 2403 5287 atre·

393 5303 537 5384 potuerit
558 5324 658 5386 supra
679 5326 714 5370 se
736 5306 842 5394 ipsam
863 5308 1010 5374 elevetur
1028 5330 1067 5374 ae
1087 5309 1220 5374 foratur.
1256 5308 1370 5391 Neque
1421 5329 1481 5390 que
1499 5311 1625 5394 passim
1641 5314 1788 5396 graviter
1805 5312 2014 5396 delinquitim
2057 5313 2174 5396 Neque
2194 5312 2285 5377 enim
2306 5308 2402 5374 modo

393 5407 472 5452 vero
493 5395 639 5454 mentem
668 5390 721 5457 hic
748 5394 879 5475 requiro
907 5395 956 5461 ita
981 5395 1186 5479 explicitam,
1214 5394 1371 5460 utnulla
1422 5402 1555 5478 temera,
1579 5396 1651 5463 sine
1671 5399 1789 5478 fronte,
1812 5400 1883 5465 sine
1904 5399 2099 5477 reverentia,
2119 5397 2233 5462 Deum
2253 5397 2403 5480 plerique

393 5471 614 5540 sollieitudine
635 5485 802 5560 pungatur
823 5501 861 5545 ao
881 5481 1078 5561 mordeatur,
1101 5502 1201 5564 quum
1224 5487 1372 5562 oporteat
1423 5481 1463 5547 de
1486 5484 1554 5549 suis
1575 5484 1707 5567 ineptiis
1724 5485 1934 5567 interpellare
1953 5482 2085 5562 audent,
2108 5490 2142 5548 et
2162 5480 2320 5565 quidquid
2341 5501 2403 5562 per

394 5565 525 5658 eontra·
539 5561 646 5627 multa
677 5563 844 5630 anxietate
878 5568 994 5633 orandi
1021 5568 1185 5634 fervorem
1213 5567 1249 5632 in
1276 5566 1370 5632 nobis
1423 5571 1589 5634 somnium
1617 5569 1806 5649 adlibuerit,
1836 5569 1879 5635 ad
1911 5571 1982 5635 eius
2014 5568 2158 5636 tribunal
2191 5565 2403 5648 impudenter

393 5644 538 5710 nocenda
580 5645 732 5728 Qualiter
753 5657 883 5718 sanctos
902 5651 970 5720 Dei
991 5674 1103 5722 servos
1124 5653 1276 5737 ingentes
1296 5673 1370 5720 oru-
1421 5657 1582 5738 proferro,
1606 5653 1669 5731 ,sed
1696 5663 1791 5722 tanta
1815 5655 1869 5722 vel
1897 5655 2061 5722 stoliditas
2081 5653 2136 5722 vel
2156 5649 2330 5735 stupiditas
2351 5672 2403 5716 eos
