5600 6809
392 789 453 850 913

733 785 823 851 LIB.
846 785 908 852 IV.
951 784 1015 851 DE
1037 782 1274 852 EX'PERNIS
1295 784 1462 852 Munus
1484 785 1549 851 AD
1571 783 1802 854 SALUTEM.
1847 785 1946 853 CAP.
1969 788 2050 854 ΧΠ
2328 796 2395 857 914

391 974 727 1041 excommunicatione
749 995 817 1038 non
845 973 1025 1056 plecterent
1052 975 1144 1060 (quia
1171 996 1237 1039 non
1266 981 1363 1057 puta·
1415 974 1614 1041 servandum
1646 982 1712 1053 est,
1744 981 1782 1038 ut
1808 975 2002 1041 sufferentes
2030 978 2171 1042 invicem
2200 979 2392 1049 studeamus

390 1062 471 1127 bant
498 1083 532 1125 εθ
554 1061 616 1125 hac
635 1056 692 1123 'via
719 1060 895 1142 quidquam
919 1061 1150 1143 profecturos),
1176 1061 1213 1122 in
1240 1061 1363 1142 episco-
1415 1082 1547 1126 servare
1568 1061 1731 1125 unitatem
1753 1061 1887 1142 spiritus
1909 1062 1944 1124 in
1966 1062 2097 1127 vinculo
2120 1064 2218 1146 pacis.

389 1169 449 1229 pos
471 1148 624 1212 atrociter
644 1146 886 1210 invehebantur
907 1152 1064 1227 tanquam
1082 1145 1269 1228 disciplinae
1288 1166 1364 1228 pro-
1504 1151 1551 1210 14.
1600 1146 1741 1229 Reliqua
1772 1169 1849 1229 pars
1882 1147 2092 1230 disciplinae,
2131 1170 2215 1230 quae
2247 1150 2392 1217 clavium

391 1233 524 1307 ditores,
554 1239 587 1295 et
608 1253 628 1295 a
649 1231 775 1298 Christi
797 1252 911 1315 grege,
939 1232 1038 1314 impio
1060 1232 1234 1296 schismate
1257 1253 1292 1297 se
1314 1231 1363 1295 di·
1414 1238 1573 1315 potestate
1601 1233 1731 1316 proprie
1755 1233 2039 1313 noncontinetur,
2062 1233 2098 1297 in
2125 1255 2163 1299 θο
2190 1243 2241 1300 θεῖ
2265 1244 2304 1300 ut
2331 1258 2392 1319 pro

391 1319 553 1384 videbant.
599 1316 749 1397 Qualiter
770 1315 865 1381 hodie
887 1317 1012 1381 faciunt
1033 1317 1283 1399 Anabaptistae‚
1306 1316 1363 1399 qui
1414 1325 1598 1400 temporum
1624 1318 1818 1383 necessitate
1844 1318 1972 1400 plebem
1999 1319 2215 1384 exhortentur
2245 1328 2391 1403 pastores

390 1405 471 1469 dum
491 1404 620 1468 nullum
641 1412 768 1468 coctum
786 1403 911 1467 Christi
933 1423 1003 1467 θεεθ
1024 1410 1205 1486 agnoscunt
1221 1403 1285 1467 nisi
1304 1424 1362 1467 an·
1415 1404 1467 1468 vel
1497 1403 1539 1468 al
1566 1401 1688 1468 ieiunia
1713 1403 1767 1468 vel
1795 1403 1838 1468 ad
1865 1405 2015 1469 solennes
2045 1406 2313 1487 supplicationes,
2336 1408 2390 1473 vel

391 1491 494 1575 gelica
526 1489 721 1574 perfectione
751 1489 839 1552 omni
866 1509 908 1552 ex
935 1495 1029 1571 parte
1051 1488 1277 1570 conspicuum,
1302 1489 1362 1553 sub
1415 1488 1456 1553 ad
1485 1490 1549 1554 alia
1575 1489 1780 1567 humilitatis,
1809 1490 2028 1573 poenitentiae
2056 1511 2094 1555 ac
2124 1491 2201 1556 fidei
2223 1494 2389 1575 exercitia,

388 1583 560 1659 praetextu
583 1576 633 1639 sui
651 1574 712 1638 aeli
731 1572 888 1656 quidquid
906 1580 956 1638 θεῖ
976 1571 1208 1639 aedificationis
1226 1574 1374 1638 subver-⁴
1414 1595 1553 1656 quorum
1581 1597 1641 1639 nec
1669 1584 1806 1723 tempus,
1834 1597 1896 1640 nec
1924 1576 2049 1653 modus,
2079 1598 2139 1641 nec
2164 1578 2269 1641 forma
2294 1600 2389 1661 prae-

390 1670 472 1727 tunt
517 1662 627 1738 Tales,
648 1660 757 1743 inquit
779 1660 1001 1742 Augustinus,
1023 1679 1091 1722 non
1113 1658 1186 1722 odio
1208 1659 1361 1742 iniquita·
1414 1661 1569 1725 scribitur
1598 1660 1698 1726 verbo
1761 1662 1800 1738 ei,
1830 1660 1887 1725 sed
1914 1662 1949 1724 iu
1971 1656 2125 1727 eeclesiae
2146 1662 2266 1728 iudicio
2289 1664 2390 1730 relin-

389 1751 431 1811 tis
454 1748 593 1828 alienae,
622 1745 681 1810 sed
701 1744 809 1809 studio
830 1765 965 1809 suarum
986 1744 1247 1822 contentionum,
1269 1744 1361 1809 infir-
1414 1746 1535 1827 quitur.
1580 1746 1689 1811 Huius
1715 1767 1841 1828 quoque
1868 1747 1973 1829 partis
1994 1748 2193 1827 observatio,
2222 1750 2319 1815 sicuti
2340 1756 2391 1816 est

388 1855 460 1898 mas
482 1833 591 1915 plebes
613 1831 770 1895 iactantia
791 1830 844 1894 sui
864 1830 1006 1894 nominis
1027 1830 1179 1908 irretitas,
1202 1830 1255 1895 vel
1277 1840 1361 1895 totas

389 1919 534 1997 trahere,
565 1916 618 1981 vel
647 1922 733 1981 certe
763 1915 908 1981 dividere
935 1915 1104 1980 affectant:
1135 1915 1287 1997 superbia
1308 1924 1361 1980 tu-

389 2003 478 2082 midi,
502 2003 682 2087 pervicaoia
704 2002 826 2078 vesani,
849 2000 1022 2066 calumniis
1044 2000 1206 2080 insidiosi,
1230 2001 1360 2066 seditio-

389 2091 485 2154 nibus
512 2087 709 2164 turbulenti,
737 2109 779 2151 ne
805 2087 877 2151 luce
906 2086 1054 2151 veritatis
1082 2106 1193 2151 carere
1220 2109 1274 2152 eos
1304 2110 1360 2170 pa·

389 2183 466 2252 teat,
488 2175 640 2239 umbram
660 2172 784 2256 rigidae
806 2172 989 2236 severitatis
1011 2172 1205 2253 obtendunt;
1229 2181 1262 2236 et
1279 2195 1361 2256 quae

389 2261 423 2324 in
446 2261 633 2343 scripturis,
657 2259 748 2324 salva
771 2257 953 2322 dilectionis
976 2258 1177 2338 sinceritate,
1199 2270 1233 2323 et
1254 2267 1360 2324 custo·

390 2347 458 2411 dita
479 2345 568 2429 pacis
590 2346 724 2422 unitate,
748 2343 789 2408 ad
808 2342 1001 2426 corrigenda
1023 2344 1168 2408 fraterna
1190 2345 1270 2410 vitia
1291 2366 1360 2409 mo-

389 2431 542 2496 deratiori
575 2431 742 2496 curatione
773 2429 847 2493 ficri
876 2429 1046 2506 iubentur,
1080 2428 1121 2493 ad
1154 2430 1362 2514 sacrilegium

388 2518 573 2582 schismatis
594 2523 627 2581 ct
648 2516 848 2580 occasionem
873 2514 1084 2597 praecisionis
1106 2523 1273 2597 usurpant.
1307 2517 1362 2581 Ita

389 2625 423 2667 se
454 2604 670 2685 transfigurat
701 2609 796 2665 satan
823 2602 859 2664 in
886 2599 1040 2682 angelum
1066 2600 1162 2678 lucis,
1197 2599 1276 2665 dum
1302 2623 1361 2684 per

388 2690 589 2755 occasionem
612 2688 704 2837 quasi
731 2688 836 2750 iustae
864 2686 1046 2750 severitatis
1068 2685 1235 2751 crudelem
1256 2689 1361 2752 saevi-

259 2798 264 2814 ·
388 2777 469 2839 tiam
493 2794 612 2856 persua
635 2779 681 2849 et,
715 2771 798 2835 nihil
827 2769 916 2834 aliud
943 2779 1098 2852 appetens
1125 2772 1190 2836 nisi
1223 2779 1260 2838 ut
1290 2794 1361 2838 cor-

387 2868 521 2942 rumpat
543 2867 640 2941 atque
662 2856 828 2938 dirumpat
849 2856 1016 2921 vinculum
1038 2857 1127 2939 pacis
1149 2866 1182 2921 et
1204 2859 1359 2924 unitatis:

388 2966 452 3028 quo
474 2947 569 3009 firmo
591 2945 678 3008 inter
700 2943 907 3009 Christianos
929 2942 1015 3007 vires
1041 2944 1111 3007 eius
1132 2964 1245 3009 omnes
1267 2946 1361 3010 inva

386 3031 473 3096 lidae
506 3032 591 3095 fiunt
624 3029 666 3094 ad
697 3028 896 3106 nocendum,
937 3028 1137 3109 muscipulae
1168 3029 1361 3095 insidiarum

1413 1832 1513 1909 utilis,
1542 1832 1589 1895 ita
1616 1832 1719 1897 veteri
1746 1832 1900 1898 ecelesiae
1927 1833 1967 1897 ab
1996 1832 2077 1916 ipsis
2104 1855 2207 1916 usque
2235 1836 2390 1917 apostolis

1414 1938 1543 1999 semper
1574 1917 1636 1980 fuit
1668 1918 1796 1983 usitata.
1848 1916 2046 2000 Quanquam
2081 1941 2124 1983 no
2162 1920 2226 2001 ipsi
2257 1921 2391 2002 quidem

1413 2004 1550 2084 apostoli
1567 2003 1666 2086 primi
1683 2004 1817 2067 fuerunt
1838 2009 1975 2082 autores,
1995 2003 2052 2068 sed
2070 2005 2260 2085 exemplum
2277 2028 2390 2089 sump-
2449 2009 2452 2012 ’

1414 2096 1529 2153 serunt
1562 2110 1605 2153 er
1631 2089 1703 2173 lege
1726 2095 1760 2153 θῖ
1791 2089 1968 2171 prophetis.
2018 2088 2179 2154 Videmus
2201 2091 2291 2155 enim
2312 2092 2390 2173 illic,

1415 2175 1542 2256 quoties
1565 2195 1665 2257 grave
1687 2174 1818 2257 aliquod
1845 2173 2011 2239 incidebat
2031 2177 2209 2258 negotium,
2233 2196 2391 2242 convoca-

1414 2268 1483 2323 tam
1499 2260 1600 2324 fuisse
1617 2260 1756 2343 plebem,
1779 2259 2032 2342 supplicationes
2054 2260 2204 2338 indictas,
2227 2261 2392 2328 indictum

1414 2346 1583 2409 ieiunium.
1633 2345 1675 2410 Id
1707 2366 1786 2429 ergo
1813 2347 1942 2428 sequuti
1970 2352 2050 2410 sunt
2077 2347 2216 2429 apostoli
2244 2347 2329 2429 quod
2357 2355 2391 2413 et

1414 2431 1534 2513 populo
1560 2432 1625 2495 Dei
1653 2453 1776 2496 novum
1798 2453 1865 2496 non
1888 2438 1968 2509 erat,
1991 2439 2026 2496 et
2047 2432 2128 2496 utile
2147 2433 2217 2497 fore
2239 2432 2390 2515 provide-

1413 2517 1502 2580 bant.
1517 2516 1542 2600 1)
1586 2514 1713 2581 Similis
1740 2526 1791 2581 est
1819 2517 1903 2581 ratio
1926 2517 1966 2581 de
1988 2518 2061 2582 aliis
2084 2519 2250 2582 exercitiis
2271 2519 2390 2600 quibus

1413 2601 1515 2683 plebs,
1534 2602 1587 2666 vel
1609 2600 1651 2664 ad
1669 2603 1810 2666 officium
1828 2604 1973 2681 excitari,
1996 2603 2049 2668 vel
2071 2603 2107 2666 in
2127 2604 2233 2667 officio
2255 2625 2293 2669 ac
2315 2604 2391 2670 obe-

1414 2685 1539 2751 dientia
1566 2687 1726 2751 contineri
1755 2695 1872 2770 potest.
1918 2689 2083 2771 Exempla
2105 2691 2228 2771 passim
2257 2696 2391 2754 exstant

1413 2773 1449 2835 in
1471 2773 1573 2838 sacris
1590 2773 1745 2851 historiis,
1768 2794 1853 2854 quae
1869 2793 1939 2837 non
1956 2796 2038 2856 opus
2061 2782 2112 2839 est
2133 2775 2294 2859 colligere.
2332 2774 2391 2842 Sic

1413 2860 1448 2922 in
1470 2880 1599 2923 summa
1621 2858 1811 2922 habendum
1833 2868 1898 2923 est:
1922 2860 2048 2941 quoties
2068 2859 2108 2922 de
2126 2861 2284 2943 religione
2306 2861 2391 2928 inci-

1415 2944 1463 3008 dit
1490 2944 1714 3008 controversia
1735 2964 1833 3026 quam
1858 2943 1912 3009 vel
1939 2943 2066 3027 synodo
2088 2945 2142 3008 vel
2172 2946 2390 3012 ecclesiastico

1412 3030 1533 3094 iudicio
1555 3030 1652 3094 finire
1674 3036 1810 3113 oportet,
1840 3030 1966 3111 quoties
1995 3029 2035 3094 de
2057 3029 2207 3113 eligendo
2236 3032 2390 3097 ministro

387 3118 668 3194 comminuuntur,
686 3124 719 3180 et
740 3114 874 3179 consilia
895 3113 1073 3177 eversionis
1096 3124 1308 3181 evanescunt:
1414 3117 1531 3199 agitur,
1555 3116 1680 3198 quoties
1703 3115 1841 3197 denique
1863 3122 2024 3180 tractatur
2041 3137 2094 3180 res
2117 3116 2226 3197 aliqua
2247 3115 2390 3182 difficilis

477 3205 523 3265 13.
567 3202 681 3267 Unum
702 3199 791 3264 istud
808 3199 982 3282 praecipue
1000 3199 1214 3278 commendat,
1238 3202 1267 3266 si
1284 3224 1360 3267 con·
1413 3222 1451 3266 ac
1471 3202 1585 3286 magni
1606 3202 1778 3280 momenti;
1803 3222 1936 3265 rursum
1963 3222 2065 3283 quum
2087 3208 2248 3283 apparent
2269 3201 2391 3267 iudicia

386 3289 475 3370 tagio
504 3285 659 3370 peccandi
680 3284 925 3350 multitudinem
947 3285 1120 3363 invaserit,
1143 3286 1266 3351 cauce
1295 3286 1360 3353 dis-
1412 3289 1480 3352 irae
1497 3288 1642 3367 Domini,
1661 3294 1698 3351 ut
1716 3293 1795 3351 sunt
1811 3287 2000 3369 pestilentia
2018 3293 2051 3351 et
2076 3286 2200 3351 bellum
2221 3293 2256 3351 et
2275 3288 2389 3368 fames,

387 3374 526 3455 ciplinae
559 3393 707 3437 severam
740 3369 994 3435 misericordiam
1017 3390 1099 3436 ¹esse
1131 3373 1359 3437 necessariam.
1413 3373 1474 3439 hoc
1497 3380 1649 3439 sanctum
1678 3394 1749 3438 esse
1780 3380 1814 3437 et
1835 3372 1974 3438 saeculis
1997 3372 2150 3436 omnibus
2172 3372 2316 3437 salutare
2337 3375 2393 3437 in·

386 3460 474 3524 Nam
502 3465 535 3523 et
562 3458 713 3534 consilia,
742 3456 864 3538 inquit,
892 3456 1106 3539 separationis
1133 3458 1245 3522 inania
1272 3465 1358 3538 sunt,
1413 3461 1575 3535 stitutum,
1599 3466 1636 3523 ut
1657 3467 1805 3542 pastores
1834 3458 1876 3523 ad
1904 3457 2073 3541 publicum
2094 3457 2256 3522 ieiunium
2277 3463 2311 3522 et
2332 3481 2392 3524 ex·

387 3565 425 3609 ac
452 3544 648 3627 perniciosa,
678 3562 715 3606 ac
744 3542 915 3624 sacrilega:
951 3541 1028 3623 quia
1054 3542 1156 3625 impia
1180 3550 1277 3627 atque
1305 3566 1359 3608 su·
1412 3544 1647 3610 traordinarias
1669 3565 1782 3627 preces
1803 3543 1931 3627 plebem
1954 3544 2136 3608 hortentur.
2169 3542 2302 3627 Siquis
2323 3552 2391 3610 tes-

385 3631 487 3713 perba
508 3632 602 3706 fiunt,
625 3642 659 3691 et
674 3628 749 3710 plus
767 3626 960 3710 perturbant
977 3627 1126 3693 infirmos
1142 3628 1244 3695 bonos
1261 3652 1360 3713 quam
1412 3631 1550 3695 timonia
1570 3651 1654 3713 quae
1686 3653 1728 3695 ex
1749 3630 1854 3696 veteri
1877 3636 2073 3694 testamento
2100 3628 2219 3693 adduci
2239 3637 2389 3713 possunt,

386 3717 553 3799 corrigant
580 3715 742 3779 animosos
767 3713 878 3778 malos.
923 3713 973 3777 Ac
995 3713 1082 3796 quod
1104 3714 1177 3779 aliis
1198 3714 1243 3779 ibi
1264 3737 1359 3799 prae·
1412 3738 1481 3781 non
1501 3717 1646 3799 recipiat,
1668 3716 1761 3800 quasi
1782 3715 1980 3781 christianae
2001 3714 2156 3781 ecclcsiae
2177 3715 2288 3781 minus
2310 3738 2387 3782 con-

386 3803 479 3884 cipit,
502 3802 572 3883 ipse
593 3821 719 3883 quoque
740 3798 880 3863 fideliter
902 3806 1059 3880 sequutus
1081 3806 1139 3864 est.
1180 3801 1267 3866 Nam
1288 3804 1360 3866 Au·
1411 3803 1555 3881 veniant,
1584 3809 1712 3867 constat
1739 3800 1902 3884 apostolos
1928 3821 2058 3883 quoque
2085 3802 2131 3866 sic
2152 3801 2275 3866 fecisse.
2321 3804 2386 3867 Ta-

386 3889 466 3952 rclio
488 3888 636 3970 episcopo
663 3885 907 3968 carthaginensi
930 3885 1083 3963 scribens,
1097 3884 1122 3970 ¹)
1150 3890 1360 3969 conqueritur
1411 3889 1508 3954 metsi
1535 3887 1576 3953 de
1603 3888 1754 3970 precibus
1782 3887 1839 3952 vix
1867 3893 1948 3969 puto
1975 3886 2157 3969 reperietur
2186 3885 2303 3968 aliquis
2329 3888 2387 3970 qui

387 3974 578 4038 ebrietatem
610 3974 744 4053 impune
777 3972 919 4053 grassari
945 3970 981 4033 in
1007 3971 1134 4050 Africa,
1164 3993 1246 4054 quae
1278 3973 1358 4039 adeo
1410 3982 1543 4040 moveat
1559 3973 1791 4056 quaestionem.
1828 3971 1880 4037 De
1902 3972 2024 4037 ieiunio
2042 3993 2120 4056 ergo
2138 3971 2286 4037 dicamus
2302 3993 2387 4038 nona

259 4120 262 4138 ,
386 4061 531 4142 graviter
550 4060 586 4122 in
603 4057 772 4138 scripturis
790 4056 981 4135 damnatur;
999 4055 1177 4139 suadetque
1195 4065 1232 4122 ut
1249 4069 1359 4124 coacto
1411 4060 1611 4142 nihil:·quia
1631 4059 1775 4142 plurimi,
1799 4058 1878 4122 dum
1894 4078 1961 4121 non
1982 4057 2173 4142 intelligrmt
2194 4056 2273 4140 quid
2294 4058 2387 4122 utili·

387 4147 613 4228 episcoporum
642 4141 776 4207 concilio
809 4140 991 4206 remedium
1019 4141 1221 4207 adhibeatur.
1272 4143 1358 4209 Sub-
1411 4146 1489 4209 tatis
1516 4145 1651 4225 habeat,
1679 4165 1746 4209 non
1773 4144 1852 4209 adeo
1878 4143 2099 4208 necessarium
2127 4164 2197 4208 esse
2225 4142 2385 4223 iudicant;

385 4231 494 4314 iungit
521 4229 652 4294 deinde:
682 4249 748 4291 non
769 4248 897 4308 aspere,
919 4234 1079 4308 quantum
1102 4229 1267 4309 exhhmo,
1291 4251 1358 4295 non
1411 4230 1467 4294 alii
1484 4231 1592 4310 etiam,
1612 4238 1649 4295 ut
1666 4249 1915 4312 supervacuum,
1933 4250 2067 4312 prorsus
2089 4227 2249 4304 reiioiunt,
2273 4234 2306 4290 et
2324 4249 2386 4292 usu

385 4316 524 4395 duriter,
558 4337 625 4379 non
648 4313 743 4378 modo
765 4312 938 4394 imperioso
966 4312 1029 4376 ista
1050 4312 1223 4394 tolluntur,
1251 4318 1358 4400 magis
1410 4318 1481 4381 eius
1503 4338 1570 4381 non
1591 4316 1673 4381 bene
1700 4316 1829 4399 cognito
1858 4314 1962 4380 facilis
1989 4322 2040 4380 θεῖ
2061 4315 2097 4378 in
2119 4312 2387 4394 superstitionem

386 4401 529 4468 docendo
557 4422 655 4484 quam
677 4396 833 4475 iubenda,
861 4398 966 4481 magis
993 4398 1154 4463 monendo
1177 4422 1276 4483 quam
1297 4403 1358 4465 mi-
1409 4402 1531 4486 lapsus.
1766 4476 1768 4480 μ
2359 4394 2369 4407 ’

387 4486 510 4552 nando:
551 4488 598 4553 sio
631 4486 718 4550 enim
751 4483 916 4567 agendum
955 4488 1005 4547 est
1037 4504 1112 4548 cum
1145 4485 1357 4552 multitudine
1501 4493 1548 4552 15.
1594 4485 1754 4552 Sanctum
1781 4508 1819 4552 ac
1848 4486 2033 4570 legitimum
2055 4482 2213 4546 ieiunium
2235 4487 2302 4546 tres
2324 4481 2385 4547 ha·

388 4575 607 4653 peccantium
637 4570 794 4637 severitas
816 4576 925 4634 autem
953 4570 1135 4635 exercenda
1156 4580 1206 4636 est
1226 4573 1261 4636 in
1283 4594 1358 4656 pec·
1410 4573 1467 4639 bct
1486 4576 1578 4639 fines.
1623 4574 1673 4639 Eo
1694 4573 1784 4637 enim
1805 4572 1940 4650 utimur,
1962 4570 2014 4635 vel
2037 4567 2079 4630 ad
2100 4565 2330 4630 macerandam
2347 4588 2386 4634 ae

388 4664 461 4722 cata
488 4679 675 4739 paucorum.
721 4657 834 4737 Neque
862 4662 972 4719 tamen
998 4655 1154 4741 intelligit
1181 4660 1358 4725 conniven·
1411 4658 1628 4743 subigendam
1650 4679 1791 4736 carnem,
1820 4678 1862 4722 ne
1883 4654 2042 4730 lasciviat,
2071 4651 2124 4717 vel
2151 4657 2189 4714 ut
2211 4651 2252 4714 ad
2271 4672 2386 4733 preces

388 4742 467 4806 dum
489 4751 660 4824 propterea
681 4750 739 4807 aut
760 4741 935 4807 tacendum
956 4740 1128 4824 episcopis,
1157 4743 1245 4826 quod
1266 4765 1358 4812 seve-
1411 4766 1449 4811 ac
1471 4754 1601 4812 sanctas
1618 4745 1846 4810 meditationes
1862 4741 1981 4806 melius
2003 4739 2105 4802 simus
2123 4738 2312 4835 comparati,
2332 4737 2388 4803 vel

387 4829 456 4892 rius
484 4829 601 4910 punire
628 4828 758 4910 publica
785 4827 911 4911 flagitia
938 4836 1116 4909 nequeant;
1149 4830 1359 4913 quemadmo·
1411 4841 1449 4896 ut
1476 4832 1699 4897 testimonium
1726 4831 1770 4894 sit
1795 4834 1929 4892 nostrae
1959 4842 2067 4887 coram
2089 4823 2161 4886 Deo
2183 4822 2387 4888 humiliatio-

388 4913 468 4977 dum
495 4914 564 4994 ipse
592 4922 704 4994 postea
730 4915 873 4995 exponit.
924 4910 991 4977 Sed
1018 4914 1204 4998 corrigendi
1224 4917 1360 4983 modum
1412 4919 1472 4997 nis,
1496 4917 1575 4983 dum
1596 4917 1748 4984 volumus
1766 4929 1894 4977 reatum
1911 4917 2061 4975 nostrum
2083 4928 2193 4975 coram
2214 4908 2285 4990 ipso
2309 4929 2386 4974 oon·

387 5000 435 5063 ita
455 4999 528 5064 vult
548 4998 737 5080 temperari,
768 5006 807 5060 ut
827 4997 934 5080 quoad
957 4998 1033 5062 licet
1054 5001 1227 5067 sanitatem
1249 5003 1359 5086 potius
1411 5005 1505 5069 fiteri.
1550 5004 1683 5068 Primus
1710 4999 1786 5065 finis
1814 4997 1947 5061 nonita
1974 5015 2071 5076 saepe
2093 4994 2201 5059 locum
2229 4994 2328 5060 habet
2349 4995 2387 5060 in

388 5107 487 5168 quam
509 5084 646 5148 exitium
668 5081 792 5162 corpori
819 5084 943 5146 afferat.
988 5086 1097 5166 Atque
1123 5087 1196 5152 ideo
1218 5089 1265 5155 sic
1285 5098 1359 5153 ten-
1411 5090 1543 5174 publico
1558 5088 1695 5164 ieiunio,
1717 5083 1804 5166 quod
1828 5103 1894 5146 non
1919 5101 1985 5146 una
2003 5088 2053 5145 est
2070 5079 2221 5145 omnibus
2243 5081 2386 5163 corporis

388 5172 463 5236 dem
491 5167 667 5235 concludit:
682 5165 711 5250 ²)
743 5166 1007 5247 quamobremct
1036 5170 1118 5234 illud
1149 5184 1359 5257 praeceptum
1412 5177 1611 5251 constitutio,
1634 5193 1700 5236 non
1721 5190 1789 5233 una
1810 5166 1970 5234 valetudo.
2014 5167 2151 5232 Privato
2172 5167 2282 5248 itaque
2303 5166 2387 5230 ieiu-

388 5255 525 5340 apostoh'
547 5254 638 5318 nullo
660 5251 756 5316 modo
779 5249 1014 5334 negligendum
1035 5265 1100 5332 est,
1130 5255 1170 5320 de
1189 5260 1286 5324 malis
1309 5283 1359 5326 se-
1411 5264 1467 5326 nio
1488 5261 1593 5343 magis
1615 5255 1777 5321 convenit.
1819 5252 1992 5319 Secundus
2009 5253 2183 5335 'utriusque
2206 5251 2387 5317 communis

387 5341 578 5428 gregassdisv
601 5361 703 5422 quum
724 5337 795 5402 Sine
816 5334 960 5419 periculo
981 5337 1154 5403 violandae
1175 5347 1264 5425 pacis
1286 5346 1358 5410 ficri
1413 5356 1475 5414 est:
1500 5355 1567 5409 tam
1588 5342 1677 5406 enim
1698 5340 1854 5408 universa
1874 5340 2010 5406 ecclesia
2030 5337 2190 5403 eiusmodi
2211 5356 2387 5419 praepara·

387 5437 511 5513 POlfflt,
534 5428 610 5510 111111
631 5447 692 5491 nec
714 5423 809 5490 11111111
830 5421 901 5486 111111
923 5420 1042 5502 1011111ἱ
1066 5424 1208 5509 1111111111
1230 5450 1359 5512 quoque
1413 5435 1501 5497 tione
1519 5429 1560 5495 ad
1577 5447 1689 5510 preces
1710 5447 1791 5510 opus
1812 5426 1920 5507 habet,
1945 5447 2042 5510 quam
2064 5423 2218 5507 privatim
2239 5421 2390 5487 fidelium

457 5701 487 5768 1)
505 5702 592 5770 Epist.
611 5699 646 5753 64
663 5699 731 5770 (aa).
818 5698 848 5762 a)
873 5695 939 5764 cap.
956 5694 981 5747 2.
999 5701 1060 5754 aar.
1078 5701 1104 5757 a.
1122 5707 1218 5756 conta
1234 5703 1361 5756 Parma.
1483 5700 1513 5770 1)
1529 5702 1728 5772 praevidebant
1746 5684 1926 5757 itm-msa

462 5783 576 5843 cavas
592 5803 686 5858 opus.
721 5787 781 5844 Vol.
795 5785 840 5840 11.
2148 5781 2184 5837 58
