5600 6809
437 765 498 826 nn
1083 752 1349 821 mssmano
1370 755 1476 821 ιιι.
1498 753 1680 822 onulsu
1706 758 1797 822 ιιι.
2107 737 2109 743 ’
2131 839 2143 861 ,.
2381 755 2450 820 ‘usn

431 949 573 1034 phdicae
593 947 818 1012 exhortationes
838 949 926 1009 erant
947 943 1013 1008 illis
1034 944 1107 1007 oica
1129 941 1195 1008 Dei
1215 945 1332 1025 imapo,
1354 943 1413 1008 sie
1464 943 1626 1008 ministros
1646 947 1675 1007 et
1694 941 1828 1008 doctores
1848 961 2005 1007 censemus
2020 947 2185 1023 penetrare
2205 939 2250 1006 ad
2269 947 2384 1008 mentes
2412 949 2445 1008 et

317 1101 320 1107 ,
437 1036 485 1099 uti
514 1033 638 1098 Paulus
670 1034 707 1097 in
738 1052 800 1096 sua
822 1030 1056 1112 praedieatione
1084 1029 1183 1094 lucere
1210 1030 1325 1094 asserit
1349 1027 1414 1110 plo-
1464 1029 1567 1106 corda,
1584 1032 1620 1092 ιι
1635 1032 1700 1093 ιιι
1716 1027 1847 1092 illarum
1863 1029 2038 1094 comitatem
2054 1047 2149 1109 quarn
2165 1026 2277 1092 horum
2292 1029 2444 1094 dumtiem

437 1121 522 1185 riam
542 1119 607 1186 Dei
628 1118 765 1199 insanie
788 1116 906 1182 Christi
927 1116 961 1199 (2
981 1114 1056 1180 Oor.
1076 1120 1106 1191 4,
1131 1114 1174 1197 6).
1224 1114 1288 1194 Quo
1310 1115 1414 1196 napis
1464 1114 1635 1196 corripant:
1661 1118 1745 1178 recta
1766 1113 1862 1179 huius
1882 1115 2105 1178 controuersiae
2126 1113 2266 1194 definitio
2285 1114 2442 1180 tradenda

437 1204 629 1271 detestabiles
649 1209 722 1269 sunt
743 1206 910 1284 apostatae,
934 1202 991 1281 qui
1011 1199 1189 1266 scindendis
1209 1199 1343 1264 eeclesiis
1363 1200 1413 1263 iu·
1464 1204 1515 1265 est.
1562 1200 1651 1280 Quod
1681 1199 1826 1280 utrinque
1858 1199 2046 1279 disceptant,
2079 1198 2164 1264 nullo
2195 1200 2314 1282 nepotio
2343 1200 2442 1280 facile

436 1290 534 1369 hiant,
551 1290 684 1371 perirude
700 1309 737 1354 aa
751 1290 782 1353 si
803 1308 873 1353 oues
893 1287 1047 1368 abiperent
1062 1307 1082 1350 a
1096 1287 1206 1364 caulis,
1228 1306 1265 1350 ao
1281 1285 1414 1368 proiice-
1463 1285 1668 1367 transipetur,
1696 1285 1774 1349 lacos
1794 1285 1907 1350 diserh
1927 1284 2129 1365 observando,
2156 1284 2210 1349 ubi
2231 1283 2321 1350 Deus
2346 1291 2443 1350 autor

436 1382 507 1441 rent
532 1379 569 1442 in
592 1376 700 1458 fames
726 1375 879 1455 lnporum.
925 1371 1025 1436 Nobis
1051 1392 1121 1436 nero
1142 1373 1224 1452 quod
1245 1391 1284 1435 ιι
1307 1369 1412 1436 Paula
1457 1370 1707 1453 praedicationis
1723 1370 1873 1451 spiritum
1889 1390 1983 1436 suum
1999 1391 2070 1436 enm
2087 1390 2124 1435 ca
2139 1372 2333 1453 comumnes,
2352 1370 2443 1452 fruc-

436 1462 605 1527 citaoimns
620 1462 784 1526 tenendum
804 1463 856 1536 ιιι,
877 1457 1034 1521 ecclesiam
1054 1477 1117 1521 non
1138 1457 1231 1521 alr'ter
1251 1455 1414 1536 aedificari
1464 1462 1530 1520 turn
1558 1457 1630 1521 inde
1650 1457 1820 1535 promittit,-
1850 1456 1898 1520 oct
1918 1477 2065 1533 nmsurn,
2093 1457 2147 1521 ubi
2178 1477 2211 1521 se
2239 1457 2277 1522 ab
2303 1458 2443 1534 ιιιιιιιι

437 1567 534 1630 mam
555 1552 683 1613 ιιιιιιι
697 1544 945 1626 praedicatione,
973 1562 1027 1606 uec
1049 1544 1113 1608 alio
1134 1543 1258 1608 vinculo
1277 1543 1359 1606 inter
1380 1562 1414 1606 se
1463 1542 1616 1608 subsidiis
1642 1562 1808 1624 separans,
1835 1547 1901 1606 tarn
1927 1542 2023 1606 initia
2042 1542 2117 1622 fidei
2138 1562 2234 1623 qnam
2254 1547 2349 1607 totum
2370 1562 2441 1606 enr-

437 1634 567 1698 retineri
595 1636 729 1709 sanctos,
759 1630 824 1694 nisi
851 1630 927 1693 curn
953 1648 1015 1692 uuo
1043 1649 1193 1697 consensu
1220 1627 1414 1694 ἀιιιιιιιιιι
1463 1649 1534 1693 sum
1563 1627 1624 1692 sibi
1652 1628 1710 1691 uni
1738 1628 1885 1692 ιιιιιιιιι.
1933 1626 2080 1708 Officium
2100 1629 2227 1692 secundi
2249 1626 2345 1693 Elias
2365 1628 2439 1706 fuit,

433 1719 624 1800 proficienda
650 1717 791 1781 ordinem
817 1714 959 1779 ecclesiae
981 1735 1002 1778 a
1023 1713 1092 1779 Deo
1113 1715 1347 1795 praescriptum
1368 1733 1413 1777 eo
1463 1718 1536 1779 teste
1554 1712 1720 1778 Malaahia
1741 1714 1787 1797 (4,
1807 1714 1851 1797 6),
1874 1713 2057 1778 illuminare
2077 1718 2199 1792 mentes,
2222 1713 2448 1779 ιιιιιιιιιιιι

438 1804 515 1869 lunt.
560 1803 601 1866 In
627 1803 707 1867 hunc
729 1801 900 1881 praecipue
919 1798 1028 1879 finem,
1057 1805 1092 1864 ut
1119 1801 1206 1879 diei,
1233 1801 1316 1864 inssi
1341 1803 1414 1863 sunt
1464 1799 1559 1864 corda
1580 1805 1713 1878 patrum
1739 1799 1782 1862 ad
1806 1798 1903 1878 filios,
1932 1799 2155 1864 clirecredulos
2175 1799 2218 1863 ad
2234 1800 2439 1881 pnrdenliam

438 1890 515 1954 olim
538 1889 644 1969 fideles
669 1886 726 1951 sub
752 1887 816 1968 lepc
841 1885 992 1963 confluere
1014 1887 1055 1950 ad
1076 1885 1307 1963 sanctuarium,
1335 1886 1414 1964 quia
1464 1886 1624 1949 iustorum.
1682 1883 1825 1949 Christum
1856 1905 1889 1948 se
1921 1884 2073 1966 apostolos
2104 1886 2221 1949 mittere
2253 1885 2440 1966 pronuntiat

436 1975 515 2040 dum
536 1973 641 2038 Moses
668 1974 706 2038 de
734 1970 908 2036 habitamlo
930 1970 994 2035 Dei
1014 1970 1163 2052 loquitur,
1190 1970 1287 2034 snnul
1313 1970 1413 2034 locum
1465 1971 1592 2053 (Ioann.
1620 1975 1668 2048 15,
1695 1968 1765 2054 16),
1792 1975 1827 2034 ut
1851 1970 1988 2049 fructum
2015 1971 2148 2051 alfnant
2174 1991 2214 2035 ιι
2242 1970 2345 2036 labore
2371 1991 2438 2036 suo.

437 2061 575 2125 nominis
596 2058 660 2123 Dei
682 2057 836 2138 appellat,
858 2055 913 2119 ubi
941 2056 1031 2122 Deus
1062 2057 1243 2120 memoriam
1275 2056 1414 2120 nominis
1454 2057 1547 2136 ,Quis
1578 2061 1683 2121 auum
1712 2056 1754 2119 sit
1783 2057 1906 2137 fructus
1937 2055 1990 2120 ille
2020 2056 2150 2120 ινιιιιιι
2181 2056 2289 2136 definit
2323 2056 2439 2122 Petrus

437 2147 492 2210 sui
506 2146 616 2227 posuit
633 2142 753 2227 (Exod.
778 2147 829 2219 20,
852 2142 917 2225 24).
965 2142 1032 2223 Quo
1053 2146 1157 2224 aperte
1170 2143 1268 2219 docet,
1290 2141 1413 2205 nullum
1465 2141 1498 2226 (l
1518 2143 1609 2207 Petr.
1635 2146 1662 2219 1,
1687 2145 1752 2220 23,
1774 2162 1831 2206 nos
1851 2142 1970 2226 repipui
1991 2141 2096 2206 diceus
2116 2143 2231 2206 sornine
2250 2143 2439 2222 incorrupti-

436 2232 505 2296 sine
520 2232 651 2312 pietatis
672 2229 812 2293 doetrina
838 2227 1021 2292 esseillius
1048 2247 1151 2291 usum.
1196 2226 1262 2291 Neo
1282 2226 1428 2314 dubium¹
1464 2229 1530 2292 bili
1574 2227 1726 2310 Itaquep
1773 2229 1859 2292 iatur
1883 2226 2009 2292 Paulus
2034 2227 2068 2311 (l
2093 2226 2167 2293 Oor.
2191 2232 2220 2304 4,
2248 2227 2302 2311 15)
2329 2249 2362 2293 ιι
2378 2249 2439 2310 per

437 2321 481 2382 ιιι
507 2318 584 2399 quin
611 2315 717 2396 eadem
743 2316 837 2378 etiam
864 2313 984 2378 ratione
1005 2311 1115 2377 David
1141 2313 1255 2394 inpenti
1276 2313 1413 2393 spiritns
1463 2313 1655 2396 eoanpdinm
1674 2314 1818 2397 paruisse
1837 2311 2019 2391 Corinthios,
2041 2333 2150 2394 eosque
2171 2314 2364 2392 apostolatus
2385 2315 2439 2379 sui

437 2403 650 2468 arnaritrudine
671 2405 837 2480 queratur,
856 2419 899 2464 se
920 2399 1085 2479 tyrannica
1113 2397 1248 2462 hostium
1279 2398 1414 2462 saevitia
1464 2399 1603 2482 siprllum
1622 2400 1740 2484 essetl
1763 2397 1837 2463 Gor.
1859 2405 1887 2479 9,
1907 2397 1959 2483 2),·
1980 2400 2044 2462 imo
2064 2419 2097 2463 se
2117 2419 2179 2464 uon
2199 2418 2264 2463 esse
2286 2399 2438 2465 literalem

432 2487 595 2569 prohiberi
632 2486 826 2551 tabernaculi
864 2485 1008 2566 inpressu
1051 2482 1152 2568 (Psal.
1176 2487 1232 2560 84,
1259 2488 1273 2546 l
1298 2481 1411 2567 seqq.).
1463 2486 1661 2564 ministrum,
1684 2485 1740 2566 puri
1760 2489 1881 2549 tantum
1901 2485 2005 2550 sonitu
2026 2485 2109 2549 oecis
2130 2505 2223 2549 aures
2239 2486 2437 2566 pensiero,

440 2573 556 2639 Multis
572 2573 638 2654 fere
654 2572 778 2636 oidetur
790 2569 927 2651 puerilis
944 2569 1128 2646 lamentatio,
1147 2569 1229 2650 quod
1246 2569 1413 2633 minimum
1464 2572 1518 2636 sed
1539 2571 1648 2635 datam
1668 2570 1730 2634 sibi
1750 2570 1922 2651 efficaciam
1941 2569 2082 2651 spiritus,
2104 2591 2143 2634 ue
2163 2571 2290 2636 inutilis
2310 2572 2352 2636 sit
2372 2571 2441 2638 doo-

439 2659 582 2724 iacturae
606 2657 706 2738 heret,
733 2677 795 2720 non
822 2655 955 2719 ιιιιιιιι
981 2656 1074 2719 etiam
1099 2655 1266 2734 uoluptatis
1286 2655 1414 2734 periret,
1465 2657 1552 2720 trina
1579 2655 1613 2738 (2
1637 2654 1712 2720 Gor.
1737 2659 1765 2733 3,
1790 2656 1834 2740 6).
1882 2656 1949 2737 Quo
1969 2675 2063 2720 sensu
2084 2657 2179 2720 etiam
2199 2656 2278 2720 alibi
2305 2656 2339 2740 (1
2364 2655 2439 2722 (lor.

440 2763 546 2809 carere
571 2742 678 2823 templi
707 2742 803 2818 atrio,
831 2741 920 2805 niodo
945 2745 1138 2823 suppeteret
1165 2741 1250 2805 aliae
1277 2739 1413 2804 deliciae.
1465 2745 1495 2820 2,
1518 2741 1554 2824 4)
1583 2742 1776 2824 eoanpelium
1803 2762 1897 2806 suurn
1921 2742 2023 2823 fuisse
2048 2746 2140 2825 nepot
2164 2746 2285 2806 tantum
2314 2744 2349 2808 iu
2376 2763 2441 2807 ser·

442 2828 515 2894 Hac
534 2834 636 2894 tamen
657 2849 724 2893 una
740 2826 890 2904 molestia,
912 2827 1064 2891 nimietate
1085 2830 1113 2890 et
1133 2827 1286 2891 moestitia
1307 2844 1340 2890 se
1359 2825 1415 2889 uri
1464 2847 1559 2906 mone,
1581 2828 1636 2892 scd
1655 2828 1692 2892 in
1711 2827 1830 2892 uirtute.
1874 2826 2029 2908 Affirrnct
2049 2828 2145 2892 etiam
2169 2825 2302 2892 Galatas
2322 2848 2362 2892 en
2383 2849 2442 2892 ou

441 2920 470 2979 ιι
490 2914 628 2980 suumn
648 2917 677 2978 et
692 2932 792 2992 prope
809 2911 932 2975 absumi
949 2911 1100 2992 deplorat:
1121 2931 1229 2993 nempe
1245 2911 1326 2991 quod
1340 2909 1415 2991 fide
1465 2912 1533 2977 ditn
1553 2912 1629 2993 fidei
1649 2914 1798 2993 spiritam
1818 2914 1972 2993 accepisse
1992 2912 2037 2996 (3,
2058 2912 2101 2995 2).
2136 2911 2278 2994 Denique
2289 2914 2443 2993 pluribus

440 3000 524 3066 iebus
544 2998 627 3065 nihil
643 2999 754 3079 pluris
775 3002 819 3062 est
839 2997 894 3061 hoe
915 2997 1121 3076 adminiculo,
1150 3017 1210 3078 qno
1231 2995 1321 3062 Deus
1341 3015 1415 3061 snos
1466 2998 1542 3063 loeis
1567 3019 1629 3063 uon
1655 3000 1743 3064 niodo
1766 3018 1799 3063 se
1819 2999 2032 3080 cooperarium
2053 2998 2116 3063 Dei
2136 2998 2226 3080 facit,
2253 3000 2307 3064 sed
2329 3005 2443 3081 partes

438 3087 600 3169 pradatim
628 3087 662 3149 in
689 3084 820 3147 sublime
847 3081 966 3148 attollit.
1012 3082 1101 3148 Nam
1122 3087 1149 3146 ιι
1169 3082 1224 3146 hoe
1245 3082 1416 3147 notanduun
1465 3084 1528 3148 sibi
1547 3086 1691 3168 assipnat
1711 3084 1909 3166 coufmendae
1929 3084 2044 3148 ιιιιιιιι
2066 3084 2099 3169 (l
2120 3085 2194 3150 (lor.
2214 3087 2242 3162 3,
2262 3083 2306 3235 9).
2352 3084 2443 3150 Haeo

440 3176 500 3249 est,
531 3170 637 3236 Decem
664 3171 701 3233 in
727 3169 847 3250 spendo
875 3189 953 3233 suae
980 3168 1137 3241 doctrinm
1163 3169 1210 3231 ita
1236 3187 1357 3250 semper
1383 3188 1416 3232 ιι
1466 3169 2173 3252 certemunianuuquamcoprotulitutoel
2198 3171 2354 3234 tant'um
2380 3169 2443 3235 sibi

439 3257 608 3322 ostendisse
625 3255 742 3320 sanctis
755 3253 913 3335 patribus,
935 3259 971 3318 ut
987 3253 1166 3335 spiritualis
1183 3257 1259 3318 esset
1275 3253 1415 3336 aequitio.
1466 3275 1605 3320 seorsum
1624 3277 1646 3321 a
1667 3255 1736 3322 Deo
1756 3255 1908 3321 tribueret.
1944 3253 2045 3320 &oreti
2066 3255 2195 3320 brmiter
2216 3255 2296 3321 alibi
2316 3257 2443 3338 copon

448 3341 534 3409 Unde
560 3347 589 3406 et
614 3341 763 3423 templum
787 3360 849 3404 non
874 3340 963 3404 modo
988 3337 1087 3419 facies
1107 3340 1189 3416 eins,
1217 3338 1272 3402 sul
1298 3338 1416 3423 (omnis
1468 3338 1501 3425 (l
1522 3339 1634 3406 Thess.
1655 3345 1684 3419 3,
1704 3341 1756 3424 5).·
1777 3341 1864 3406 labor
1884 3345 1988 3407 ιιιιιι
2007 3342 2153 3423 nonfuit
2174 3343 2299 3407 mutilis
2320 3344 2356 3406 in
2378 3341 2443 3407 Do·

439 3428 671 3508 superstitionis
687 3426 837 3491 tollendae
852 3426 964 3509 cansa)
981 3424 1146 3489 scabeilum
1159 3424 1276 3504 pedum
1290 3429 1416 3489 oocatrm
1467 3427 1552 3491 utino
1567 3427 1736 3492 sectandum
1746 3428 1917 3509 potantium
1931 3427 2000 3492 eius
2009 3431 2148 3506 potenter
2164 3428 2200 3491 in
2215 3448 2263 3492 me
2277 3426 2440 3509 efficaces».

487 3514 544 3579 sal.
567 3515 635 3592 132,
661 3516 694 3590 7;
718 3516 768 3589 99,
789 3516 821 3590 5;
848 3509 991 3575 lParsl.
1012 3513 1061 3589 28,
1086 3511 1130 3594 2).
1174 3509 1279 3590 Atque
1299 3509 1350 3573 hie
1370 3514 1417 3574 est
1469 3511 1549 3576 Item
1569 3512 1648 3578 olibi
1669 3512 1760 3597 (Gal.
1780 3516 1809 3592 2,
1828 3512 1881 3597 8).·
1901 3513 1956 3594 qui
1976 3511 2089 3593 efficaci
2109 3514 2174 3594 fuit
2194 3514 2230 3578 in
2254 3513 2346 3579 Petro
2368 3535 2442 3597 erpa

456 3594 1116 3675 eliailleoecursusinnuitatenrddei,
1143 3596 1220 3660 dum
1247 3617 1269 3660 a
1296 3614 1416 3658 summo
1467 3597 2441 3681 ciruuueisionem,inmeetiamefhcaefuitapudpeuhs.

439 3704 540 3766 usque
560 3685 604 3749 ad
624 3683 770 3764 intimum
792 3703 895 3748 munes
916 3682 959 3746 ad
980 3686 1074 3760 caput
1099 3680 1274 3762 adspirant.
1321 3680 1417 3762 Quid-
1470 3681 1631 3749 antenun
1656 3704 1753 3765 quam
1778 3683 1860 3748 nihil
1886 3685 2059 3766 separatim
2092 3685 2250 3750 ministris
2279 3685 2443 3751 residuum

441 3770 518 3851 quid
541 3768 723 3848 templorum
744 3770 807 3833 alio
828 3767 956 3833 consilio
982 3766 1190 3848 aedificamnt
1209 3765 1278 3831 Deo
1304 3770 1415 3848 pentes,
1466 3768 1574 3850 faciat,
1595 3790 1633 3835 ee
1649 3770 1727 3836 aliis
1743 3769 1818 3835 ucis
1828 3775 1931 3850 patet:
1953 3771 2009 3852 qui
2025 3770 2150 3852 plantat
2165 3771 2247 3836 nihil
2264 3777 2316 3850 ιιι,
2339 3777 2367 3836 ιι
2387 3775 2442 3853 qui

441 3874 530 3919 mera
554 3855 617 3936 fuit
642 3854 743 3919 cultus
769 3855 838 3919 eius
860 3852 1059 3936 profanatio3
1087 3853 1129 3916 ad
1154 3872 1250 3932 qnam
1277 3853 1334 3916 etsi
1354 3872 1417 3916 non
1467 3855 1553 3936 ripat
1572 3855 1654 3920 nihil
1669 3860 1730 3935 est,-
1750 3856 1805 3921 sul
1821 3855 1912 3921 Deus
1928 3856 1984 3937 pu·
2001 3857 2057 3922 dat
2073 3858 2291 3922 incrementum
2313 3857 2346 3941 (1
2368 3856 2446 3925 (lor.

437 3940 518 4023 pori
539 3940 689 4018 crassitie,
711 3939 908 4020 alienatenus
927 3944 1030 4003 tamen
1040 3938 1187 4019 prolapsi
1203 3942 1275 4000 sunt
1293 3936 1415 4003 Iudaei.
1470 3943 1504 4018 3,
1529 3939 1572 4023 7).
1617 3939 1712 4005 Ιιιιι.·
1739 3942 1820 4021 plns
1845 3942 1987 4007 onmibus
2014 3942 2170 4021 laboraoi;
2202 3964 2264 4008 uon
2290 3963 2358 4024 epo,
2392 3945 2447 4010 sed

446 4024 536 4107 Quoad
561 4024 628 4088 illis
654 4045 692 4089 ιι
717 4044 769 4089 orc
791 4024 916 4090 lesbiae
939 4023 1116 4106 §tephanm
1136 4023 1301 4104 exprobrat
1327 4023 1414 4107 (Aoi
1466 4026 1574 4107 pratia
1600 4025 1666 4092 Dei
1692 4047 1771 4108 quae
1802 4026 1882 4091 mihi
1911 4028 2020 4092 adeat
2052 4026 2184 4112 (l‘Gor.
2211 4034 2264 4109 lb,
2290 4029 2354 4112 10).
2401 4028 2446 4095 Et

444 4115 473 4189 ’1,
496 4107 570 4193 48),
598 4108 704 4174 Deum
731 4109 844 4174 scilicet
871 4129 932 4173 non
958 4108 1099 4174 habitare
1119 4110 1156 4173 in
1176 4108 1300 4189 templis
1319 4128 1418 4172 manu
1468 4115 1545 4177 certe
1572 4112 1704 4177 retinere
1729 4113 1894 4178 sententias
1919 4113 1995 4180 illas
2022 4119 2150 4197 eportet,
2184 4114 2239 4179 ubi
2265 4114 2355 4180 Deus
2382 4115 2448 4180 sibi

440 4195 544 4279 sactis,
565 4199 616 4260 ιιι.
663 4195 746 4276 Quia
765 4195 851 4259 solus
874 4193 962 4260 Deus
982 4196 1098 4277 templa
1118 4194 1181 4259 sibi
1201 4214 1258 4260 suo
1278 4213 1418 4260 ιιιιιιι
1468 4197 1649 4263 adscribens
1666 4199 1778 4264 mertis
1799 4197 2059 4265 illuminationem
2081 4206 2109 4265 et
2131 4201 2357 4266 renovationem
2379 4221 2448 4283 eor-

441 4282 478 4346 in
499 4281 670 4364 lepitinmm
690 4301 784 4346 ιιιιι
803 4280 985 4361 sordificat.
1018 4279 1061 4344 Et
1080 4280 1206 4361 siquid
1226 4285 1334 4345 tenure
1356 4285 1417 4345 ten-
1469 4283 1530 4360 dis,
1543 4283 1744 4368 saerilepium
1756 4304 1820 4350 esse
1833 4284 1975 4350 adrnonel
1988 4287 2020 4351 si
2031 4306 2125 4368 quam
2145 4287 2308 4365 utriusque
2316 4291 2449 4372 parterm

442 4372 548 4434 ιιιιιι
567 4369 637 4432 eius
658 4367 793 4444 iniussu,
812 4367 959 4449 protheus
978 4365 1060 4429 malo
1075 4365 1237 4446 prmuipio
1254 4364 1415 4431 adhaeres
1469 4368 1557 4434 homo
1578 4368 1641 4433 sibi
1662 4375 1796 4453 arropat.
1839 4369 1975 4435 Interim
2001 4373 2032 4436 si
2058 4370 2228 4446 ministris,
2255 4389 2330 4448 quos
2352 4367 2449 4438 Deus

428 4458 515 4520 -cunt
547 4453 718 4518 ιιιιιιιιιιι
746 4452 905 4535 ιιιιιια,
937 4451 1052 4532 qubus
1081 4450 1201 4515 malum
1232 4452 1301 4515 sine
1327 4452 1416 4517 modo
1463 4455 1618 4536 praeficit,
1636 4476 1670 4521 se
1686 4457 1818 4538 quisque
1831 4455 1960 4521 ἀιιιιιιι
1976 4458 2094 4538 offerat,
2113 4476 2151 4519 ιι
2164 4455 2274 4536 fructu
2292 4463 2449 4537 oopnosoet

436 4544 642 4623 propapatur.
675 4537 906 4602 Inconsiderate
921 4544 1023 4602 tamen
1044 4535 1175 4614 Xerses,
1198 4535 1274 4600 dum
1290 4536 1417 4602 consilio
1469 4559 1532 4604 nou
1551 4542 1676 4622 frustra
1691 4542 1852 4622 placuisse
1872 4541 1941 4607 Deo
1962 4542 2043 4607 hune
2068 4539 2194 4604 docendi
2219 4541 2360 4619 modum,
2391 4562 2448 4608 uec

441 4645 604 4708 maporum
631 4625 737 4690 onmia
762 4623 915 4688 Graeciae
941 4622 1055 4704 templa
1081 4621 1202 4685 eeussit
1228 4620 1276 4685 vel
1302 4622 1419 4687 diruit:
1467 4625 1592 4709 fnestra
1609 4628 1703 4692 etiam
1717 4625 1862 4706 fidelibus
1877 4627 1988 4709 iupum
2004 4625 2058 4690 hoc
2078 4624 2243 4690 modestiae
2264 4627 2448 4708 impositum

441 4711 524 4792 qnod
544 4711 716 4775 absurdum
731 4713 859 4792 portaret
879 4710 965 4786 deos,
986 4706 1101 4790 quibus
1120 4708 1227 4772 ornnia
1248 4705 1341 4772 libere
1360 4730 1418 4790 pa-
1468 4731 1542 4777 esse.

442 4801 504 4860 tere
525 4796 644 4874 debent,
667 4793 845 4877 parietibus
866 4801 894 4859 et
913 4795 1024 4877 tepulis
1051 4792 1179 4858 includi.
1226 4792 1327 4873 Quasi
1346 4815 1417 4860 nero
1556 4802 1584 4861 7.
1624 4797 1649 4880 ¹)
1659 4796 1840 4862 Enimvero
1861 4794 1902 4860 de
1923 4795 2059 4860 ecclesis
2079 4794 2210 4876 visibili,
2234 4805 2267 4861 ιι
2284 4819 2366 4881 quae
2383 4799 2445 4865 sub

443 4899 506 4943 uon
521 4881 563 4943 sit
579 4882 614 4944 iu
632 4880 696 4945 Dei
710 4885 868 4962 potestate,
890 4885 926 4944 ut
945 4880 1034 4944 uobis
1051 4879 1255 4960 propinquus
1273 4879 1323 4959 sit,
1343 4900 1417 4962 quo
1468 4882 1690 4966 cognitionem
1721 4888 1868 4946 nostram
1895 4878 1998 4959 ondit,
2032 4881 2127 4964 quale
2158 4882 2317 4948 iudicium
2342 4884 2445 4966 faeere

337 5013 345 5028 ,
443 4964 607 5030 dammodo
635 4965 678 5030 ad
704 4986 761 5030 nos
781 4966 978 5045 descendere,
1008 4968 1158 5029 ettamen
1178 4983 1274 5045 neque
1295 4970 1417 5033 mutare
1467 4968 1693 5045 conveniatne
1709 4967 1925 5046 superioribus
1941 4966 2009 5031 iam
2029 4968 2146 5049 liquere
2162 4970 2312 5034 ιιίιιιιιι.
2346 4969 2445 5035 Dim·-

444 5049 558 5128 locun,
585 5070 680 5132 noque
706 5071 763 5115 nos
783 5051 911 5134 othpere
932 5051 1064 5116 terrenis
1084 5049 1212 5130 mediis;
1238 5050 1292 5115 sed
1306 5053 1418 5132 potius
1467 5073 1539 5117 mus
1565 5051 1648 5115 enim
1672 5050 1822 5116 bituriam
1848 5052 1889 5117 de
1915 5053 2053 5119 ecclesis
2079 5075 2187 5120 sacras
2213 5055 2325 5120 literas
2346 5055 2444 5138 loqui

443 5133 596 5201 uehiculis
621 5134 809 5216 quibusdam
835 5158 892 5202 nos
917 5156 1045 5202 seorsum
1073 5135 1181 5217 efferre
1201 5135 1244 5200 ad
1265 5137 1417 5202 coelestem
1466 5135 1643 5203 Interdum
1659 5158 1760 5219 quum
1777 5138 1946 5204 ecclsiam
1962 5140 2145 5219 nominant,
2164 5161 2237 5204 eam
2253 5141 2447 5223 intelligtmt

443 5240 539 5287 suam
568 5221 718 5304 ploriam,
750 5243 830 5305 quae
860 5243 921 5288 suo
949 5222 1152 5286 immensitate
1178 5221 1283 5286 omnia
1309 5223 1415 5302 replet,
1469 5243 1552 5306 quus
1579 5242 1616 5286 re
1645 5243 1724 5288 vera
1749 5232 1800 5289 sat
1826 5245 1938 5291 coram
1957 5226 2047 5306 Deo,
2074 5226 2111 5289 in
2130 5246 2229 5308 quum
2251 5227 2335 5291 nulli
2360 5228 2446 5292 reoi-

443 5311 510 5371 tum
532 5324 602 5373 uero
623 5308 717 5374 coelos
738 5309 903 5374 altihodine
923 5312 1059 5389 superd.
1467 5308 1606 5392 piuntur
1627 5309 1693 5375 nisi
1713 5310 1825 5392 quiet
1846 5310 2031 5395 adoptionis
2117 5311 2164 5376 tis
2186 5311 2247 5376 filii
2268 5311 2334 5378 Dci
2354 5321 2444 5392 sunt,

534 5395 562 5456 6.
594 5392 702 5474 Porro,
715 5395 793 5476 quia
809 5394 864 5458 hoe
880 5400 1013 5476 ternpore
1029 5410 1145 5475 mapua
1160 5390 1223 5472 fuit
1239 5393 1418 5458 eoncematio
1469 5403 1509 5460 et·
1524 5395 1659 5479 spiritus
1680 5396 1937 5463 sanctificatione
1958 5417 2038 5464 vers
2084 5396 2183 5462 bristi
2203 5396 2358 5463 membru
2394 5401 2446 5465 Ao

444 5475 482 5543 de
499 5476 641 5559 efficacia
657 5480 836 5564 prinistemi,
853 5480 931 5543 dum
946 5480 1016 5544 eius
1032 5478 1213 5561 dipnitatem
1229 5476 1418 5560 hyperbolice

445 5561 640 5643 amplificent
665 5565 739 5643 alii,
768 5564 829 5628 alii
854 5565 1034 5629 oontnrdunt
1054 5583 1225 5645 perperam
1249 5562 1419 5646 transferri
1471 5573 1674 5579 “m

445 5645 1359 5732 adhonrirremnrortalenquodpropn'mnestsphihn,
1386 5651 1419 5716 si
1539 5667 2178 5768 younoap.r111.s.soenuneps
