5600 6809
393 740 455 800 211
823 676 825 679 ·
1041 726 1308 795 INS'H'FUTIO
1330 728 1436 792 Rau.
1460 725 1641 793 Ouarsa.
1667 730 1759 791 1559.
2343 730 2410 792 212

394 931 543 990 nostram
566 919 780 986 convincitur.
815 919 952 984 Maneat
974 938 1053 1002 ergo
1077 918 1147 994 hoo,
1165 938 1233 981 non
1254 937 1375 999 pravae
1429 916 1565 981 damnat
1585 916 1721 981 Paulus.
1767 913 1858 995 Quid
1885 915 1996 979 enim?
2031 923 2106 980 tene
2131 937 2244 982 eorum
2270 937 2410 982 numero

395 1003 1375 1086 (11011111001111101111111111111101010111101101111111111111-
1428 1003 1567 1080 eximas,
1601 1022 1741 1085 quorum
1762 1001 1862 1084 pedes
1883 1001 1926 1066 ad
1953 1002 2148 1084 sanguinem
2173 1002 2411 1067 effundendum

394 1095 443 1161 les
466 1095 520 1160 hie
543 1093 787 1170 describuntur,
810 1089 867 1155 sed
888 1098 1027 1154 naturae
1049 1109 1176 1172 quoque
1196 1089 1359 1170 pravitate
1366 1111 1374 1166 ;
1428 1088 1571 1166 veloces,
1593 1109 1713 1152 manus
1735 1088 1858 1170 rapinis
1881 1093 1914 1151 et
1935 1087 2119 1153 homicidiis
2140 1088 2303 1167 foedatae,
2332 1093 2410 1172 gut-

396 1179 526 1264 quando
544 1202 610 1244 non
629 1178 724 1243 aliter
742 1185 829 1241 stare
846 1183 953 1258 potest
971 1174 1108 1257 apostoli
1125 1175 1374 1258 argumentatio,
1428 1182 1505 1238 tura
1525 1173 1683 1257 'sepulcris
1704 1173 1890 1256 patentibus
1913 1173 2041 1251 similia,
2063 1173 2195 1257 linguae
2216 1173 2410 1239 fraudulen-

395 1266 522 1332 nullam
551 1286 622 1330 esso
650 1263 776 1327 homini
797 1263 937 1327 salutem
958 1261 1023 1326 nisi
1051 1283 1071 1326 a
1091 1261 1227 1325 Domini
1248 1259 1375 1324 miseri·
1428 1269 1496 1337 tae,
1518 1268 1680 1325 venenata
1701 1259 1801 1337 labia,
1829 1281 1929 1343 opera
1950 1259 2093 1337 inutilia,
2115 1260 2242 1342 iniqua,
2265 1259 2409 1342 putrida,

397 1352 522 1430 cordia,
550 1351 627 1433 quia
648 1350 684 1412 in
707 1369 742 1412 so
763 1346 910 1430 perditus
932 1355 982 1411 est
1005 1354 1038 1409 et
1059 1346 1255 1428 deploratus.
1299 1346 1375 1409 Non
1428 1345 1564 1411 lethalia
1570 1370 1578 1424 ;
1607 1367 1746 1428 quorum
1768 1346 1898 1410 animus
1920 1346 1991 1409 sine
2012 1346 2098 1423 Deo,
2126 1366 2266 1427 quorum
2287 1346 2410 1411 intime.

396 1439 450 1504 hic
482 1437 636 1502 laborabo
668 1435 703 1498 in
737 1432 946 1517 approbanda
979 1433 1240 1496 testimoniorum
1272 1431 1376 1514 1111111-
1428 1433 1622 1514 pravitates,
1651 1453 1790 1514 quorum
1812 1431 1898 1496 oculi
1919 1430 1961 1496 ad
1981 1429 2133 1509 insidias,
2164 1432 2265 1496 animi
2292 1430 2333 1495 ad
2354 1432 2409 1496 in-

397 1525 538 1601 eatione,
577 1543 620 1586 ne
659 1522 711 1586 cui
740 1519 916 1584 videantur
947 1519 1177 1600 intempestive
1209 1524 1375 1600 usurpata.
1429 1517 1621 1583 sultandum
1648 1518 1741 1597 elati,
1770 1538 1884 1581 omnes
1911 1516 2051 1598 denique
2078 1524 2187 1599 partes
2213 1514 2256 1581 ad
2276 1517 2411 1583 infinita

396 1609 541 1676 Perinde
574 1628 670 1690 agam
704 1625 741 1669 ac
774 1605 803 1669 si
831 1625 850 1668 1
876 1603 982 1669 Paulo
1009 1604 1152 1686 primum
1180 1604 1261 1669 haec
1289 1603 1377 1668 dicta
1428 1605 1554 1687 flagitia
1573 1601 1804 1670 concinnatae?
1838 1601 1879 1669 Si
1899 1603 2050 1668 omnibus
2068 1602 2228 1668 eiusmodi
2245 1604 2410 1685 portentis

397 1696 520 1772 forent,
556 1715 623 1757 non
656 1714 673 1755 e
705 1690 875 1774 prophetis
909 1687 1089 1771 desumpta.
1132 1688 1234 1753 Initio
1262 1687 1377 1754 adimit
1429 1690 1569 1754 obnoxia
1595 1697 1645 1754 est
1668 1710 1881 1770 unaquaeque
1904 1689 2029 1765 anima,
2052 1686 2324 1770 quemadmodum
2347 1710 2409 1754 au·

397 1780 524 1845 homini
553 1778 725 1853 iustitiam,
753 1775 787 1839 id
815 1781 864 1839 est
890 1774 1114 1858 integritatem
1136 1782 1170 1838 et
1189 1775 1375 1857 puritatem,
1429 1774 1540 1839 dacter
1561 1776 1752 1857 pronuntiat
1769 1774 1949 1858 apostolus,
1977 1773 2127 1840 videmus
2146 1780 2233 1840 certe
2254 1773 2332 1856 quid
2355 1774 2409 1839 fu-

398 1864 515 1929 deinde
542 1862 802 1946 intelligentiam.
848 1859 1093 1942 intelligentiae
1126 1866 1237 1924 autem
1271 1860 1376 1926 110110-
1429 1868 1540 1924 turum
1562 1863 1614 1938 sit,
1637 1861 1666 1925 si
1687 1861 1851 1924 Dominus
1872 1860 2053 1924 humanam
2073 1860 2241 1924 libidinem
2261 1881 2321 1942 pro
2343 1881 2407 1924 sua

398 1957 470 2014 tum
492 1950 602 2032 arguit
623 1948 785 2039 apostasia
803 1969 822 2012 a
835 1946 915 2024 Deo,
939 1966 1035 2028 quem
1053 1945 1228 2028 requirere,
1251 1947 1376 2027 primus
1427 1947 1640 2011 inclinatione
1667 1947 1782 2028 vagari
1809 1947 1908 2010 sinat:
1943 1945 2036 2009 nulla
2062 1953 2112 2010 est
2132 1946 2261 2010 rabiosa
2287 1944 2408 2025 bellua,

397 2044 448 2101 est
475 2035 654 2118 sapientiae
681 2032 811 2117 gradrm.
856 2030 945 2096 Illud
966 2038 1077 2095 autem
1106 2051 1238 2096 neeesse
1260 2039 1310 2096 est
1335 2032 1376 2095 iis
1428 2054 1511 2114 quae
1532 2032 1878 2114 tam'praecipitanter
1898 2031 2038 2110 feratur;
2065 2031 2193 2095 nullum
2215 2037 2265 2096 est
2290 2052 2408 2113 quam-

398 2122 528 2185 evcnire
561 2121 616 2202 qui
649 2141 668 2183 a
695 2120 767 2184 Deo
800 2118 995 2182 defecerunt.
1041 2115 1228 2194 Subnectit,
1263 2138 1375 2180 omnes
1428 2118 1508 2182 libet
1528 2117 1680 2199 rapidum
1702 2138 1738 2182 ac
1762 2117 1942 2182 violentum
1962 2119 2100 2193 flumen,
2128 2117 2220 2182 cuius
2241 2115 2322 2181 adeo
2344 2117 2408 2182 im-

398 2205 577 2271 deelinasse
607 2212 640 2269 et
668 2205 761 2287 quasi
787 2202 935 2287 putridos
962 2224 1033 2268 esse
1056 2202 1215 2280 redditos;
1248 2202 1376 2266 nullum
1427 2211 1564 2285 pctuosa
1592 2204 1635 2266 sit
1655 2202 1839 2267 exundatio.
1884 2202 1924 2266 In
1951 2202 2062 2267 electis
2085 2203 2153 2267 suis
2174 2202 2304 2266 morbos
2326 2203 2409 2268 istos

397 2313 468 2357 esse
489 2293 544 2373 qui
566 2291 664 2356 faciat
685 2289 823 2368 bonum;
848 2296 924 2352 tum
945 2288 1084 2371 flagitia,
1106 2288 1224 2369 quibus
1246 2288 1376 2370 singula
1429 2298 1522 2354 curat
1549 2290 1728 2367 Dominus,
1763 2309 1800 2352 eo
1832 2310 1930 2371 quem
1961 2309 2039 2352 mox
2066 2308 2267 2371 exponemus
2294 2287 2407 2368 mod03
2453 2320 2459 2331 ³

397 2399 458 2442 sua
484 2377 632 2441 membra
664 2376 889 2440 contaminant
915 2374 973 2456 qui
1001 2373 1037 2437 in
1065 2375 1246 2457 nequitiam
1274 2373 1376 2438 semel
1428 2374 2343 2453 11111111,110010111οη01100111110011011,1111111111
2366 2395 2409 2440 ne

398 2463 496 2528 soluti
518 2470 610 2539 sunt,
634 2461 791 2544 adiungit.
836 2461 1008 2525 Postremo
1029 2460 1145 2524 timore
1167 2461 1232 2523 Dei
1254 2481 1376 2524 vacuos
1429 2461 1595 2538 ebulliant,
1620 2468 1781 2543 quatenus
1803 2460 1955 2543 expedire
1976 2460 2128 2542 providet
2147 2459 2190 2524 ad
2210 2479 2409 2542 conservan-

316 2609 319 2615 .
396 2555 547 2625 testatur,
572 2547 613 2611 ad
636 2548 728 2612 cuius
750 2546 900 2630 regulam
921 2567 1052 2629 gressus
1075 2546 1179 2609 nostri
1200 2545 1297 2629 dirigi
1319 2545 1375 2609 de·
1429 2547 1506 2611 dam
1533 2569 1646 2611 rerum
1671 2547 1928 2612 universitatem.
1978 2547 2067 2611 Hinc
2092 2545 2148 2610 alii
2179 2545 2317 2627 pudore,
2352 2545 2411 2611 alii

396 2635 545 2699 buerant.
592 2632 630 2698 Si
652 2633 734 2697 istae
756 2638 834 2698 sunt
855 2630 1092 2696 haereditariae
1115 2631 1252 2696 humani
1277 2653 1375 2715 gene·
1427 2632 1539 2716 legum
1554 2641 1647 2696 metu
1659 2635 1852 2711 retinentur,
1871 2653 1914 2697 ne
1932 2633 1967 2696 in
1985 2631 2090 2696 multa
2105 2630 2269 2696 foeditatis
2286 2651 2411 2716 genera

397 2720 443 2784 ris
467 2718 571 2797 dotes,
600 2720 724 2783 frustra
751 2719 786 2783 in
807 2725 927 2782 natura
948 2723 1059 2781 nostra
1081 2715 1204 2798 aliquid
1225 2718 1302 2782 boni
1323 2739 1375 2781 re·
1427 2727 1651 2801 prorumpant,
1674 2726 1840 2801 uteunque
1862 2738 1956 2783 suam
1977 2738 2100 2800 magna
2121 2739 2163 2782 ex
2183 2724 2277 2799 parte
2299 2719 2409 2801 impu·

398 2805 547 2887 quiritur.
592 2803 756 2887 Equidem
785 2805 888 2868 fateor
910 2823 977 2866 non
999 2802 1109 2867 omnia
1131 2802 1212 2868 haec
1234 2804 1270 2866 in
1293 2824 1375 2867 uno-
1428 2805 1559 2869 ritatem
1576 2825 1642 2868 non
1660 2802 1881 2884 dissimulent;
1903 2803 1969 2883 alii,
1992 2805 2068 2886 quia
2086 2803 2257 2867 honestam
2273 2803 2410 2869 vivendi

397 2912 524 2973 quoque
557 2889 690 2954 homine
723 2889 850 2972 flagitia
877 2909 1044 2972 emergere
1050 2911 1058 2967 ;
1093 2889 1230 2953 infitiari
1264 2896 1376 2954 tamen
1429 2892 1590 2955 rationem
1611 2889 1792 2955 conducere
1814 2888 1950 2967 ducant,
1974 2888 2016 2954 ad
2038 2910 2111 2954 eam
2132 2896 2298 2972 utcunque
2320 2891 2410 2972 aspi-

396 2998 463 3041 non
484 2976 562 3041 licet
583 2976 662 3058 quin
683 2974 791 3058 hydra
817 2975 881 3039 ista
906 2975 942 3038 in
964 2974 1169 3058 singulorum
1191 2975 1376 3056 pectoribus
1428 2982 1518 3055 rant;
1552 2976 1608 3041 alii
1641 2997 1741 3058 supra
1773 2975 1945 3058 vulgarem
1973 2982 2094 3039 sortem
2121 2982 2309 3058 emergunt,
2341 2997 2412 3058 quo

398 3061 507 3126 lateat.
552 3061 640 3125 Nam
662 3067 700 3124 ut
721 3080 850 3143 eorpus,
873 3059 952 3124 dum
973 3060 1040 3124 iam
1061 3060 1167 3124 morbi
1190 3082 1323 3126 causam
1344 3068 1378 3125 11
1429 3082 1489 3129 sua
1514 3063 1684 3127 maiestate
1713 3061 1794 3126 alios
1821 3062 2008 3126 contineant
2034 3061 2069 3124 in
2098 3060 2212 3126 officio.
2261 3060 2314 3125 Ita
2344 3081 2410 3126 sua

395 3147 568 3211 materiam
598 3146 758 3211 inclusam
790 3147 826 3209 in
858 3166 894 3210 se
925 3146 1029 3223 fovet,
1069 3146 1198 3211 etiamsi
1229 3146 1377 3210 nondum
1428 3147 1636 3231 providentia
1662 3148 1755 3213 Deus
1786 3154 1925 3212 naturae
1951 3146 2200 3228 perversitatem
2233 3146 2408 3226 refraenat,

395 3232 521 3298 ferveat
549 3231 655 3308 dolor,
685 3252 753 3295 non
781 3231 906 3296 dicetur
933 3252 1065 3309 sanum,
1094 3232 1141 3296 ita
1166 3253 1227 3297 neo
1255 3233 1375 3311 anima,
1427 3235 1523 3299 110111
1544 3239 1648 3299 aetam
1669 3239 1819 3314 erumpat,
1842 3233 1901 3298 sed
1922 3253 1989 3297 non
2008 3239 2129 3315 purget
2149 3233 2243 3297 111110.

396 3317 475 3383 dum
492 3319 614 3383 talibus
632 3317 790 3382 vitiorum
806 3317 929 3382 morbis
946 3324 1058 3396 scatet,
1083 3337 1164 3382 sana
1181 3319 1374 3384 censebitur.
1438 3396 1442 3404 Ι
1513 3326 1542 3384 4.
1588 3318 1742 3384 Nondum
1764 3325 1876 3384 tamen
1897 3318 2023 3383 solutus
2045 3325 2095 3382 est
2112 3317 2293 3401 scrupulus
2336 3317 2412 3383 Aut

396 3402 595 3485 Quanquam
627 3425 694 3467 non
721 3424 780 3485 per
807 3403 918 3465 omnia
944 3402 1083 3485 quadrat
1104 3402 1289 3468 similitudo.
1334 3403 1377 3467 In
1428 3406 1516 3470 enim
1538 3403 1718 3471 Camillum
1746 3425 1860 3487 parem
1882 3404 2045 3470 Catilinae
2065 3404 2224 3470 faciamus
2244 3403 2410 3482 convenit,

395 3511 529 3572 corpore
552 3489 641 3555 enim
663 3488 843 3571 quamlibet
865 3487 1013 3553 morbide
1037 3489 1131 3573 vigor
1152 3489 1241 3556 vitae
1263 3509 1376 3572 super-
1429 3498 1487 3555 aut
1512 3493 1548 3556 in
1570 3490 1709 3556 Camillo
1733 3489 1924 3557 habebimus
1954 3489 2156 3573 exemplum,
2183 3496 2352 3568 naturam,
2381 3490 2410 3555 si

394 3582 458 3655 est3
487 3576 598 3639 anima
620 3596 698 3640 vero
724 3575 789 3640 isto
812 3573 938 3639 exitiali
959 3575 1090 3658 gurgite
1111 3575 1280 3653 immersa,
1309 3596 1376 3640 non
1428 3577 1537 3641 studio
1559 3576 1736 3656 excolatur,
1765 3576 1911 3642 bonitate
1931 3598 2000 3641 non
2020 3597 2154 3659 prorsus
2175 3597 2301 3642 vacare.
2333 3575 2410 3659 Ego

395 3673 446 3725 ex'
460 3662 548 3726 vitiis
569 3660 665 3727 modo
687 3661 829 3738 laborat,
858 3660 916 3726 sed
945 3660 1035 3724 omni
1057 3661 1141 3725 bono
1163 3683 1296 3744 prorsus
1317 3683 1376 3728 va·
1428 3684 1506 3729 vero
1527 3664 1640 3741 fateor,
1663 3683 1747 3746 quae
1762 3663 1800 3729 in
1817 3660 1957 3728 Camillo
1974 3663 2108 3742 fuerunt
2124 3661 2287 3744 speciosae
2304 3659 2408 3741 dotes,

394 3766 457 3810 cua
481 3753 539 3810 est.
1428 3755 1462 3814 et
1482 3749 1548 3814 Dei
1574 3749 1674 3815 fuisse
1701 3749 1801 3829 dona,
1831 3755 1865 3813 et
1890 3749 1962 3813 iure
1990 3747 2264 3814 commendabiles
2290 3746 2407 3826 videri,

483 3835 511 3895 3.
556 3830 683 3896 Eadem
709 3833 777 3898 fere
803 3854 888 3915 quae
907 3833 999 3915 prius
1017 3832 1126 3898 soluta
1148 3840 1198 3899 est
1218 3835 1374 3916 quaestio,
1428 3835 1456 3900 si
1477 3835 1514 3898 in
1535 3857 1570 3900 se
1592 3835 1822 3915 aestimentur;
1850 3832 1908 3900 sed
1930 3833 2090 3916 quomodo
2117 3833 2277 3899 naturalis
2297 3831 2409 3915 probi·

396 3938 437 3982 ex
469 3917 598 4000 integro
631 3918 723 3982 nobis
750 3919 864 4003 surgit.
920 3917 1084 3985 Omnibus
1118 3919 1205 3984 enim
1238 3921 1375 3985 saeculis
1428 3921 1505 3986 tatis
1526 3929 1624 3987 erunt
1644 3921 1680 3986 in
1700 3923 1771 4005 ipso
1792 3919 2007 3987 documenta?
2052 3922 2176 3984 Annon
2195 3919 2238 3984 ad
2259 3919 2410 3984 animum

395 4002 593 4067 exstiterunt
614 4003 727 4085 aliqui,
750 4005 806 4085 qui
823 4010 943 4070 natura
960 4004 1043 4070 duce
1061 4005 1104 4070 ad
1126 4006 1284 4070 virtutem
1307 4012 1376 4071 tota
1427 4006 1633 4071 redeundum
1666 4008 1745 4087 0111,
1786 4013 1819 4072 01
1850 4007 1932 4072 haec
1966 4005 2120 4085 ducenda,
2146 4005 2366 4071 ratiocinatio:
2382 4003 2409 4090 ¹)

396 4089 465 4154 vita
493 4089 612 4151 intenti
641 4095 757 4153 essent.
803 4089 918 4172 Neque
939 4111 1064 4169 moror,
1094 4091 1123 4155 si
1144 4091 1241 4156 multi
1263 4091 1375 4175 lapsus
1428 4093 1457 4157 si
1478 4092 1576 4157 homo
1598 4093 1749 4159 animalis
1777 4093 1836 4158 tali
1859 4112 1990 4170 morum
2016 4093 2205 4175 integritate
2231 4090 2409 4174 praestitit,

394 4173 430 4238 in
459 4195 569 4238 eorum
597 4175 743 4238 moribus
770 4176 876 4238 notari
903 4177 1042 4256 possint3
1073 4176 1145 4259 ipso
1177 4184 1288 4242 tamen
1315 4179 1375 4242 ho-
1427 4199 1494 4242 non
1523 4178 1635 4244 deesse
1661 4180 1774 4262 utique
1801 4185 1940 4244 naturae
1967 4177 2009 4243 ad
2030 4178 2163 4243 virtutis
2185 4177 2332 4241 studium
2358 4175 2410 4242 fa·

394 4260 531 4324 aestatis
549 4259 656 4324 studio
675 4259 907 4324 documentum
917 4260 1091 4325 ediderunt
1105 4263 1256 4328 nonnihil
1275 4264 1376 4330 fuisse
1428 4264 1604 4330 cultatem?
1649 4263 1739 4345 Quid
1760 4271 1884 4343 autem,
1908 4265 1936 4330 si
1959 4265 2089 4329 animus
2109 4284 2231 4345 pravus
2251 4262 2352 4327 fuerit
2373 4269 2411 4328 et

393 4347 430 4410 in
452 4352 573 4410 natura
595 4367 655 4410 sua
675 4346 838 4428 puritatis.
874 4344 964 4426 Quid
985 4348 1082 4428 pretii
1102 4347 1245 4414 habeant
1265 4371 1375 4415 coram
1428 4357 1608 4430 contortus,
1637 4353 1693 4434 qui
1719 4351 1809 4416 aliud
1836 4353 1945 4433 potius
1965 4349 2095 4433 quidvis
2118 4370 2216 4431 quam
2236 4347 2409 4413 rectitudi-

393 4432 466 4498 Deo
483 4430 670 4496 huiusmodi
690 4431 844 4510 virtutes,
868 4433 999 4497 tametsi
1016 4432 1142 4516 plenius
1160 4435 1375 4504 edisseremus
1427 4458 1504 4501 nem
1526 4443 1669 4503 sectatus
1691 4436 1756 4502 sit?
1790 4437 1836 4501 ut
1857 4437 1958 4501 talem
1977 4435 2078 4501 fuisse
2099 4456 2167 4498 non
2189 4433 2322 4500 dubium
2343 4440 2407 4511 est,

396 4517 453 4582 ubi
475 4523 591 4600 agetur
612 4517 652 4582 de
674 4538 810 4600 operum
831 4518 972 4596 meritis,
995 4518 1169 4584 dicendum
1191 4528 1304 4585 tamen
1326 4529 1376 4586 est
1428 4524 1456 4588 si
1483 4523 1660 4588 animalem
1686 4524 1780 4589 illum
1802 4523 1970 4587 hominem
1990 4520 2148 4586 concedis.
2193 4517 2301 4600 Quam
2320 4518 2409 4583 mihi

397 4602 459 4666 hoc
480 4623 608 4686 quoque
629 4602 714 4681 loco,
743 4610 903 4685 quatenus
926 4604 968 4669 ad
985 4605 1166 4687 praesentis
1189 4609 1377 4690 argumenti
1427 4609 1464 4671 in
1481 4608 1544 4673 hae
1560 4617 1655 4693 parte
1670 4608 1873 4693 praedicabis
1891 4608 2056 4672 humanae
2074 4613 2213 4670 naturae
2229 4603 2409 4670 adbonum
2443 4659 2447 4666 .

398 4686 647 4768 explicationem
668 4710 800 4755 necesse
823 4696 880 4755 est.
914 4691 1078 4773 Exempla
1100 4692 1204 4774 igitur
1224 4695 1287 4757 ista
1306 4714 1375 4758 mo·
1427 4695 1623 4778 potentiam,
1652 4697 1680 4761 si
1706 4697 1742 4760 in
1769 4715 1899 4759 summa
1926 4692 2127 4775 integritatis
2148 4691 2254 4774 specie
2276 4711 2409 4773 semper

397 4792 473 4835 nere
506 4794 565 4838 nos
597 4776 756 4855 videntur,
789 4797 832 4839 ne
860 4776 1002 4841 hominis
1028 4783 1182 4842 naturam
1209 4778 1245 4841 in
1270 4784 1376 4843 totum
1429 4780 1470 4844 ad
1492 4782 1732 4864 corruptionem
1754 4780 1833 4844 ferri
1855 4777 2131 4861 deprehenditur?
2164 4778 2264 4860 Ergo,
2287 4783 2325 4841 ut
2345 4775 2408 4840 ho·

397 4857 549 4922 vitiosam
569 4868 735 4941 putemus,
768 4860 856 4944 quod
880 4863 949 4927 eius
976 4863 1134 4927 instinctu
1156 4861 1288 4945 quidam
1309 4887 1376 4930 non
1428 4867 1551 4931 minem
1579 4889 1599 4932 a
1625 4869 1746 4933 virtute
1774 4886 1842 4937 non
1870 4863 2165 4941 commendaveris,
2199 4864 2292 4929 cuius
2323 4860 2409 4927 vitia

397 4942 493 5007 modo
515 4944 644 5010 eximiis
665 4947 861 5013 facinoribus
883 4947 1118 5026 excelluerunt,
1141 4949 1199 5014 sed
1219 4958 1375 5034 perpetuo
1428 4953 1488 5017 sub
1510 4954 1641 5019 virtutis
1662 4953 1805 5037 imagine
1826 4951 2014 5033 imponunt,
2037 4951 2084 5014 ita
2105 4950 2268 5014 humanae
2289 4947 2407 5014 volun·

397 5033 511 5092 tenore
544 5030 631 5094 vitae
664 5031 891 5099 honestissime
924 5055 959 5098 se
991 5040 1170 5118 gesserunt.
1223 5033 1291 5101 Sed
1321 5037 1376 5102 hic
1427 5039 1489 5101 1111
1510 5040 1591 5103 recti
1612 5038 1786 5122 expetendi
1806 5038 1997 5102 facultatem
2018 5058 2085 5101 non
2101 5036 2235 5114 tribuas,
2257 5033 2406 5117 quantis-

398 5134 587 5180 suoeurrere
608 5116 701 5181 nobis
722 5118 833 5197 debet,
862 5121 948 5184 inter
969 5119 1062 5184 illam
1083 5126 1221 5186 naturae
1242 5142 1375 5206 corrup-
1427 5122 2165 5207 11011111111111111111111111111(1011111111.
2207 5119 2408 5203 Quanquam

397 5201 520 5300 11011111
543 5221 612 5266 esse
634 5203 827 5269 nonnullum
846 5207 970 5288 1111111
982 5205 1048 5269 Ι)01
1064 5205 1181 5285 locum,
1204 5228 1271 5272 non
1291 5230 1376 5290 quae
1429 5209 1509 5274 haec
1542 5211 1724 5275 certissima
1756 5217 1807 5275 est
1833 5219 1866 5274 et
1892 5209 2049 5276 facillima
2082 5208 2180 5273 huius
2206 5205 2408 5289 quaestionis

396 5286 489 5351 illam
510 5295 643 5371 purget,
672 5286 728 5352 sod
755 5289 844 5355 intus
865 5292 1025 5356 cohibeat.
1068 5292 1156 5356 Nam
1183 5295 1211 5358 si
1231 5294 1375 5444 sinffio-
1428 5294 1558 5359 solutio:
1583 5317 1649 5360 non
1670 5317 1741 5361 esse
1762 5297 1843 5360 istas
1860 5317 2049 5361 communes
2066 5301 2203 5360 natiuae
2225 5292 2325 5371 dotes,
2348 5290 2409 5356 sed

397 5393 472 5436 rum
506 5373 633 5438 animos
671 5373 755 5439 laxis
788 5375 926 5440 habenis
958 5376 1122 5443 Dominus
1156 5379 1193 5442 in
1222 5380 1281 5445 libi
1307 5381 1313 5392 '
1341 5403 1376 5446 es
1428 5380 1584 5463 speciales
1605 5382 1671 5448 Dei
1694 5384 1832 5467 mbas,
1855 5404 1936 5465 quas
1958 5382 2049 5448 vario
2071 5387 2105 5446 ct
2126 5380 2168 5446 ad
2190 5386 2316 5444 certum
2335 5397 2409 5442 mo·

398 5458 559 5538 quaslibet
585 5461 751 5526 exsultare
777 5461 996 5543 permitteret,
1028 5485 1124 5528 nemo
1157 5465 1246 5530 haud
1279 5464 1376 5531 dubie

398 5550 493 5622 esset,
516 5544 574 5626 qui
586 5567 652 5612 non
671 5568 706 5612 re
727 5547 801 5630 ipsa
817 5545 916 5611 fidem
937 5549 1067 5628 faceret,
1090 5550 1261 5616 verissime
1282 5553 1318 5616 in
1340 5574 1376 5616 se

398 5637 582 5712 competere
615 5633 725 5698 omnia
744 5632 848 5712 mala,
877 5634 992 5717 quibus
1012 5635 1202 5702 universam
1221 5644 1376 5704 naturam
1498 5654 2048 5726 1)11111111114001110111110.
