5600 6809
394 748 457 809 369
694 743 783 809 LIB.
808 744 852 808 II.
897 744 960 809 DE
984 741 1272 809 COGNITIONE
1293 745 1378 810 DEI
1398 741 1745 811 Ruuubff'loffls,
1790 743 1889 810 CAP.
1911 745 1988 810 XV.
2011 746 2107 810 XVI.
2344 751 2408 813 370

394 935 516 1010 buisse,
547 934 658 998 minus
686 953 936 1016 agnosceremus
965 952 1064 1015 quam
1091 932 1203 996 miseri
1230 952 1375 998 essemus
1427 935 1521 1000 nobis
1544 934 1623 998 mali
1645 943 1696 998 θεῖ
1717 932 1839 1011 abolet,
1869 940 1907 996 ut
1931 934 2009 997 iusti
2029 935 2065 996 in
2087 935 2157 999 eius
2179 943 2353 1019 conspectu
2375 938 2408 1002 et

394 1021 465 1086 sine
500 1020 564 1084 Dei
597 1018 833 1095 misericordia,
872 1026 906 1082 et
943 1019 1137 1082 beneficium
1173 1013 1375 1082 liberatioriis
1428 1021 1534 1085 sancti
1555 1041 1786 1102 appareamus,
1819 1019 1874 1102 qui
1901 1025 1999 1083 antea
2023 1020 2185 1084 immundi
2211 1044 2342 1087 eramus
2369 1045 2406 1089 ao

394 1105 532 1170 minoris
555 1106 809 1168 aestimaremus.
854 1104 1008 1186 Exempli
1030 1104 1150 1187 gratia,
1181 1103 1295 1168 audiat
1316 1104 1375 1168 ali·
1427 1107 1557 1187 impuri.
1602 1104 1747 1170 Proinde
1776 1125 1835 1169 sua
1862 1102 2034 1169 dilectione
2056 1109 2226 1186 praevenit
2252 1128 2291 1172 ao
2313 1117 2407 1174 ante-

395 1193 483 1276 quis:
506 1192 593 1267 site,
613 1211 676 1272 quo
696 1197 841 1272 ternpore
860 1188 967 1254 adhuc
984 1198 1134 1271 peccator
1151 1209 1232 1267 eras,
1256 1189 1377 1255 odisset
1428 1193 1529 1257 vertit
1551 1191 1644 1256 Deus
1670 1199 1765 1272 pater
1786 1199 1933 1254 nostram
1959 1191 1994 1254 in
2016 1190 2149 1255 Christo
2172 1194 2406 1260 reconciliatio·

393 1277 488 1343 Deus
509 1285 543 1340 θῖ
562 1285 595 1339 ῖθ
613 1275 790 1354 abiecisset,
813 1284 852 1340 ut
869 1297 941 1340 eras
961 1275 1107 1353 meritus,
1130 1275 1286 1340 horribile
1306 1276 1376 1340 exi-
1428 1298 1514 1342 nem.
1547 1276 1620 1341 Imo
1643 1279 1719 1359 quia
1740 1276 1832 1358 prius
1854 1275 1969 1360 diligit,
1993 1286 2107 1358 postea
2128 1298 2188 1342 nos
2211 1279 2272 1343 sibi
2293 1300 2406 1344 recon-

395 1364 480 1427 tium
502 1371 536 1426 te
557 1362 726 1441 manebat;
754 1361 813 1426 sed
839 1362 916 1444 quia
943 1370 1057 1444 sponte
1085 1382 1123 1425 ao
1150 1362 1295 1444 gratuita
1317 1382 1377 1426 sua
1429 1363 1525 1429 ciliat.
1572 1361 1640 1428 Sed
1652 1363 1735 1445 quia
1755 1363 1790 1424 in
1810 1362 1917 1439 nobis,
1941 1361 2043 1427 donee
2066 1384 2126 1427 sua
2146 1372 2251 1428 morte
2273 1386 2407 1432 succur-

394 1447 600 1531 indulgentia
627 1456 660 1512 te
682 1448 717 1510 in
739 1449 845 1530 gratia
867 1447 1017 1525 retinuit,
1045 1467 1106 1511 nec
1133 1445 1270 1510 alienari
1288 1469 1320 1511 a
1341 1468 1376 1511 se
1428 1450 1473 1513 rit
1484 1448 1648 1526 Christus,
1667 1455 1779 1511 manet
1796 1447 1953 1531 iniquitas
1972 1469 2054 1531 quae
2067 1448 2131 1513 Dei
2149 1448 2407 1534 indignationem

395 1553 512 1618 passus
545 1541 609 1610 est,
644 1553 682 1597 eo
709 1533 853 1615 periculo
886 1534 932 1597 sic
958 1541 992 1596 te
1020 1532 1183 1596 liberavit:
1217 1533 1377 1597 afficietur
1429 1542 1582 1611 meretur,
1605 1543 1639 1599 et
1660 1543 1711 1599 est
1728 1554 1837 1598 coram
1855 1554 1893 1598 eo
1910 1533 2085 1598 maledicta
2103 1534 2317 1616 sedamnata,
2341 1559 2408 1601 non

397 1619 529 1704 quidem
558 1625 591 1683 θῖ
613 1619 732 1683 sentiet
760 1619 868 1702 aliqua
895 1640 936 1683 ex
963 1628 1055 1702 parte
1079 1626 1239 1700 quantum
1260 1617 1377 1685 debeat
1429 1629 1507 1684 ante
1528 1620 1659 1703 plenam
1682 1619 1840 1684 habemus
1858 1620 2050 1702 firmamque
2071 1641 2148 1685 oum
2165 1621 2237 1686 Deo
2255 1623 2408 1688 coniunc-

397 1703 639 1770 miseridordiae
677 1705 749 1769 Doi.
810 1703 939 1768 Verum
975 1703 1089 1768 audiat
1126 1725 1258 1768 rursum
1290 1704 1377 1786 quod
1428 1707 1560 1783 tionem,
1584 1727 1682 1788 quam
1704 1705 1760 1769 ubi
1783 1704 1936 1770 Christus
1958 1726 2018 1770 nos
2040 1706 2216 1789 coniungit.
2250 1708 2409 1792 Adeoque

398 1792 560 1873 scriptura
582 1790 687 1867 docet,
710 1811 745 1854 se
767 1790 946 1854 alienatum
967 1790 1067 1855 fuisse
1087 1811 1107 1854 a
1127 1790 1201 1854 Deo
1222 1811 1281 1871 per
1301 1811 1376 1872 pee-
1430 1792 1458 1857 si
1480 1793 1591 1857 Deum
1616 1790 1710 1856 nobis
1732 1799 1884 1872 pacatum
1909 1812 1946 1854 ao
1966 1791 2142 1873 propitium
2164 1792 2316 1857 volumus
2337 1795 2408 1877 pol-

398 1885 518 1950 catum,
541 1875 716 1940 haerodem
737 1877 820 1954 irae,
843 1876 959 1940 mortis
982 1882 1134 1940 aeternae
1155 1874 1377 1940 maledictioni
1429 1878 1528 1955 liceri,
1551 1879 1587 1941 in
1604 1876 1774 1943 Christum
1797 1876 1904 1940 solum
1925 1877 2036 1941 oculos
2056 1885 2248 1960 mentesque
2266 1878 2408 1964 defigere

398 1963 589 2040 obnoxium,
624 1961 794 2026 exclusum
823 1963 864 2026 ab
893 1962 982 2025 omni
1013 1983 1069 2044 spe
1103 1960 1232 2039 salutis,
1266 1968 1376 2026 extra-
1430 1963 1596 2042 convenit;
1625 1971 1664 2026 ut
1690 1983 1806 2028 revera
1833 1983 1891 2045 per
1918 1963 2027 2043 ipsum
2049 1962 2156 2026 solum
2179 1966 2409 2048 consequimur

397 2069 499 2113 neum
517 2047 557 2111 ab
574 2047 664 2111 omni
681 2047 905 2112 benedictione
919 2048 992 2124 Dei,
1017 2055 1150 2112 satanae
1167 2048 1376 2130 mancipium,
1428 2071 1471 2113 ne
1487 2051 1693 2131 imputentur
1710 2048 1804 2113 nobis
1820 2055 1962 2131 peccata,
1985 2069 2124 2130 quorum
2141 2049 2313 2131 imputatio
2324 2049 2407 2117 ira'm

398 2135 458 2199 sub
485 2133 610 2217 peooati
631 2134 707 2216 iugo
729 2135 909 2215 captivum,
940 2132 1088 2197 horribili
1116 2131 1255 2214 denique
1278 2134 1377 2197 exitio
1430 2134 1496 2198 Dei
1518 2156 1629 2200 secum
1650 2134 1762 2199 trahit.

398 2218 597 2284 destinatum
619 2225 653 2283 et
673 2219 739 2283 iam
760 2218 969 2301 implicitum:
993 2218 1047 2282 hio
1070 2218 1241 2284 Christum
1263 2218 1378 2300 depre-
1517 2226 1546 2283 4.
1592 2222 1702 2302 Atque
1734 2219 1797 2284 hae
1831 2219 1957 2284 ratione
1993 2218 2071 2282 dicit
2098 2219 2224 2285 Paulus
2253 2221 2353 2305 (Eph.
2380 2227 2407 2301 l,

398 2313 542 2371 catonem
573 2305 811 2383 intercessisse,
845 2325 984 2386 poenam
1017 2305 1053 2369 in
1086 2326 1121 2368 se
1149 2305 1308 2386 recepisse
1341 2326 1379 2369 ac
1432 2305 1478 2390 4),
1501 2327 1574 2370 eam
1599 2305 1818 2383 dilectionem,
1848 2326 1914 2388 qua
1941 2325 2002 2370 nos
2032 2310 2108 2370 ante
2135 2307 2252 2371 mundi
2272 2308 2408 2372 creatio-

398 2391 507 2468 luisse,
531 2411 614 2473 quae
636 2412 678 2454 ex
700 2391 785 2455 iusto
803 2391 867 2455 Dei
889 2388 1007 2455 iudicio
1028 2389 1253 2473 peecatoribus
1275 2391 1379 2454 omni·
1432 2413 1509 2458 nem
1530 2392 1719 2473 complexus
1741 2402 1792 2456 est
1812 2391 1919 2469 Deus,
1949 2392 1984 2454 in
2008 2389 2142 2455 Christo
2165 2393 2349 2457 constitisse
2371 2415 2409 2459 ac

399 2476 459 2544 bus
482 2476 687 2554 imminebat;
709 2476 810 2554 mala,
833 2497 916 2557 quae
937 2477 1010 2541 Deo
1032 2496 1149 2540 exosos
1168 2475 1242 2540 illos
1264 2475 1379 2540 redde·
1432 2477 1564 2560 ΐιιιεεθῑ)
1578 2477 1758 2541 fundatam
1786 2478 1879 2542 Haec
1896 2477 2067 2559 perspicua
2085 2484 2162 2540 sunt
2179 2486 2213 2541 θῖ
2229 2479 2410 2561 scripturae

399 2562 493 2640 bant,
523 2562 685 2644 sanguine
714 2583 772 2626 suo
795 2563 958 2644 expiasse;
987 2561 1048 2627 hoo
1075 2560 1204 2645 piaculo
1233 2562 1380 2626 satisfac·
1433 2571 1669 2640 consentanea,
1695 2563 1846 2644 looosque
1879 2563 1953 2627 illos
1980 2563 2101 2644 optime
2128 2565 2218 2627 inter
2246 2586 2280 2628 se
2303 2566 2409 2629 conci-

399 2654 472 2712 tum
495 2669 533 2712 ao
553 2647 616 2710 rite
634 2646 766 2711 litatum
778 2648 849 2711 Deo
870 2649 956 2729 patri
979 2668 1064 2726 esso;
1087 2647 1148 2712 hoo
1165 2647 1380 2712 intercessore
1432 2648 1525 2725 liant,
1548 2647 1747 2712 ubidicitur
1775 2647 1904 2732 (Ioann.
1930 2653 1958 2726 3,
1986 2649 2052 2732 16),
2082 2648 2194 2713 Deum
2216 2671 2310 2714 suam
2332 2671 2411 2734 erga

399 2733 485 2797 iram
516 2733 585 2797 eius
612 2732 712 2797 fuisse
739 2733 917 2814 plaoatam3
947 2732 1009 2797 hoe
1034 2732 1246 2797 fundamento
1267 2754 1381 2815 paoem
1433 2755 1494 2799 nos
1522 2731 1728 2797 dilectionem
1755 2734 1790 2797 in
1818 2755 1855 2797 eo
1880 2733 2061 2799 declarasse
2088 2733 2173 2816 quod
2201 2737 2410 2819 unigenitum

400 2816 465 2883 Dei
488 2839 563 2883 oum
586 2818 773 2882 hominibus
795 2840 865 2883 esse
884 2819 1057 2883 subnixam
1063 2842 1071 2897 ;
1094 2818 1155 2883 hoo
1172 2817 1303 2884 vinculo
1325 2820 1381 2883 be-
1432 2821 1539 2884 fihum
1556 2819 1591 2883 in
1607 2826 1748 2884 mortem
1766 2818 1907 2898 dederit;
1930 2828 1963 2883 et
1980 2828 2092 2882 tamon
2113 2820 2212 2884 fuisse
2229 2822 2409 2900 inimicum,

401 2904 622 2968 nevolentiam
649 2904 737 2968 illius
766 2925 845 2988 erga
872 2905 959 2986 ipsos
985 2905 1158 2968 contineri:
1192 2904 1246 2968 his
1272 2925 1381 2968 nonne
1434 2913 1610 2988 antequam
1637 2911 1742 2969 morte
1771 2903 1897 2968 Christi
1924 2906 1960 2967 in
1987 2904 2128 2986 gratiam
2150 2905 2304 2972 reduetus
2327 2918 2412 2972 esset

402 3008 440 3054 eo
466 2990 572 3072 magis
601 2990 859 3072 permovebitur,
893 3010 955 3070 quo
983 2990 1100 3053 melius
1129 2989 1170 3053 ad
1192 2990 1306 3054 vivum
1330 3012 1381 3054 re-
1435 2992 1547 3074 (Rom.
1571 2996 1599 3066 5,
1622 2990 1685 3073 10).
1730 2990 1857 3054 Verum
1889 3010 1954 3071 quo
1980 2991 2126 3053 firmiora
2154 2991 2221 3054 sint
2248 2993 2334 3074 apud
2357 3014 2411 3058 eos

401 3083 632 3158 praesentatur
671 3083 794 3157 quanta
827 3097 844 3139 e
876 3075 1062 3140 calamitate
1095 3083 1232 3156 ereptus
1258 3075 1378 3139 fuerit?
1435 3078 1491 3159 qui
1513 3077 1634 3142 veteris
1662 3076 1817 3141 ecclesiae
1844 3075 2068 3140 testimonium
2096 3076 2277 3156 requirunt,
2306 3079 2411 3143 citabo

401 3159 444 3225 In
465 3181 602 3237 summa,
626 3161 779 3242 quoniam
801 3181 868 3224 non
889 3168 998 3244 potest
1014 3162 1143 3225 animus
1156 3161 1382 3225 nostervitam
1434 3163 1543 3228 locum
1570 3161 1803 3245 Augustini,²)
1830 3160 1886 3225 ubi
1907 3160 1941 3224 id
1962 3161 2072 3244 ipsum
2095 3159 2236 3225 docetur.
2281 3163 2412 3227 Incom-

402 3248 437 3310 in
464 3248 529 3311 Dei
555 3245 778 3310 misericordia
805 3247 859 3311 vel
887 3248 967 3311 satis
994 3246 1109 3329 cupide
1137 3245 1382 3330 apprehendere
1435 3248 1679 3331 prehensibilis,
1702 3247 1826 3331 inquit,
1855 3251 1893 3312 ae
1913 3245 2128 3310 immutabilis
2156 3252 2207 3310 est
2226 3247 2291 3311 Dei
2313 3245 2412 3313 dilcc-

402 3332 456 3400 vel
483 3353 549 3414 qua
575 3330 667 3396 decet
688 3332 890 3415 gratitudine
919 3334 1082 3415 excipere,
1116 3333 1181 3397 nisi
1210 3331 1382 3396 formidine
1429 3335 1495 3398 'tioz
1519 3355 1586 3398 non
1608 3334 1698 3397 enim
1719 3355 1761 3398 ex
1779 3353 1843 3416 quo
1861 3332 1892 3397 ei
1908 3331 2108 3397 reconciliati
2125 3352 2239 3397 sumus
2261 3353 2320 3415 per
2337 3354 2412 3397 san·

402 3418 472 3483 irae
493 3419 557 3482 Dei
585 3424 618 3482 et
645 3426 797 3482 aeternae
820 3418 935 3482 mortis
957 3418 1094 3482 horrore
1117 3428 1193 3482 ante
1215 3418 1382 3500 perculsus
1435 3420 1569 3505 guinem
1587 3419 1646 3483 filii
1666 3420 1746 3496 eius,
1765 3420 1872 3501 coepit
1888 3420 1947 3483 nos'
1966 3417 2109 3501 diligere,
2134 3415 2192 3481 sed
2209 3425 2285 3482 ante
2299 3417 2414 3483 mundi

403 3511 438 3569 et
458 3509 698 3581 consternatus,
729 3505 775 3569 sio
801 3505 1006 3569 instituimur
1033 3524 1127 3569 sacra
1154 3503 1316 3582 doctrina,
1346 3513 1384 3567 ut
1436 3505 1704 3571 constitutionem
1734 3504 1849 3569 dilexit
1876 3526 1952 3581 nos,
1988 3511 2025 3567 ut
2051 3522 2127 3567 cnm
2153 3503 2223 3567 eius
2245 3504 2413 3587 unigenito

339 3610 344 3623 ·
402 3591 472 3655 sine
506 3588 641 3653 Christo
673 3590 797 3672 Deum,
815 3590 908 3654 nobis
949 3589 1188 3672 quodammodo
1227 3589 1383 3654 infestum
1436 3593 1537 3656 etiam
1557 3611 1619 3656 nos
1641 3591 1700 3655 filii
1722 3590 1793 3655 eius
1815 3611 1974 3667 essemus,
2003 3596 2179 3671 antequam
2200 3589 2333 3654 omnino
2354 3589 2413 3654 ali·

402 3696 583 3753 cernamus,
606 3683 640 3739 et
657 3676 727 3739 eius
744 3697 878 3739 manum
898 3676 934 3738 in
955 3677 1092 3739 exitium
1105 3681 1253 3740 nostrum
1275 3696 1383 3739 arma-
1436 3676 1516 3760 quid
1543 3697 1697 3742 essemus.
1743 3675 1841 3757 Quod
1868 3696 1946 3758 ergo
1975 3674 2175 3739 reconciliati
2207 3695 2322 3740 sumus
2354 3696 2414 3759 per

402 3768 487 3840 tam,
528 3761 789 3825 benevolentiam
828 3763 898 3825 eius
936 3770 1172 3844 paternamque
1213 3760 1383 3824 caritatem
1435 3770 1577 3827 mortem
1605 3762 1747 3840 Christi,
1777 3782 1845 3825 non
1872 3762 1918 3826 sio
1947 3760 2126 3844 accipiatur
2144 3761 2239 3843 quasi
2260 3759 2332 3826 ideo
2354 3782 2414 3826 nos

403 3867 472 3913 non
491 3847 554 3910 nisi
577 3848 612 3910 in
631 3846 765 3912 Christo
788 3847 1022 3929 amplexemur.
1436 3847 1697 3914 reconciliaverit
1714 3848 1744 3912 ei
1761 3847 1859 3925 filius,
1881 3855 1920 3911 ut
1940 3847 2007 3910 iam
2026 3866 2137 3911 amare
2154 3846 2314 3929 inciperet
2334 3868 2414 3930 quos

491 3936 519 3996 3.
563 3934 674 4014 Atque
696 3932 759 3998 hoo
787 3934 917 3997 tametsi
944 3954 1003 4014 pro
1031 3941 1144 4015 captus
1166 3932 1269 3997 nostri
1290 3933 1383 3997 infir-
1437 3934 1566 4013 oderat;
1600 3933 1658 3999 sed
1685 3935 1753 3997 iam
1782 3952 1844 3997 nos
1872 3931 2023 4015 diligenti
2056 3931 2257 3997 reconciliati
2291 3954 2414 4011 sumus,

402 4018 519 4081 mitate
547 4018 681 4096 dieitur,
710 4040 776 4083 non
809 4026 919 4082 tamen
941 4018 1032 4083 falso.
1077 4019 1169 4083 Deus
1192 4019 1297 4097 enirn,
1328 4020 1384 4100 qui
1437 4042 1512 4086 oum
1534 4040 1598 4101 quo
1624 4026 1757 4103 propter
1789 4024 1959 4100 peccatum
1987 4017 2175 4083 inimicitias
2203 4018 2414 4084 habebamus.

403 4124 534 4168 summa
564 4104 690 4169 iustitia
718 4114 782 4183 est,
819 4105 1041 4186 iniquitatem,
1071 4125 1169 4186 quam
1204 4105 1239 4167 in
1278 4105 1384 4167 omni·
1438 4104 1537 4186 Quod
1570 4112 1683 4168 utrum
1722 4124 1839 4169 verum
1873 4101 1993 4182 dicam,
2034 4111 2208 4168 attestetur
2239 4104 2413 4186 apostolus.

403 4189 465 4254 bus
492 4191 584 4256 nobis
615 4190 788 4272 conspicit,
828 4211 938 4254 amare
967 4210 1032 4253 non
1054 4197 1169 4271 potest.
1213 4187 1384 4254 Habemus
1438 4190 1671 4268 Commendat,
1699 4190 1807 4272 inquit
1829 4188 1941 4275 (Rom.
1962 4192 1990 4264 5,
2010 4188 2061 4271 8),
2088 4188 2295 4253 dilectionem
2321 4210 2415 4254 suam

405 4295 483 4358 ergo
511 4297 623 4340 ornnes
650 4277 686 4339 in
714 4276 822 4354 nobis,
855 4274 942 4357 quod
968 4276 1036 4340 Dei
1063 4274 1137 4338 odio
1162 4269 1302 4357 'dignum
1331 4276 1382 4340 sit.
1438 4297 1518 4360 erga
1539 4296 1608 4354 nos,
1627 4276 1790 4359 quoniam,
1814 4297 1915 4358 quum
1932 4273 2039 4340 adhuc
2056 4283 2242 4356 peccateres
2260 4295 2415 4351 essemus,

404 4361 547 4426 Proinde
581 4361 761 4426 secundum
791 4368 962 4444 corruptae
994 4368 1126 4426 nostrae
1158 4369 1312 4439 naturae,
1352 4369 1386 4425 et
1439 4361 1593 4426 Christus
1620 4383 1679 4444 pro
1706 4362 1801 4426 nobis
1835 4368 1986 4426 mortuus
2013 4368 2072 4426 est.
2124 4359 2277 4424 Habebat
2306 4357 2416 4440 itaque

405 4445 522 4511 deinde
545 4448 727 4514 accedentis
749 4469 871 4530 pravae
894 4447 981 4511 vitae
1008 4451 1191 4529 respectum,
1218 4446 1255 4509 in
1282 4446 1385 4510 offen·
1438 4447 1494 4512 ille
1515 4468 1595 4530 erga
1612 4468 1671 4512 nos
1692 4448 1872 4526 caritatem,
1902 4449 2002 4512 etiam
2024 4467 2125 4529 quum
2147 4444 2334 4508 inimicitias
2357 4443 2416 4507 ad-

405 4533 495 4597 sione
524 4534 588 4598 Dei
614 4555 731 4599 revera
759 4553 873 4599 sumus
901 4554 1013 4598 omnes
1047 4534 1083 4596 in
1115 4533 1185 4597 eius
1211 4539 1386 4614 conspectu
1438 4554 1555 4599 versus
1601 4554 1677 4598 eum
1722 4540 1913 4599 exercentes
1950 4552 2160 4614 operaremur
2198 4527 2413 4610 iniquitatem.

404 4619 461 4698 rei,
486 4626 519 4683 et
539 4620 581 4683 ad
598 4620 769 4703 gehennae
787 4619 1032 4684 damnationem
1050 4619 1127 4683 nati.
1162 4617 1290 4683 Verum
1309 4617 1386 4700 quia
1438 4618 1582 4684 Proinde
1598 4620 1683 4682 miro
1706 4629 1740 4684 θῖ
1758 4618 1869 4685 divino
1886 4617 1992 4697 modo,
2015 4626 2049 4681 et
2069 4613 2198 4698 quando
2216 4635 2275 4678 nos
2293 4613 2415 4694 oderat,

404 4704 569 4769 Dominus
591 4705 676 4786 quod
697 4728 794 4771 suum
816 4707 921 4770 estin
943 4706 1036 4771 nobis
1057 4703 1195 4787 perdere
1217 4724 1283 4767 non
1304 4704 1384 4782 vult,
1438 4705 1603 4789 diligebat.
1649 4703 1774 4770 Oderat
1801 4706 1889 4770 enim
1911 4725 1985 4781 nos,
2016 4700 2127 4783 qualos
2149 4700 2219 4781 ipse
2241 4721 2308 4764 non
2330 4701 2415 4765 fece-

406 4789 515 4854 adhuc
547 4789 671 4871 aliquid
702 4791 845 4869 invenit,
880 4791 966 4875 quod
997 4811 1057 4874 pro
1091 4812 1151 4855 sua
1183 4789 1385 4873 benignitate
1438 4799 1504 4856 rat:
1534 4799 1567 4855 θῖ
1593 4791 1670 4873 quia
1697 4790 1854 4874 iniquitas
1881 4796 1994 4854 nostra
2022 4807 2102 4868 opus
2128 4785 2201 4848 eius
2229 4806 2297 4849 non
2325 4787 2416 4851 omni

405 4883 503 4941 amet.
548 4874 722 4957 Utcunque
757 4877 845 4942 enim
873 4885 1058 4960 peccatores
1085 4877 1165 4942 vitlo
1197 4883 1310 4940 nostro
1342 4877 1384 4939 si·
1438 4898 1480 4942 ex
1501 4885 1595 4960 parte
1617 4884 1874 4960 consumpserat,
1897 4880 2034 4938 noverat
2055 4869 2152 4934 simul
2170 4871 2205 4934 in
2222 4893 2415 4956 unoquoque

382 4982 489 5037 ·mus,
513 4980 684 5024 manemus
701 4968 812 5026 tamen
825 4963 895 5027 eius
908 4972 1092 5042 ereaturae3
1115 4973 1281 5044 uteunque
1298 4982 1385 5027 mor·
1437 4971 1588 5028 nostrum
1610 4970 1644 5028 et
1665 4961 1771 5028 odisse
1793 4959 1880 5043 quod
1907 4959 2103 5033 feceramus,
2135 4964 2169 5020 et
2198 4977 2309 5022 amare
2327 4956 2415 5041 quod

406 5055 475 5112 tem
508 5046 600 5110 nobis
634 5046 857 5127 asciverimus
892 5050 961 5131 ipse
987 5059 1099 5115 tamen
1127 5070 1186 5114 nos
1214 5047 1256 5112 ad
1281 5049 1385 5113 vitam
1436 5050 1567 5115 fecerat.
1612 5049 1706 5113 Haec
1725 5059 1808 5113 sunt
1825 5043 2003 5127 Augustini
2024 5042 2134 5108 verba

408 5132 605 5200 madiderat.
651 5129 708 5197 Sic
734 5153 826 5196 mera
853 5142 886 5197 et
912 5136 1055 5217 gratuita
1084 5136 1188 5200 nostri
1211 5134 1385 5199 dilectione
1525 5141 1553 5199 5.
1599 5134 1673 5199 Iam
1691 5133 1747 5198 abi
1774 5131 1938 5213 quaeue
1963 5128 2113 5209 qtcomodo
2141 5127 2265 5194 abolitis
2278 5130 2415 5211 peccatis

407 5220 571 5284 excitatur
597 5216 639 5282 ad
660 5238 720 5281 nos
742 5218 778 5280 in
798 5218 939 5301 gratiam
957 5220 1166 5302 recipiendos.
1212 5221 1328 5302 Atqui,
1357 5220 1385 5286 si
1436 5220 1609 5286 casatum
1639 5218 1786 5283 Christus
1814 5219 1893 5280 tear
1919 5235 1976 5279 nos
2003 5221 2033 5280 et
2059 5213 2165 5280 Deum
2185 5215 2359 5292 εαεῖαῑθηῖ,
2388 5219 2415 5278 et

407 5312 602 5387 perpetuum
624 5314 658 5368 et
678 5302 946 5368 irreconciliabile
968 5303 1137 5369 dissidium
1161 5315 1212 5370 θεῖ
1227 5306 1314 5370 inter
1333 5306 1384 5370 iu·
1438 5307 1595 5371 iustitiam
1618 5304 1798 5384 acquisierit
1824 5321 1903 5381 quoe
1929 5321 2000 5366 eum
2031 5300 2119 5365 nobes
2138 5300 2290 5381 fauentem
2312 5320 2349 5363 cc
2367 5299 2414 5363 be·

409 5391 532 5456 stitiam
553 5398 587 5455 et
603 5390 818 5473 iniquitatem,
840 5388 1191 5470 quamdiupeccatores
1200 5409 1382 5470 manemus,
1436 5392 1580 5456 amolior
1612 5389 1763 5467 redderet,
1794 5386 1980 5470 generaliter
2006 5387 2184 5468 responderi
2212 5389 2322 5467 potest,
2355 5388 2414 5449 toto

409 5477 574 5559 eusoipere
601 5498 661 5540 nos
688 5481 774 5540 botos
799 5495 866 5540 non
892 5481 1007 5558 potest
1052 5474 1170 5556 Itaque
1195 5480 1235 5537 ut
1255 5475 1384 5539 sublata

410 5563 517 5626 omnis
538 5562 712 5626 simultatis
733 5561 871 5626 materia
890 5580 951 5626 nos
973 5559 1035 5624 sibi
1044 5579 1179 5643 prorsus
1188 5559 1382 5639 reconciliet,

409 5649 573 5730 proposita
600 5648 635 5712 in
661 5654 766 5712 morte
788 5646 914 5713 Christi
936 5645 1136 5728 expiatione,
1164 5639 1321 5726 quidquid
1348 5645 1383 5708 in
1508 5663 1537 5732 1)
1560 5677 1591 5713 ae
1614 5659 1696 5712 fuisse
1714 5675 1764 5712 om.
1783 5658 1858 5713 1561.
1928 5655 2413 5729 2)Tract.inl2v.10ann.110,6.

516 5749 625 5804 Calvisi
639 5767 730 5818 opera.
771 5749 831 5807 Vol.
846 5748 890 5806 11.
2175 5741 2211 5796 24
