5600 6809
399 872 461 931 775
877 904 880 910 ,
1044 860 1313 929 Iusarrurlo
1335 860 1441 926 Rau.
1464 859 1645 926 OHRIS'P.
1672 865 1763 926 1559.
1959 913 1961 918 .
2344 865 2410 926 776

399 1055 464 1121 Dei
486 1056 608 1119 alienos
630 1053 744 1132 fuisse,
773 1054 808 1117 in
829 1051 954 1117 israele
980 1050 1112 1133 quidem
1134 1050 1283 1129 Heliam,
1311 1050 1378 1114 Mi·
1429 1055 1641 1132 tempserunt,
1664 1049 1852 1114 horribilem
1871 1053 2112 1134 quassationem
2129 1072 2167 1118 11
2185 1052 2413 1119 disiectionem

400 1141 535 1206 chaeam
564 1149 597 1203 et
624 1139 762 1217 similes;
790 1139 825 1202 in
853 1137 937 1202 Iuda
964 1145 1075 1202 autem
1103 1136 1258 1213 Iesaiam,
1288 1136 1377 1200 Iere-
1429 1135 1501 1198 fieri
1528 1135 1728 1217 permiserit3
1756 1135 1814 1200 sed
1842 1138 1883 1201 ab
1912 1138 1985 1219 ipsa
2005 1160 2132 1221 quoque
2154 1141 2334 1204 vastatione
2357 1162 2412 1205 se-

401 1227 517 1302 miam,
547 1223 669 1290 Oseam
698 1234 731 1289 et
758 1223 900 1306 reliquos
927 1224 998 1287 eius
1025 1230 1135 1300 notae,
1170 1242 1251 1302 quos
1283 1223 1378 1303 peius
1429 1221 1589 1284 miratum
1611 1220 1796 1285 aedificium
1817 1244 1987 1304 superesse
2007 1225 2119 1289 voluit.

399 1313 567 1394 quibusvis
594 1311 829 1376 incircumcisis
850 1309 988 1373 oderant
1001 1315 1035 1374 et
1050 1308 1304 1373 exsecrabantur
1325 1308 1378 1371 sui
1519 1309 1567 1370 12.
1602 1304 1714 1386 Quum
1735 1328 1814 1390 ergo
1834 1308 1989 1374 ccclesiae
2010 1310 2144 1374 titulum
2165 1332 2229 1374 non
2252 1311 2413 1393 simpliei-

369 1398 523 1463 «1111111
548 1397 742 1481 prophetae,
772 1394 955 1461 sacerdotes
982 1401 1016 1458 et
1043 1393 1190 1475 populus.
1236 1390 1276 1458 si
1303 1392 1378 1457 illae
1429 1398 1481 1455 ter
1502 1392 1653 1456 volumus
1676 1393 1852 1458 concedere
1879 1396 2031 1476 papistis,
2061 1418 2127 1460 non
2155 1396 2227 1460 ideo
2256 1397 2413 1463 ecclesias

401 1485 569 1562 ecolesma,
598 1505 676 1567 ergo
703 1482 839 1548 ecclesia
867 1501 935 1543 non
957 1480 1108 1543 columna
1129 1479 1293 1557 veritatis,
1320 1478 1378 1542 sed
1430 1477 1517 1559 apud
1539 1498 1593 1542 eos
1616 1479 1686 1542 esse
1713 1478 1909 1559 infitiamur;
1936 1481 1994 1545 sed
2020 1491 2149 1546 tantum
2177 1481 2345 1566 litigamus
2367 1482 2413 1548 de

400 1571 647 1635 firmamentum
673 1567 848 1644 mendacii3
877 1585 944 1629 non
970 1564 1219 1629 tabemaculum
1240 1564 1305 1629 Dei
1328 1564 1377 1628 vi·
1430 1584 1510 1627 vera
1542 1574 1575 1628 11
1605 1563 1754 1646 legitima
1786 1566 1940 1631 ecelesiae
1972 1569 2222 1646 constitutione,
2257 1589 2340 1650 quac
2372 1571 2413 1633 in

401 1657 524 1733 ventis,
551 1653 608 1720 sed
634 1654 795 1719 idolorum
815 1651 1067 1734 receptaculum.
1112 1650 1253 1716 Necesse
1275 1650 1378 1733 igitur
1430 1649 1657 1714 communione
1675 1671 1748 1714 oum
1771 1671 1949 1729 sacrorum,
1972 1675 2056 1735 quae
2078 1655 2174 1737 signa
2196 1655 2263 1718 sint
2282 1654 2412 1736 profes·

401 1743 567 1808 habebant
589 1741 628 1805 ab
650 1760 764 1804 corum
786 1746 935 1803 coetuum
958 1737 1170 1802 consensione
1188 1735 1376 1814 descissere,
1430 1735 1544 1811 sionis,
1579 1741 1651 1799 tum
1683 1756 1761 1800 vero
1793 1738 1998 1818 potissimum
2028 1739 2193 1803 doctrinae
2221 1742 2410 1821 requiritur.

402 1850 485 1910 quae
513 1827 595 1890 nihil
624 1823 713 1889 aliud
739 1831 811 1888 crat
836 1843 934 1905 quam
960 1823 1061 1903 impia
1089 1821 1246 1886 adversus
1268 1822 1377 1886 Deum
1430 1821 1673 1885 Antichristum
1694 1822 1730 1884 in
1753 1823 1873 1905 templo
1895 1824 1960 1887 Dei
1981 1846 2148 1889 sessurum
2171 1826 2413 1908 praedixerunt

401 1913 605 1995 conspiratio.
650 1910 778 1975 Eadem
804 1909 931 1973 ratione
953 1908 983 1972 si
1003 1908 1075 1990 quis
1097 1916 1286 1989 praesentes
1306 1929 1377 1972 coc-
1430 1906 1551 1970 Daniel
1584 1909 1635 1990 (9,
1657 1907 1714 1990 21)
1748 1915 1781 1972 11
1808 1909 1934 1973 Ρ11111
1967 1911 2267 1995 (21111114).
2311 1912 2411 1977 Illius

401 2009 455 2064 tus
476 1997 674 2073 idololatria,
704 1996 951 2077 superstitione,
973 1993 1074 2074 impia
1096 1992 1245 2057 doctrina
1267 2000 1377 2057 conta-
1430 1992 1577 2056 scelerati
1606 2003 1639 2056 et
1664 1994 1872 2058 abominandi
1900 1997 1993 2078 regni
2016 1996 2132 2073 ducem
2160 2006 2193 2061 ot
2219 1999 2411 2080 antesignae·

401 2085 542 2148 minutos
570 2105 630 2166 pro
657 2082 801 2147 ecclesiis
834 2087 1004 2163 agnoscat,
1038 2079 1074 2141 in
1106 2099 1247 2159 quarum
1279 2079 1377 2160 plena
1429 2099 1509 2141 num
1531 2078 1618 2160 apud
1639 2101 1699 2142 nos
1721 2081 1856 2145 tacimus
1879 2103 2051 2146 romanum
2072 2084 2267 2164 pontificem.
2309 2083 2410 2163 Quod

400 2170 627 2235 communione
654 2163 869 2250 perstandrm
897 2166 941 2229 sit
968 2163 1094 2228 homini
1122 2164 1300 2229 christiano
1322 2186 1377 2228 us·
1430 2163 1523 2227 sedes
1550 2165 1619 2228 eius
1647 2166 1681 2227 in
1710 2165 1832 2248 templo
1861 2166 1926 2231 Dei
1953 2167 2143 2246 collocatur,
2173 2169 2220 2233 ita
2248 2171 2409 2248 innuitur,

399 2277 462 2338 que
484 2254 526 2319 ad
548 2255 715 2319 doetrinae
736 2252 992 2327 consensionem,
1013 2248 1108 2314 valde
1126 2249 1257 2314 errabit.
1290 2249 1376 2313 Nam
1428 2249 1494 2312 tale
1511 2251 1579 2314 fore
1597 2251 1666 2314 eius
1684 2272 1823 2333 rognum
1841 2252 1925 2333 qucd
1944 2275 2003 2318 neo
2022 2253 2148 2319 Christi
2169 2277 2230 2320 nee
2251 2255 2409 2321 ecclesiae

401 2341 604 2406 sicoclesiae
625 2347 719 2415 sunt,
749 2346 892 2420 potestas
915 2335 1059 2402 clavium
1079 2356 1180 2417 penes
1201 2337 1288 2417 ipsas
1311 2346 1376 2414 est3
1429 2355 1549 2399 nomen
1584 2335 1719 2400 aboleat.
1775 2337 1865 2402 Hinc
1904 2339 2006 2422 igitur
2038 2349 2143 2422 patet,
2176 2361 2236 2405 nos
2269 2341 2409 2406 minime

401 2428 491 2509 atqui
513 2427 621 2492 claves
642 2422 849 2489 individuum
871 2421 996 2487 habent
1016 2442 1140 2484 noxum
1166 2442 1238 2486 cum
1267 2419 1375 2498 verbo,
1429 2442 1550 2503 negare
1578 2422 1658 2503 quin
1685 2421 1745 2486 sub
1773 2423 1843 2487 eius
1876 2444 2004 2506 quoque
2037 2426 2212 2509 tyrannide
2251 2427 2408 2492 ecelesiae

400 2513 486 2596 quod
519 2513 608 2576 illinc
642 2511 853 2593 profligatum
884 2517 942 2572 est.
996 2503 1126 2570 Deinde
1160 2507 1188 2569 si
1221 2506 1394 2582 ecclesiae,
1429 2515 1601 2585 maneant,
1635 2507 1692 2570 sed
1726 2528 1808 2588 quas
1840 2510 1999 2593 sacrilega
2025 2510 2192 2593 impietate
2214 2514 2407 2594 profanarit,

339 2591 345 2608 '
396 2608 482 2672 sunt,
506 2598 595 2661 velot
616 2595 703 2678 apud
726 2615 780 2659 eas
803 2594 938 2659 Christi
951 2591 1138 2675 promissio:
1161 2590 1376 2673 quodcunque
1428 2612 1509 2673 quas
1535 2592 1673 2656 immani
1701 2593 1922 2659 dominatione
1944 2598 2112 2674 afflixerit,
2141 2619 2223 2679 quas
2250 2598 2346 2662 malis
2373 2608 2408 2664 et

396 2683 586 2767 ligaveritis,
610 2693 671 2745 etc.
706 2681 831 2746 Contra
849 2689 967 2755 autem,
990 2676 1143 2741 abdicant
1165 2698 1185 2741 a
1205 2699 1266 2741 sua
1287 2699 1375 2742 com-
1428 2677 1616 2743 exitialibus
1638 2679 1808 2756 doctrinis,
1836 2701 1896 2745 101
1918 2684 2089 2747 venenatis
2110 2685 2309 2765 potionibus,
2333 2706 2407 2750 cor-

396 2771 552 2832 municne
573 2769 758 2849 quicunque
779 2787 813 2831 se
832 2765 957 2829 Christi
979 2783 1090 2828 servos
1111 2783 1179 2826 non
1200 2765 1276 2828 fiete
1297 2784 1374 2846 pro·
1427 2763 1554 2845 ruperit
1575 2774 1608 2828 et
1634 2765 1870 2848 propemodum
1892 2770 2051 2849 enecarit;
2074 2770 2250 2851 inquibus
2272 2773 2406 2836 semise-

396 2857 540 2919 fitentur.
585 2854 675 2935 Ergo
706 2861 763 2917 aut
789 2850 930 2915 evanida
956 2858 1007 2913 est
1031 2846 1159 2912 Christi
1190 2851 1372 2929 promissio,
1426 2849 1538 2930 pultus
1559 2849 1660 2914 lateat
1682 2850 1851 2929 Christus,
1873 2852 2026 2917 obrutum
2049 2856 2270 2937 evangelium,
2294 2858 2406 2937 profli-

397 2948 454 3004 aut
473 2962 540 3003 nou
562 2948 653 3016 sunt,
682 2938 743 3003 hoc
765 2936 882 3002 saltem
903 2936 1036 3012 intuitu,
1060 2934 1224 2999 ecelesiae.
1270 2934 1373 3000 Deni-
1426 2942 1504 3017 gata
1536 2936 1657 3017 pietas,
1692 2937 1800 3001 cultus
1833 2938 1897 3001 Dei
1930 2940 1998 3003 sere
2031 2940 2184 3019 abolitus;
2218 2943 2254 3004 in
2286 2943 2405 3023 quibus

396 3048 458 3108 que
487 3046 545 3108 pro
573 3024 665 3089 verbi
694 3023 875 3088 ministerio
898 3021 1021 3085 habent
1042 3020 1170 3084 scholas
1192 3021 1373 3102 impietatis
1426 3019 1564 3102 denique
1597 3023 1707 3086 omnia
1739 3023 1786 3088 sic
1819 3025 1885 3086 sint
1916 3027 2125 3104 conturbata,
2160 3035 2197 3090 ut
2223 3027 2403 3110 Babylonis

397 3123 429 3176 et
451 3132 599 3176 errorum
621 3132 716 3174 omne
739 3130 843 3191 genus
865 3108 1037 3173 sentinam.
1075 3105 1299 3170 Proindeaut
1320 3128 1372 3171 ec·
1424 3107 1532 3187 potius
1554 3129 1653 3189 quam
1676 3109 1817 3173 civitatis
1839 3108 1903 3173 Dei
1932 3121 2066 3176 sanotae
2088 3113 2187 3177 facies
2213 3113 2279 3176 illic
2300 3133 2402 3194 appa-

395 3198 525 3274 clesiae,
560 3194 741 3261 secundum
769 3195 853 3259 hanc
881 3194 1058 3268 rationem,
1090 3213 1156 3255 non
1183 3183 1281 3270 ι1“111;
1313 3200 1373 3256 111
1425 3203 1505 3255 reat
1538 3193 1580 3256 In
1598 3215 1735 3272 summa,
1759 3195 1910 3260 ecclesias
1930 3217 2001 3267 esse
2018 3197 2090 3262 dieo
2110 3208 2268 3280 quatenus
2289 3198 2403 3280 populi

395 3283 523 3348 nullum
554 3282 691 3346 restabit
724 3280 908 3365 symbolum
941 3299 1005 3360 quo
1039 3277 1184 3360 legitimi
1223 3277 1371 3342 fidelium
1425 3278 1476 3342 sui
1493 3278 1657 3361 reliquias,
1679 3292 1845 3362 uteunque
1863 3281 1980 3346 misere
1999 3282 2162 3366 dispersas
2181 3306 2218 3349 ae
2241 3284 2402 3366 disiectas,

394 3379 505 3435 coetus
526 3389 547 3432 a
568 3368 752 3432 Turearum
773 3365 986 3432 conventibus
1008 3363 1245 3428 discernantrn·.
1371 3400 1376 3404 -
1424 3363 1491 3429 illio
1507 3363 1711 3429 mirabiliter
1732 3365 1896 3430 Dominus
1923 3379 2110 3447 conservat,
2141 3380 2301 3452 quatenus
2326 3391 2404 3453 per-

485 3459 532 3527 11.
576 3453 624 3519 Ut
651 3462 762 3518 tamen
788 3453 967 3516 manebant
1000 3449 1081 3513 olim
1112 3450 1201 3513 iuter
1232 3448 1371 3515 Iudaeos
1424 3457 1560 3513 manent
1572 3450 1695 3532 aliquot
1711 3448 1866 3516 ecelesiae
1877 3453 2032 3536 symbola,
2052 3464 2149 3538 atque
2160 3477 2200 3520 ea
2210 3457 2408 3539 praesertimv

394 3540 574 3625 peculiares
595 3537 755 3622 quaedam
777 3538 931 3603 ecclesiae
953 3536 1214 3620 praerogativae,
1235 3537 1291 3599 ita
1312 3557 1372 3601 nec
1425 3556 1563 3617 quorum
1591 3536 1770 3601 efficaciam
1790 3559 1852 3602 nee
1874 3536 1994 3603 diaboli
2016 3543 2147 3619 astutia,
2171 3563 2232 3607 neo
2255 3544 2405 3609 humana

394 3625 499 3692 hodie,
517 3626 653 3707 papistis
676 3624 850 3689 adimimus
872 3643 955 3705 quae
977 3641 1147 3703 superesse
1169 3642 1211 3684 ex
1234 3619 1373 3703 dissipa-
1423 3620 1570 3702 pravitas
1593 3621 1761 3687 destruere
1782 3633 1898 3712 potest
1940 3623 2007 3689 Sed
2029 3628 2106 3707 quia
2128 3648 2145 3691 e
2168 3649 2324 3694 converso
2348 3629 2404 3694 de-

394 3714 483 3776 tione
510 3712 650 3793 vestigia
678 3709 832 3775 ecclesiae
860 3710 947 3773 inter
977 3729 1032 3773 eos
1058 3707 1226 3771 Dominus
1257 3705 1369 3772 voluit
1424 3706 1508 3770 letae
1537 3713 1616 3775 sunt
1643 3708 1710 3773 illio
1731 3717 1829 3773 notae
1851 3730 1933 3791 quas
1953 3713 2127 3795 praecipue
2149 3715 2185 3778 in
2207 3715 2269 3779 hae
2292 3714 2406 3797 dispu-
2512 3745 2517 3755 ‚

394 3796 482 3863 Cum
510 3796 575 3861 illis
602 3795 717 3861 foedus
744 3816 842 3861 suum
867 3794 969 3860 semel
1001 3793 1171 3876 pepigerat
1197 3793 1304 3872 Deus3
1336 3793 1372 3857 id
1423 3793 1545 3856 tatione
1568 3794 1729 3875 respicere
1751 3794 1921 3873 debemus,
1950 3797 2020 3862 dico
2043 3821 2307 3882 unumquemque
2331 3820 2405 3868 coe-

394 3905 454 3948 sua
481 3883 586 3963 magis
612 3881 716 3963 ipsius
744 3881 900 3946 firmitate
921 3881 1101 3945 subnixum
1122 3886 1237 3943 contra
1258 3899 1372 3943 eorum
1423 3884 1494 3940 trrm
1533 3888 1566 3942 et
1605 3887 1709 3943 totum
1750 3879 1866 3963 corpu's
1909 3902 2020 3948 carere
2059 3884 2207 3969 legitima
2248 3886 2406 3951 eeclesiae

393 3967 595 4050 impietatem
618 3967 789 4033 eluctando
807 3965 1010 4049 persistebat,
1034 3985 1133 4047 quam
1152 3964 1192 4030 ab
1210 3964 1276 4029 illis
1293 3986 1372 4029 oon·
1422 3964 1535 4028 forma
1655 3998 1657 4000 ·
1927 3981 1930 3989 ’

394 4054 611 4119 1111111111
629 4051 724 4133 Quae
744 4054 854 4136 itaque
876 4051 1036 4118 certitudo
1059 4058 1110 4115 est
1130 4069 1168 4114 ao
1190 4052 1372 4115 constantia

395 4140 526 4205 divinae
548 4139 709 4217 bonitatis,
725 4137 888 4204 residebat
909 4138 975 4203 illie
997 4135 1112 4202 foedus
1134 4136 1287 4216 Domini;
1309 4158 1371 4202 neo

393 4226 560 4292 obliterari
587 4225 721 4289 illorum
749 4224 888 4306 perfidia
917 4228 1046 4307 poterat
1077 4222 1148 4287 eius
1179 4222 1277 4301 fides,
1310 4244 1370 4287 nec
1771 4255 1923 4325 CAPUT
1946 4258 2002 4323 Π]
2030 4260 2054 4345 ι)

393 4312 530 4394 impuris
563 4331 676 4376 eorum
709 4309 858 4458 malnibus
891 4308 1057 4393 profanari
1090 4308 1136 4371 ita
1168 4308 1371 4374 circumcisio
2003 4310 2009 4324 '

436 4407 535 4476 terat,
563 4398 643 4479 quin
670 4396 757 4459 simu
798 4417 913 4460 verum
940 4404 1026 4461 esset
1053 4394 1186 4478 signum
1207 4400 1241 4458 et
1262 4414 1371 4459 sacra·
1704 4417 1713 4434 ·
1783 4427 1785 4432 =
1948 4419 1956 4435 ·
2193 4419 2201 4434 ·
2236 4419 2244 4434 ·
2316 4418 2323 4434 ·

393 4421 542 4549 dicatum
564 4484 633 4547 cius
654 4481 803 4546 foederis.
835 4481 932 4547 Unde
953 4480 1072 4545 liberos
1094 4480 1150 4562 qui
1170 4479 1236 4544 illis
1257 4499 1370 4545 nascc-
1467 4417 1544 4505 DQ
1566 4417 1766 4500 600168Ῑὸ6
1797 4417 2040 4555 ἀοωῗοῖὼυε
2072 4433 2117 4540 ,et
2146 4430 2361 4553 malumus,

394 4571 528 4647 bantur,
558 4591 643 4647 suos,
659 4567 823 4632 Dominus
851 4566 989 4633 vocabat
1036 4566 1094 4629 Ea.
1121 4569 1174 4644 16,
1199 4565 1270 4648 20),
1303 4567 1369 4647 qui,
1597 4566 1745 4620 corum
1775 4537 1980 4622 6166110116
2013 4551 2058 4621 et
2087 4538 2233 4621 0ffi010.

394 4658 457 4721 nisi
479 4655 612 4737 speciali
632 4652 867 4730 benedictione,
891 4653 978 4717 nihil
1063 4674 1138 4716 eum
1160 4652 1368 4733 pertinerent.

395 4742 450 4808 Sic
472 4762 573 4823 quum
595 4739 707 4805 foedus
729 4761 825 4805 suum
847 4741 882 4802 in
904 4738 1024 4814 Callia,
1047 4738 1153 4814 Italia,
1180 4737 1369 4812 Germania,
1512 4742 1537 4803 l.
1582 4738 1656 4803 Iam
1678 4738 1719 4802 de
1740 4738 1854 4803 ordine
1875 4738 2048 4803 dicendum
2070 4745 2121 4803 cst
2140 4759 2203 4821 quo
2230 4737 2405 4806 ecclesiam

393 4827 569 4908 Hispania,
603 4825 727 4908 Anglia
759 4825 959 4906 deposuerit,
992 4825 1048 4888 ubi
1080 4823 1157 4887 illae
1183 4822 1370 4904 provinciae
1423 4844 1517 4888 suam
1550 4825 1727 4908 gubernari
1759 4825 1865 4889 voluit
1897 4825 2069 4889 Dominus.
2126 4825 2272 4888 Tametsi
2311 4826 2404 4892 enirn

282 4906 286 4915 ’
394 4913 578 4978 antichristi
610 4908 785 4994 tyrannide
819 4931 993 4993 oppressae
1024 4918 1123 4985 sunt,
1163 4930 1227 4990 quo
1260 4918 1371 4972 tamen
1423 4911 1529 4975 solum
1557 4912 1665 4992 ipsum
1692 4931 1807 4994 regere
1835 4931 1874 4974 ac
1901 4930 2040 4993 regnare
2061 4911 2097 4974 in
2119 4911 2269 4989 ecclesia,
2299 4913 2334 4975 ia
2363 4933 2405 4977 ea

394 4997 507 5063 foedus
528 5017 624 5058 suum
645 4996 833 5061 inviolabile
856 5007 1021 5073 manerat,
1044 4994 1242 5078 baptismum
1263 4994 1370 5076 primo
1422 5016 1540 5077 quoque
1562 5017 1709 5079 praessa
1729 4996 1947 5073 1111111111,
1976 5004 2010 5060 11
2035 4996 2210 5080 imperium
2239 4998 2300 5063 hcc
2331 4998 2403 5063 solo

394 5083 461 5148 illio
484 5081 699 5157 conservavit,
723 5082 861 5147 foederis
883 5082 1121 5156 testimonium,
1145 5079 1200 5161 qui
1223 5079 1292 5143 eius
1314 5100 1370 5144 011
1423 5081 1494 5146 eius
1512 5082 1612 5147 verbo
1629 5082 1774 5148 exerceri
1792 5087 1890 5162 atque
1908 5080 2133 5148 administrari
2155 5093 2299 5166 oportet,
2322 5084 2404 5165 quia

395 5173 609 5241 consecratus,
627 5165 733 5229 invita
749 5166 894 5232 humana
913 5169 1089 5250 impietate,
1113 5166 1181 5231 vim
1203 5185 1296 5228 suam
1318 5187 1370 5230 re·
1422 5174 1533 5232 tamen
1554 5166 1677 5233 visibili
1696 5166 1883 5251 praesentia
1908 5167 1996 5233 inter
2016 5190 2076 5234 nos
2103 5191 2171 5234 non
2193 5169 2333 5247 habitat,
2362 5178 2403 5234 ut

394 5255 491 5331 tinet;
513 5249 631 5315 deinde
653 5272 714 5315 sua
733 5253 941 5334 providentia
962 5253 1070 5319 eii'ecit
1089 5258 1128 5317 ut
1144 5249 1226 5315 aliae
1244 5271 1371 5334 quoque
1421 5252 1626 5320 voluntatem
1636 5252 1731 5319 nobis
1746 5273 1842 5319 suam
1859 5274 1917 5318 ore
1933 5255 2206 5335 corumdeelanet,
2228 5256 2403 5321 hominum

393 5338 551 5421 reliquiae
583 5345 770 5415 exstarent,
805 5359 847 5403 ne
879 5339 1015 5405 ecclesia
1045 5358 1180 5422 prorsus
1209 5337 1369 5402 interiret.
1422 5339 1641 5404 ministerium
1663 5341 1699 5405 in
1720 5339 1783 5406 hcc
1804 5338 1961 5422 adhibere
1982 5339 2140 5421 diximus,
2170 5348 2204 5406 et
2230 5341 2321 5423 quasi
2347 5341 2402 5406 vi-

394 5429 444 5493 Ao
471 5421 746 5507 quemadmodum
772 5424 819 5488 ita
845 5445 941 5507 saepe
965 5424 1142 5490 diruuntur
1163 5421 1311 5488 aedificia
1332 5431 1371 5487 ut
1422 5424 1545 5489 cariam
1570 5446 1717 5509 operam,
1744 5447 1813 5491 nou
1842 5426 1885 5492 ad
1910 5448 1966 5493 eos
1987 5428 2038 5492 ius
2059 5445 2156 5492 suum
2177 5426 2402 5508 honoremque

393 5510 608 5590 fundamenta
629 5514 662 5574 et
683 5509 799 5573 ruinae
819 5519 988 5590 maneant,
1017 5512 1065 5576 ita
1093 5530 1160 5575 nou
1181 5528 1297 5592 passus
1319 5516 1370 5574 est
1421 5511 1663 5592 transferendo,
1692 5511 1750 5578 sed
1771 5521 1903 5578 tantum
1931 5519 1970 5577 ut
1995 5531 2056 5596 por
2082 5531 2117 5576 cs
2137 5513 2281 5593 spamam
2301 5532 2402 5580 suum

394 5597 563 5665 ecclesiam
596 5615 690 5659 suam
723 5593 764 5660 ab
798 5596 989 5663 antichristo
1021 5596 1075 5662 vel
1104 5615 1127 5660 a
1156 5593 1369 5660 fundamento

395 5681 555 5758 subverti,
577 5679 631 5746 vel
652 5679 722 5745 solo
744 5682 886 5763 aequari,
913 5690 1082 5764 utcunque
1102 5680 1146 5747 ad
1165 5679 1368 5764 puniendam

394 5767 566 5836 hominum
590 5763 875 5848 ingratitudinem,
908 5768 965 5852 qui
996 5767 1135 5834 verbum
1161 5786 1258 5834 suum
1289 5784 1368 5835 cou-
1488 5782 1519 5853 1)
1539 5782 1611 5840 0111
1629 5781 1696 5853 σῳ.
1719 5781 1807 5839 7111.
1824 5780 1978 5853 114-11
