5600 6809
385 790 446 852 ⁵89
542 785 631 850 LIB.
655 785 719 850 ΠΙ.
764 786 827 849 DE
850 783 985 850 MODO
1009 783 1359 852 PDROIPIENDAE
1381 780 1570 859 CHRISTI
1592 782 1811 849 Galbina.
1856 783 1955 849 OAP.
1978 784 2210 850 xvixvii
2328 731 2395 853 aad

383 972 507 1052 cordia,
539 995 606 1057 qua
638 974 707 1039 sola
738 981 771 1038 et
800 971 957 1037 fundatur
988 980 1022 1037 et
1047 972 1220 1038 stabilitur.
1274 971 1362 1053 Quod
1413 969 1531 1054 quibus
1553 979 1648 1035 satan
1711 992 1827 1038 rsuos
1848 971 2005 1036 satellites
2027 973 2102 1036 fidei
2124 974 2390 1043 iustificationem

382 1060 524 1142 appense
554 1065 662 1124 notatu
694 1059 823 1142 dignum
856 1063 917 1138 cst,
949 1064 985 1123 ut
1015 1059 1154 1124 sciamus
1186 1078 1246 1123 nou
1274 1056 1362 1121 mode
1415 1055 1544 1123 diruere
1573 1065 1630 1121 aut
1679 1064 1803 1123 eterere
1829 1057 1972 1121 molitur.
2017 1056 2105 1122 Illud
2127 1060 2193 1124 iam
2216 1082 2389 1126 excussum

376 1146 575 1228 principiam
596 1144 660 1208 Dca'
687 1145 747 1208 rite
772 1144 891 1210 colendi
917 1164 982 1210 csse
1008 1144 1161 1225 fiduciam
1187 1144 1362 1208 miremor-
1414 1163 1497 1218 esse,
1524 1150 1604 1225 puto
1637 1141 1938 1221 calumniatoribus,
1980 1165 2021 1207 ne
2053 1142 2222 1209 nobiscum
2253 1145 2389 1230 perinde

383 1232 455 1297 dice
474 1232 551 1308 eiua,
571 1230 626 1296 sed
644 1231 784 1295 tanmem
801 1229 865 1295 Dcc'
887 1228 992 1315 (quem
1013 1231 1205 1294 meritoriam
1226 1250 1291 1294 ease
1311 1249 1361 1293 vo-
1414 1235 1514 1312 agant
1545 1236 1643 1310 atque
1676 1229 1835 1294 bonorum
1869 1249 2005 1310 operum
2038 1230 2194 1309 inimicis;
2228 1231 2389 1315 siquidem

383 1318 451 1382 lest
459 1314 623 1400 pcpistac)
642 1317 781 1381 ideoaon
793 1317 1133 1398 pocccmcraiccmicc
1146 1317 1270 1394 oenseri,
1285 1316 1361 1396 qaia
1413 1313 1565 1397 operibus
1592 1313 1777 1379 detrahitur
1805 1315 2004 1392 iustificatio,
2038 1336 2104 1381 non
2132 1328 2168 1379 ut
2193 1318 2284 1382 nulla
2305 1316 2389 1382 bona

396 1402 533 1467 sedate
553 1407 598 1466 eat
618 1402 653 1466 in
671 1407 867 1483 peractarum
885 1403 978 1466 venia
998 1406 1027 1466 et
1047 1401 1236 1483 raniemoce.
1334 1478 1342 1484 ‘
1412 1401 1495 1464 fiant
1517 1420 1625 1482 opera,
1649 1407 1707 1465 aut
1728 1400 1815 1465 bona
1837 1423 1907 1465 esse
1925 1408 2087 1484 negentur
2110 1422 2192 1484 quae
2209 1404 2309 1483 fiunt;
2331 1402 2389 1468 sed

469 1493 498 1551 4.
521 1488 637 1571 Longe
659 1509 737 1552 vero
758 1487 946 1552 futilissima
967 1487 1139 1564 calumnia,
1161 1487 1297 1553 invitari
1319 1485 1361 1551 ad
1413 1507 1454 1549 ne
1476 1485 1541 1550 illis
1562 1486 1717 1564 fidamus,
1746 1508 1788 1550 ne
1801 1486 2004 1570 gloriemur,
2034 1509 2076 1551 ne
2104 1487 2242 1552 salutem
2266 1488 2388 1554 adscri-

382 1572 582 1657 peecandum
598 1572 749 1638 homines
767 1593 870 1655 quum
888 1573 1068 1656 gratuitam
1085 1580 1290 1655 peccaterum
1308 1593 1360 1637 re-
1411 1571 1536 1636 bamus.
1580 1570 1721 1637 Fiducia
1742 1573 1830 1636 enim
1852 1573 1933 1637 haec
1954 1579 2067 1637 nostra
2089 1585 2148 1652 est,
2171 1574 2252 1638 haec
2274 1573 2388 1656 gloria,

382 1659 580 1736 missionem,
603 1660 640 1723 in
661 1678 726 1741 qua
746 1659 936 1723 collocatam
959 1659 1096 1724 dicimus
1118 1657 1288 1735 iustitiam,
1313 1658 1360 1722 af·
1412 1665 1446 1720 et
1471 1657 1570 1722 unica
1596 1657 1711 1722 salutis
1739 1658 1896 1737 anchora,
1925 1658 2012 1742 quod
2034 1657 2188 1724 Christus
2216 1659 2303 1723 filius
2323 1659 2389 1724 Dei

325 1803 332 1819 ,
382 1747 561 1811 firmamus.
596 1745 694 1809 Tanti
711 1746 799 1808 enim
821 1765 892 1809 esse
910 1743 1059 1821 dicimus,
1084 1751 1121 1808 ut
1137 1743 1229 1807 nullo
1247 1751 1359 1809 nostro
1413 1751 1524 1808 noster
1550 1752 1613 1821 est,
1642 1765 1680 1809 ac
1707 1764 1768 1808 nos
1796 1743 1924 1826 inipso
1946 1744 2091 1810 vicissim
2112 1744 2172 1808 filii
2193 1743 2257 1809 Dei
2279 1745 2405 1829 regni·'

382 1829 468 1895 bono
489 1831 619 1913 pensari
636 1831 746 1912 possit,
769 1828 906 1912 ideoque
922 1850 1092 1912 nunquam
1108 1828 1360 1912 impetrandam,
1412 1850 1475 1910 que
1497 1829 1645 1895 coelestis
1668 1829 1839 1909 haeredes,
1862 1830 1927 1895 Dei
1949 1830 2166 1913 benignitate,
2190 1851 2255 1894 non
2277 1837 2390 1895 nostra

383 1917 448 1981 nisi
472 1917 617 1999 gratuita
643 1916 734 1980 foret
778 1916 884 1980 Porro
910 1916 1005 2001 uobis
1033 1914 1165 1998 quidem
1186 1936 1257 1980 esse
1285 1934 1359 1998 gra-
1413 1914 1581 1998 dignitate,
1604 1916 1640 1980 in
1662 1936 1754 1998 spem
1776 1924 1927 1981 aeternae
1945 1915 2159 1980 beatitudinis
2172 1916 2286 1981 vocati.
2322 1913 2390 1981 Sed

257 2002 264 2013 ’
382 2003 510 2080 mitam,
533 2000 665 2066 Christo
691 2021 757 2065 non
778 2003 869 2080 item,
892 2002 945 2066 cui
968 2008 1036 2065 tam
1053 2022 1173 2085 magno
1195 2001 1358 2066 constitit:
1413 2001 1489 2084 quia
1516 2000 1588 2066 aliis
1615 2008 1785 2084 praeterea
1812 2001 1987 2080 machinis,
2018 2008 2056 2065 ut
2083 1999 2206 2066 dictum
2234 2007 2300 2080 est,
2328 2022 2389 2068 nos

382 2108 500 2171 nempe
521 2107 582 2152 suo
604 2087 823 2153 sacratissimo
844 2088 1022 2169 sanguine,
1047 2095 1142 2152 extra
1163 2108 1261 2169 quem
1283 2086 1359 2151 nul·
1412 2087 1591 2169 impetunt,
1621 2108 1696 2170 age,
1724 2087 1759 2150 in
1787 2087 1853 2152 illis
1875 2108 2002 2170 quoque
2023 2086 2251 2169 propulsandis
2272 2107 2389 2170 perga-

381 2174 451 2237 lum
466 2173 546 2238 setis
561 2172 699 2257 dignum
714 2175 858 2257 pretium
874 2174 952 2252 fuit,
976 2172 1061 2256 quod
1077 2173 1141 2238 Dei
1158 2172 1276 2237 iudicio
1295 2172 1359 2238 sol-
1412 2193 1495 2237 mus.
1545 2173 1696 2238 Primum
1736 2172 1876 2238 redeunt
1913 2171 1955 2236 ad
1992 2172 2115 2256 legales
2147 2173 2387 2255 promissiones,

380 2265 521 2325 veretur.
555 2259 648 2324 Haec
666 2280 769 2341 quum
787 2258 944 2324 docentur
961 2259 1119 2336 homiues,
1143 2257 1360 2337 admonentur
1412 2279 1493 2340 quas
1509 2258 1590 2342 legis
1608 2279 1686 2324 suae
1702 2256 1880 2324 cultoribus
1897 2257 1999 2323 edidit
2012 2259 2188 2337 Dominus,
2210 2267 2245 2324 et
2260 2266 2387 2343 rogant,

379 2365 439 2428 per
449 2346 537 2427 ipsos
554 2364 622 2409 non
634 2352 730 2424 stare,
747 2345 922 2427 quominus
935 2346 1031 2409 toties
1047 2345 1285 2410 sacratissimus
1303 2343 1359 2408 ille
1410 2344 1595 2409 velimusne
1616 2345 1726 2410 irritas
1748 2366 1819 2411 esse
1839 2366 1972 2428 prorsus
1994 2366 2038 2408 an
2060 2344 2228 2410 efficaces?
2270 2344 2388 2410 Irritas

381 2430 516 2514 sanguis
526 2429 715 2495 effundatur
725 2432 851 2513 quoties
862 2438 1005 2514 peccant
1027 2429 1083 2495 Ad
1094 2431 1164 2509 hoc,
1176 2429 1359 2515 daemon)
1411 2427 1519 2495 dicere
1546 2431 1701 2512 quoniam
1728 2431 1888 2496 absonum
1916 2450 1953 2495 ao
1981 2430 2157 2496 ridiculum
2183 2430 2388 2581 fueritfflo

381 2537 536 2582 eamesse
548 2523 694 2581 nostram
704 2515 902 2596 foeditatem,
914 2537 997 2598 quae
1008 2517 1071 2582 nisi
1083 2516 1181 2581 huius
1191 2516 1359 2598 purissimi
1411 2516 1575 2581 confesso·
1590 2524 1777 2597 assumunt,
1810 2516 1947 2582 alicuius
1975 2538 2045 2582 esse
2073 2516 2243 2582 efficaciae.
2336 2517 2343 2530 ‘
2370 2538 2388 2582 c

381 2602 551 2685 sanguinis
567 2602 657 2666 fonte
674 2622 843 2684 nunquam
859 2602 996 2667 eluatur.
1030 2602 1124 2668 Haec
1140 2603 1196 2685 qui
1210 2601 1357 2681 audiunt,
1411 2601 1655 2680 ratiocinantur,
1678 2622 1744 2666 non
1767 2602 1836 2668 sola
1852 2603 1917 2667 fide
1935 2623 1996 2668 nos
2013 2603 2192 2668 iustificari.
2226 2599 2283 2668 Sic
2301 2602 2390 2667 enim

381 2709 493 2752 annon
512 2687 671 2752 maiorem
693 2686 814 2752 debent
836 2689 1005 2771 concipere
1027 2687 1198 2752 horrorem
1222 2688 1357 2770 peccati,
1411 2686 1575 2752 Dominus
1607 2686 1753 2769 loquitur
1786 2687 1898 2771 (Dent.
1925 2693 1958 2769 i,
1985 2692 2038 2768 123
2068 2689 2131 2754 Ier.
2159 2693 2177 2751 7
2184 2740 2193 2768 ,
2220 2693 2238 2751 5
2262 2693 2295 2752 et
2317 2687 2388 2772 23):

381 2773 530 2855 quamsi
551 2771 711 2838 bouomm
734 2794 869 2855 operum
896 2773 1083 2855 aspersione
1105 2773 1248 2857 abstergi
1271 2772 1358 2839 dice-
1411 2773 1537 2855 eritque
1558 2773 1587 2837 si
1608 2771 1751 2837 audieris
1772 2783 1945 2856 praecepta
1966 2781 2000 2840 et
2021 2774 2142 2839 iudicia
2164 2775 2255 2853 haec,
2282 2781 2389 2839 custo-

381 2857 493 2924 retur?
536 2859 634 2925 Etsi
662 2858 742 2941 quid
763 2860 828 2923 Dei
848 2857 983 2939 habent,
1012 2858 1171 2941 quomodo
1192 2881 1259 2924 non
1281 2860 1358 2923 her-
1411 2856 1572 2940 dierisque
1600 2877 1639 2922 ea
1667 2865 1702 2922 et
1728 2857 1857 2937 feceris,
1886 2858 2045 2924 custodiet
2066 2861 2165 2924 etiam
2194 2858 2252 2923 tibi
2274 2859 2390 2924 Domi·

381 2951 476 3009 reant
492 2944 593 3010 semel
610 2945 782 3026 purificati,
806 2944 912 3010 denuo
930 2966 964 3009 se
980 2945 1015 3009 in
1036 2945 1145 3009 lutum
1155 2944 1357 3027 provolvere,
1411 2965 1476 3008 nus
1497 2950 1629 3026 pactum
1651 2949 1684 3008 et
1701 2943 1957 3009 misericordiam
1979 2967 2077 3027 quam
2098 2945 2221 3011 inravit
2241 2944 2390 3028 patribus

271 3075 274 3083 -
380 3050 443 3112 quo
460 3029 560 3100 huius
577 3030 677 3095 fontis
695 3030 882 3112 puritatem,
905 3036 1063 3113 quantum
1085 3031 1178 3095 inse
1200 3037 1258 3109 est,
1282 3051 1358 3096 oon·
1411 3030 1491 3109 tuis;
1521 3027 1636 3113 diliget
1663 3036 1696 3094 te
1724 3051 1761 3095 ac
1790 3029 2035 3114 multiplicabit,
2065 3037 2098 3095 et
2126 3028 2297 3095 benedicet
2318 3031 2388 3111 tibi,

380 3114 515 3181 turbent
532 3124 565 3180 et
584 3115 752 3182 inficiant?
784 3117 871 3181 Lavi
888 3115 987 3199 pedes
1006 3136 1105 3195 meos,
1128 3117 1237 3199 inquit
1252 3115 1358 3182 fidelis
1411 3123 1471 3181 ete.
1527 3115 1625 3180 Item:
1660 3114 1688 3180 si
1718 3116 1801 3181 bene
1834 3115 2018 3181 direxeritis
2035 3114 2061 3199 ¹)
2094 3117 2164 3180 vias
2195 3126 2323 3180 vestras
2356 3122 2389 3182 et

381 3203 492 3266 anima
515 3201 602 3284 apud
623 3199 835 3267 Salomonem
855 3201 966 3286 (Oant
986 3205 1015 3280 5,
1035 3201 1079 3287 3),
1102 3200 1262 3285 quomodo
1283 3223 1358 3266 rur·
1411 3200 1521 3267 studia
1540 3208 1667 3278 vestra,
1695 3222 1764 3266 non
1791 3199 2034 3267 ambulaveritis
2061 3209 2134 3284 post
2156 3200 2233 3265 deos
2255 3200 2387 3278 alienos,

381 3307 457 3351 sum
477 3286 652 3369 inquinabo
673 3287 768 3352 illos?
802 3288 898 3352 Nunc
919 3289 1029 3371 palam
1050 3296 1101 3353 est
1121 3288 1189 3352 utri
1209 3294 1243 3352 ct
1264 3287 1358 3353 vilie-
1410 3286 1568 3351 iudicium
1589 3287 1730 3352 feceritis
1750 3287 1839 3352 inter
1861 3288 1970 3351 virum
1988 3295 2026 3366 et,
2038 3287 2156 3364 virum,
2180 3307 2240 3351 nec
2261 3285 2298 3350 in
2318 3307 2388 3351 ma·

381 3393 452 3436 rem
482 3379 689 3454 peccaterum
721 3374 946 3438 remissionem
978 3375 1114 3451 faciant,
1149 3380 1183 3437 et
1214 3374 1358 3438 iustitiae
1409 3372 1516 3437 litiam
1538 3372 1746 3452 recesseritis,
1771 3372 1944 3438 ambulabo
1965 3373 2001 3437 in
2022 3371 2130 3438 medio
2152 3372 2262 3437 vestri.
2303 3370 2388 3436 Nolo

381 3457 575 3541 dignitatem
606 3459 713 3542 magis
746 3461 951 3542 prostituant
1001 3459 1056 3523 Illi
1089 3458 1199 3524 Deum
1231 3458 1357 3524 frivolis
1410 3456 1501 3522 mille
1522 3456 1668 3524 eiusdem
1690 3459 1814 3523 formae
1834 3458 1957 3524 frustra
1977 3459 2125 3537 recitare,
2153 3479 2236 3540 quae
2257 3457 2388 3540 quando

381 3546 448 3609 suis
471 3542 754 3623 satisfactionibus,
775 3544 837 3610 hoc
854 3554 905 3610 est
926 3544 1132 3624 stercoribus,
1153 3544 1278 3627 placari
1295 3566 1357 3609 nu·
1409 3543 1494 3608 nihil
1515 3565 1615 3610 sensu
1637 3543 1806 3624 differunt,
1831 3546 1972 3609 istarum
1993 3544 2154 3610 solutione
2176 3565 2217 3609 ex
2240 3543 2387 3608 licabun·

381 3637 516 3714 gantur;
539 3651 598 3695 nos
616 3631 801 3713 graviorem
817 3631 994 3697 asserimus
1005 3652 1076 3696 esse
1091 3631 1215 3713 peccati
1226 3651 1356 3708 noxam,
1409 3637 1473 3694 tur.
1518 3627 1667 3709 Summa,
1689 3631 1889 3714 propositam
1910 3636 2051 3694 testatur
2071 3630 2215 3715 Moses(
2250 3637 2314 3694 eut.
2338 3633 2386 3711 ll,

381 3736 479 3798 quam
507 3736 590 3798 quae
618 3723 687 3779 tam
708 3714 836 3782 levibus
857 3718 956 3800 nugis
978 3717 1142 3799 expietur,
1172 3716 1358 3801 graviorem
1411 3714 1468 3799 26)
1494 3717 1530 3780 in
1556 3716 1630 3800 lege
1656 3715 1914 3781 benedictionem
1941 3727 1974 3780 et
1997 3715 2273 3794 maledictionem,
2298 3736 2386 3781 mor·

381 3801 445 3865 Dei
467 3802 627 3866 offensam
655 3822 754 3883 quam
780 3823 864 3885 quae
891 3802 943 3867 his
965 3802 1062 3867 nihili
1083 3799 1358 3868 satisfactionibus
1410 3808 1478 3866 tem
1498 3809 1532 3867 et
1552 3802 1664 3867 vitam.
1710 3799 1864 3886 sicergo
1886 3809 2175 3885 argumentantur:
2209 3808 2266 3866 aut
2287 3801 2386 3884 bene·

381 3887 567 3951 remittatur
574 3911 582 3966 ;
613 3886 751 3970 proinde
783 3887 869 3953 hanc
900 3888 1002 3953 solius
1034 3888 1204 3971 sanguinis
1231 3885 1358 3952 Christi
1411 3886 1586 3953 dictionem
1613 3888 1711 3954 istam
1736 3887 1874 3952 otiosam
1894 3886 2192 3969 infructuosamque
2211 3885 2299 3964 ficri,
2328 3894 2387 3952 aut

379 3973 640 4056 praerogativam
673 3995 752 4038 esse.
796 3973 851 4037 Illi
875 3974 1049 4052 iustitiam,
1082 3972 1186 4041 sicubi
1218 3971 1356 4052 deficiat,
1410 3992 1478 4036 non
1510 3973 1610 4039 solius
1642 3993 1713 4039 esse
1745 3972 1821 4038 fidei
1853 3973 2125 4038 iustificationem.
2180 3970 2253 4037 lem
2285 3992 2387 4056 supra

380 4058 560 4122 instaurari
581 4058 755 4125 dicuntae
775 4059 921 4142 reparari
947 4059 1170 4125 musfactoriis
1191 4058 1358 4142 operibus;
1410 4058 1613 4124 ostendimus
1641 4056 1817 4142 quomodo,
1848 4060 1876 4123 si
1902 4059 1938 4124 in
1963 4059 2037 4144 lege
2059 4058 2270 4138 haereamus,
2298 4058 2389 4124 omni

380 4165 440 4208 nos
471 4144 695 4227 pretiosiorem
726 4166 797 4210 esse
825 4152 997 4227 putamus,
1030 4166 1131 4228 quam
1158 4151 1197 4208 ut
1223 4143 1358 4226 aequari
1410 4143 1635 4210 benedictione
1663 4143 1797 4210 defectis
1818 4144 1889 4210 sola
1909 4143 2003 4211 nobis
2021 4143 2207 4211 maledictio
2229 4144 2387 4222 imminet,

381 4229 449 4294 nlla
480 4251 616 4312 operum
649 4251 720 4297 com
763 4232 912 4296 usatione
944 4238 1057 4314 queat;
1088 4230 1162 4296 ideo
1193 4236 1231 4293 ut
1261 4229 1357 4295 resti-
1410 4250 1493 4313 quae
1509 4229 1673 4295 universis
1691 4231 1987 4315 transgressoribus
2007 4229 2113 4297 edicta
2125 4235 2182 4296 est
2210 4228 2388 4297 Nouenim

381 4321 507 4395 tratur,
535 4315 578 4380 ad
604 4316 707 4382 solam
720 4252 793 4382 liei
822 4315 1078 4382 misericordiam
1104 4314 1358 4399 confugiendum
1409 4317 1572 4398 promittit
1581 4314 1745 4381 Dominus
1765 4314 1932 4400 quidpiam
1953 4317 2017 4382 nisi
2038 4316 2192 4400 perfectis
2210 4314 2294 4412 legis
2309 4332 2388 4412 suae

381 4421 459 4466 osse
515 4401 655 4468 Caetera
692 4423 776 4485 quae
816 4403 859 4468 ad
891 4408 1100 4486 moestorum
1131 4401 1356 4468 remissionem
1410 4400 1604 4481 cultoribus,
1644 4402 1751 4485 qualis
1783 4423 1881 4468 nemo
1913 4402 2083 4486 reperitur.
2138 4400 2254 4465 Manet
2284 4404 2387 4482 igitur

380 4488 619 4569 pertinenter
641 4490 746 4572 capite
760 4490 945 4573 proximet
966 4495 1128 4571 petantur.
1408 4486 1499 4567 illud,
1522 4495 1628 4552 tetum
1649 4488 1822 4553 hominum
1844 4509 1949 4572 genus
1969 4509 2029 4572 per
2050 4486 2156 4569 legem
2178 4484 2287 4567 argui,
2316 4504 2387 4548 ma·

722 4628 725 4638 ,
1408 4573 1575 4639 ledietioni
1595 4580 1629 4638 et
1649 4573 1719 4639 irae
1737 4574 1801 4639 Dei
1813 4573 2006 4641 obnoxium:
2029 4594 2050 4637 a
2070 4591 2135 4654 qua
2152 4575 2189 4633 ut
2206 4568 2385 4649 solvantur,

1409 4665 1607 4741 epotcstate
1684 4659 1691 4673 '
1732 4661 1824 4725 exire
1846 4680 1978 4725 necesse
1999 4663 2063 4735 est,
2086 4663 2119 4720 et
2141 4653 2233 4719 velut
2253 4654 2294 4718 ab
2316 4655 2386 4719 eius
2445 4722 2458 4739 s

698 4763 850 4831 CAPUT
872 4762 986 4828 XVII⁸
1001 4761 1031 4848 a)
1409 4746 1567 4811 servitute
1587 4744 1667 4810 inli
1709 4752 1830 4812 rtatem
1851 4744 1965 4810 asseri:
1988 4762 2056 4806 non
2073 4739 2237 4806 carnalem
2254 4738 2386 4822 quidem

517 4899 524 4915 ⁸
1408 4829 1513 4911 illam,
1541 4852 1623 4914 quae
1650 4831 1691 4899 ab
1713 4830 1939 4898 observatione
1959 4827 2042 4910 legis
2061 4846 2120 4891 nos
2142 4824 2315 4905 subducat,
2343 4821 2386 4890 ad

381 4899 715 4984 Promissionum
759 4905 871 5016 legis
913 4917 958 4988 et
1003 4903 1214 5016 evangelii
1257 4933 1355 4987 con·
1409 4938 1521 4982 rerum
1554 4918 1701 4983 omnium
1726 4917 1895 4983 licentiam
1925 4912 2059 5010 inritet,
2092 4910 2386 5010 concupiscentiam

784 5024 940 5108 efflatio
1408 5010 1572 5084 uestram,
1594 5003 1687 5070 velut
1704 5003 1811 5087 ruptis
1832 4997 2014 5098 repagulis,
2037 5003 2095 5061 aut
2113 4996 2225 5062 effusis
2247 4996 2385 5063 habenis

942 5089 951 5107 '
1408 5089 1559 5156 lascivire
1579 5087 1762 5173 permittat;
1783 5084 1841 5152 sed
1862 5082 2074 5169 spmtualem,
2096 5102 2181 5166 quae
2200 5083 2387 5168 perculsam

469 5192 495 5250 1,
540 5185 637 5251 Nunc
664 5205 901 5270 persequamur
928 5190 993 5256 alja
1014 5212 1142 5276 (Imque
1162 5198 1357 5278 argumenta
1409 5183 1444 5241 et
1465 5181 1709 5242 consternatam
1733 5172 1965 5238 conscientiam
1986 5169 2110 5269 soletm
2136 5176 2170 5233 et
2196 5169 2243 5234 eri
2287 5176 2316 5248 t,
2344 5168 2385 5233 li-

1409 5261 1522 5326 berum
1553 5261 1645 5327 illam
1676 5255 1850 5324 ostendens
1882 5254 2153 5322 amaledrctione
2181 5276 2220 5321 ac

389 5397 405 5422 κ,
1408 5347 1514 5426 tione,
1542 5368 1608 5429 qua
1633 5344 1726 5410 illam
1754 5342 1809 5407 lex
1837 5342 1984 5410 vinctam
2010 5363 2049 5408 ac
2073 5340 2283 5408 constrictam
2310 5359 2385 5422 pre-

381 5425 1033 5551 hamllcfquflwwgaffiffissmmglh
1129 5429 1358 5553 &mmmm
1409 5432 1527 5498 mebat
1556 5432 1656 5496 Hanc
1672 5451 1693 5494 a
1714 5428 1913 5496 subiectione
1934 5427 2017 5514 legis
2036 5425 2263 5492 liberationem
2281 5431 2324 5505 et,
2349 5431 2386 5490 ut

381 5558 445 5618 ltbir'
463 5513 533 5633 Capi.)
548 5563 673 5620 ili-V.
695 5566 836 5620 habeatur.
874 5560 954 5634 Quod
975 5565 1032 5620 iam
1055 5512 1212 5619 hicqucgcatat
1231 5567 1357 5635 proxime

381 5631 420 5686 od
441 5633 499 5687 elic
523 5633 642 5688 lectoren
667 5635 792 5703 ablegare
816 5633 930 5701 vidam,
957 5636 1014 5688 eive
1029 5633 1223 5703 praecederit&
1242 5635 1298 5687 eive
1316 5647 1356 5686 se·

380 5703 491 5770 flentis
511 5705 617 5756 must.
686 5699 863 5772 8)0f.0u1a
880 5703 918 5760 Χ.
934 5703 958 5771 ὅ.
975 5701 1098 5757 si-ia
1479 5702 1509 5769 1)
1527 5701 1574 5758 tie
1591 5705 1656 5759 bene
1672 5701 1742 5758 ioca
1759 5711 1785 5759 et
1800 5719 1872 5776 seqq.
1906 5704 1998 5759 Antea
2021 5702 2152 5769 mium
2174 5703 2234 5754 erat
2251 5698 2385 5759 dixeritis.
