5600 6809
396 745 463 809 39⁷
637 721 728 808 LIB.
749 742 814 806 III.
857 743 921 807 DE
944 740 1080 808 MODO
1101 742 1452 819 PERCIPIENDAE
1475 741 1668 808 CHRISnI
1690 742 1910 809 ansulam
1956 744 2055 810 CAP.
2078 745 2105 810 Ι.
2128 745 2174 810 Π.
2348 751 2411 812 398

397 929 445 998 ld
462 930 520 996 boc
541 930 591 995 elli
609 930 778 1012 proprium
802 951 919 994 munus
941 931 1095 1028 attribuit,
1117 951 1280 1015 supparare
1301 898 1400 1012 quac¹
1432 931 1588 997 historiae
1620 953 1798 997 assensum
1845 931 1915 997 Imo
1947 954 2043 1013 quum
2074 935 2110 998 in
2141 935 2256 1001 scholis
2287 936 2326 1001 de
2348 937 2411 1018 fide

398 1019 469 1099 ipse
490 1037 542 1082 ore
562 1017 724 1095 docuerat,
751 1017 828 1097 quia
853 1017 977 1099 fnestra
1004 1036 1102 1080 cacas
1123 1017 1179 1081 lua
1207 1038 1240 1081 se
1261 1019 1382 1099 offerret
1433 1018 1611 1100 disputant,
1645 1017 1749 1082 Duun
1776 1019 1845 1082 eires
1871 1019 2019 1083 obiectum
2050 1021 2235 1101 simpliciter
2267 1024 2410 1102 vocando,

398 1103 626 1255 &simmatus
650 1102 702 1167 illc
727 1102 946 1186 intelliqentiae
973 1103 1109 1253 upegsrtet
1136 1103 1381 1254 rnentrsthogulos,
1433 1105 1567 1168 evanida
1590 1104 1796 1254 malm
1826 1103 1876 1186 (ut
1902 1104 2157 1202 alibidiximus)
2186 1109 2321 1172 miseras
2342 1109 2411 1207 ani}

399 1274 492 1340 aa
506 1207 1117 1355 ...ttldttttffltttttmt
1130 1209 1242 1340 titt
1257 1209 1382 1339 ...tt
1432 1194 2411 1358 lttt⁰¹⁰²t..'tttt³tllt.tt“tttt.tt²'ttdt

383 1360 500 1427 'mern
526 1362 569 1426 ad
596 1360 772 1425 uidendum
817 1360 893 1427 Ideo
915 1359 1039 1425 Paulus
1061 1359 1095 1444 (2
1115 1359 1188 1425 Cor.
1208 1366 1236 1439 3,
1257 1358 1291 1445 6)
1314 1365 1381 1424 tan
1435 1359 1596 1425 Christum
1622 1380 1780 1425 occurrere
1807 1362 1944 1426 medium
1969 1382 2088 1427 necesse
2114 1369 2166 1427 est.
2218 1363 2303 1428 Unde
2330 1369 2412 1429 etse

399 1452 503 1527 tepere
524 1446 712 1511 commendat
732 1446 942 1511 ministerium
963 1446 1099 1528 spiritus
1105 1470 1115 1524 ,·
1136 1448 1214 1527 quia
1228 1448 1296 1511 sine
1306 1466 1381 1526 prc-
1434 1447 1538 1511 lumen
1558 1447 1670 1510 mandi
1690 1451 1776 1511 cocat
1798 1445 1926 1532 (lenna.
1946 1450 1975 1525 8,
1998 1448 2066 1529 12),
2089 1454 2118 1513 ct
2139 1449 2225 1528 alibi,
2247 1451 2341 1529 amm,
2363 1472 2411 1513 oc-

399 1532 482 1616 fcdn
513 1533 682 1597 clarnareut
712 1532 847 1596 dederes
878 1532 944 1596 nisi
972 1530 1118 1596 Christus
1149 1534 1218 1614 ipse
1250 1533 1381 1597 interior
1433 1533 1558 1596 ritatem
1583 1533 1729 1596 eludam
1750 1531 1842 1612 (ibid.
1865 1530 1989 1617 14‚6).·
2017 1534 2096 1614 quia
2123 1536 2167 1599 ad
2186 1540 2325 1614 patrem,
2354 1539 2411 1616 qui

400 1619 550 1700 mapistu
575 1639 632 1683 suc
652 1618 771 1699 spiritu
792 1619 835 1682 ad
855 1638 888 1681 se
908 1617 1057 1695 traheret,
1086 1619 1144 1698 qui
1170 1619 1238 1683 dati
1259 1623 1331 1682 sunt
1360 1639 1382 1682 a
1432 1617 1504 1699 fons
1525 1622 1570 1682 est
1590 1619 1688 1694 citae,
1711 1618 1777 1681 nisi
1789 1638 1849 1698 per
1869 1621 1975 1699 ipsum
1997 1640 2084 1684 nemo
2104 1622 2204 1700 cenit;
2226 1622 2306 1702 quia
2326 1621 2412 1686 solus

396 1709 498 1787 patre.
531 1703 618 1787 Erpa
638 1704 719 1769 sicud
740 1705 775 1767 in
789 1702 908 1768 Christi
923 1723 1063 1783 persona
1083 1705 1218 1784 reperiri
1239 1705 1382 1768 ammas
1427 1707 1553 1783 putrem
1578 1704 1744 1785 capnoscit,
1777 1704 1889 1768 deinde
1913 1704 2020 1784 fideles
2047 1707 2158 1786 quibem
2186 1726 2257 1770 eum
2282 1708 2413 1772 coluerit

397 1789 567 1874 perfectam
583 1790 724 1866 salutem,
747 1790 802 1868 ita,
823 1795 858 1853 ut
878 1789 996 1869 flamm
1017 1790 1085 1853 eius
1101 1790 1284 1871 participes,
1307 1789 1381 1871 bap
1428 1788 1606 1870 patefacere
1634 1788 1731 1869 (Luc.
1755 1793 1809 1866 10,
1835 1788 1900 1874 22).
1952 1790 2127 1856 Secundmn
2153 1791 2232 1858 banc
2258 1793 2411 1857 rationem

399 1876 477 1940 haut
507 1895 564 1940 nos
600 1877 637 1940 in
671 1875 788 1955 spiritu
826 1879 930 1939 saneto
963 1880 991 1939 et
1022 1876 1090 1958 iqui
1129 1875 1226 1956 (Luc.
1253 1878 1287 1953 3,
1315 1875 1379 1959 16),
1436 1873 1561 1938 Pardus
1582 1874 1665 1938 nihil
1680 1895 1713 1938 sc
1724 1876 1845 1956 capuita
1857 1876 2007 1940 eximium
2025 1876 2136 1943 ducere
2153 1878 2268 1944 asserit
2282 1883 2411 1958 praeter

398 1960 588 2028 &minans
610 1982 667 2026 nos
688 1961 724 2024 in
744 1961 895 2044 ecanpelii
916 1961 968 2024 sui
987 1961 1096 2042 fidem
1119 1966 1211 2042 atque
1232 1961 1279 2025 ita
1300 1982 1382 2044 repc-
1436 1957 1597 2024 Christcun
1638 1959 1739 2025 lCer.
1753 1964 1782 2039 2,
1803 1960 1838 2043 2)
1844 1985 1854 2040 ,·
1876 1967 1904 2024 et
1925 1961 2076 2027 Actorum
2096 1964 2243 2047 cipesimo
2264 1983 2298 2029 se
2312 1984 2409 2044 prae-

374 2062 515 2113 'aerans
535 2053 571 2112 ut
591 2048 692 2112 amus
713 2067 809 2111 nacae
830 2051 1003 2125 creaturae,
1024 2053 1052 2111 et
1067 2046 1215 2129 profanis
1237 2046 1382 2111 sordibus
1433 2046 1555 2111 dicasse
1580 2067 1599 2109 r
1629 2050 1675 2109 ert
1698 2045 1791 2126 fdun
1818 2047 1854 2110 in
1883 2045 2058 2127 Cluatium·
2087 2054 2115 2113 et
2142 2050 2221 2114 uici
2252 2047 2410 2114 Clrmstum

394 2138 548 2218 ptupatos
567 2134 604 2198 in
624 2137 733 2199 sancta
753 2132 822 2198 Deo
843 2132 956 2213 templa
976 2138 1138 2198 consecrat.
1434 2133 1481 2195 ita
1501 2131 1669 2212 aeneum
1688 2132 1824 2196 inducit:
1845 2134 1967 2196 mittam
1988 2138 2016 2197 te
2035 2135 2118 2198 inter
2135 2140 2253 2218 quites,
2274 2141 2310 2198 ut
2331 2136 2410 2200 acci-

1427 2218 1522 2298 piant
1541 2218 1754 2282 remissionem
1775 2223 1970 2298 peccatorum
1996 2224 2025 2282 et
2044 2226 2156 2285 serien
2176 2221 2409 2301 intermunus,

1427 2323 1489 2385 per
1513 2303 1608 2384 fidem
1631 2323 1710 2384 quae
1737 2305 1838 2368 estin
1857 2325 1905 2368 me
1925 2303 2013 2388 (Act.
2033 2309 2089 2383 26,
2111 2303 2175 2391 17).
2218 2306 2263 2370 Et
2286 2306 2410 2371 Paulus

758 2438 909 2507 aare
930 2440 975 2506 n
994 2439 1020 2525 1>
1432 2389 2002 2542 bulltmblbbllbllbl
2027 2390 2179 2540 affl
2197 2392 2418 2542 llll-“³³

1477 2495 1576 2572 ur,v
1611 2495 1678 2573 Rq.
1750 2562 1756 2574 .
1874 2563 1880 2575 ⁸
1922 2527 1928 2553 ,
1988 2497 2055 2540 uma
2110 2497 2302 2577 mnemcopn
2327 2497 2410 2542 conus

399 2601 466 2685 De
502 2600 606 2682 fide:
645 2599 720 2681 ubi
756 2610 801 2681 et
837 2599 1025 2682 definitio
1065 2600 1155 2682 eius
1191 2600 1378 2711 ponitur,
1429 2559 1713 2709 {mlliffi
1726 2562 2023 2729 ffifassplffl‘
2039 2562 2194 2713 35⁶3ss
2215 2565 2342 2730 {2⁴22ss
2354 2568 2410 2714 ff

459 2732 505 2804 et
535 2719 802 2831 explicantur
834 2748 942 2828 quae
973 2719 1106 2802 habet
1135 2721 1316 2832 propria.
1432 2731 1566 2796 mudum
1587 2736 1646 2828 est,
1673 2735 1710 2880 ig
1730 2738 1876 2830 mmsca
1897 2753 1987 2813 qiam
2003 2699 2061 2798 ’ille
2081 2735 2170 2798 misc
2191 2733 2299 2799 Iesum
2323 2733 2412 2834 Oura

486 2909 513 2969 l.
566 2903 682 2968 Verum
703 2903 778 2967 llaec
799 2903 905 2967 omnia
926 2903 1046 2983 capuita
1065 2902 1178 2985 facilia
1201 2909 1299 2983 murat,
1321 2902 1379 2966 ubi
1431 2817 1686 2966 dobmirrdlllblet
1711 2818 1984 2985 ffiquseoprrpiepl
2004 2818 2410 2987 allusioollcllrllculfilibellelqbl’ll·t

392 2992 500 3072 posita
531 2989 631 3072 fucrit
663 2990 782 3054 clarior
807 2988 885 3069 fdei
909 2988 1064 3069 definitio,
1097 2994 1133 3052 nt
1164 2991 1229 3053 cim
1256 2990 1325 3053 eiras
1351 2993 1380 3053 et
1430 2988 1508 3068 qnid
1528 2987 1658 3052 habebat
1673 2993 1779 3069 pater,
1807 2989 1894 3070 apud
1915 2990 2110 3070 unipcnitum
2131 2990 2285 3070 deposum
2314 2997 2348 3055 ut
2372 2993 2410 3056 in

398 3081 547 3142 aduram
575 3080 697 3141 teneant
731 3075 865 3140 ledones.
915 3073 1065 3154 Repetam
1092 3079 1195 3139 antem
1227 3076 1379 3138 nurncria
1431 3094 1465 3138 eo
1486 3093 1519 3136 sc
1534 3073 1732 3154 patefaceret,
1755 3080 1791 3138 ut
1813 3076 1886 3154 ipsa
1904 3073 2053 3137 buconem
2070 3076 2341 3140 communicatione
2357 3097 2409 3140 cu-

397 3163 536 3228 conuenit
556 3181 636 3242 quae
658 3166 730 3226 ante
751 3161 872 3226 tradita
893 3160 1030 3242 fuerunt,
1053 3180 1149 3241 quum
1170 3161 1263 3224 Deus
1283 3160 1378 3224 nobis
1426 3160 1578 3238 primerct
1603 3180 1709 3224 umam
1727 3161 1848 3242 pariae
1869 3180 1947 3224 suae
1966 3160 2136 3241 imapinem
2174 3164 2192 3222 2
2212 3160 2285 3224 Cor.
2306 3168 2343 3239 4,
2363 3163 2408 3245 6).

396 3249 584 3333 perlegam
605 3245 817 3330 praescribat,
840 3245 917 3328 quid
940 3243 1106 3328 agendum
1127 3246 1179 3324 sit,
1203 3247 1231 3310 si
1253 3268 1319 3329 qua
1342 3245 1377 3308 in
1433 3243 1595 3324 Siquidem
1614 3250 1650 3308 ut
1670 3247 1787 3311 dictum
1809 3251 1867 3325 est,
1896 3245 2014 3327 spiritu
2035 3250 2141 3310 nostr
2182 3247 2196 3308 i
2217 3251 2409 3326 oporterent

396 3341 489 3418 parte
506 3333 590 3416 lapsi
606 3333 775 3411 fuerimus,
797 3331 943 3397 terribile
960 3330 1041 3395 illud
1066 3329 1153 3414 quod
1175 3331 1273 3397 edicit
1289 3353 1377 3395 mor·
1430 3331 1473 3393 ad
1496 3328 1656 3395 Christum
1676 3333 1885 3413 quaerentum
1907 3332 2085 3410 incitemur,
2113 3331 2160 3395 ita
2185 3332 2325 3396 misma
2345 3352 2408 3396 ma

397 3422 441 3486 tis
473 3426 627 3485 aeternae
660 3418 817 3484 iudicium
850 3417 944 3482 nobis
981 3417 1162 3482 incumbere.
1217 3417 1375 3495 Rursum,
1429 3417 1524 3481 nendi
1549 3437 1662 3481 sumus
1688 3417 1878 3482 invisibilem
1900 3423 2026 3499 patrem
2047 3438 2109 3482 non
2130 3417 2222 3496 alibi,
2249 3438 2346 3498 mmm
2371 3419 2408 3482 in

397 3507 472 3590 quia
503 3526 573 3569 non
604 3504 701 3568 modo
727 3502 882 3583 arduum,
916 3503 974 3568 sed
999 3524 1133 3585 prorsus
1160 3524 1260 3585 supra
1289 3504 1376 3568 vires
1428 3501 1487 3567 hac
1513 3504 1650 3587 imapinc
1676 3504 1885 3584 quaerundum
1911 3523 1984 3567 esse.
2031 3503 2101 3585 Qua
2128 3504 2167 3568 de
2193 3524 2229 3570 re
2253 3505 2408 3588 clepanter
2438 3548 2443 3561 .
2533 3542 2536 3550 ·

397 3600 554 3675 miraque
580 3611 712 3655 omnem
735 3597 883 3654 nostram
903 3589 1092 3654 facultatem
1113 3595 1163 3653 est
1184 3589 1291 3672 legem
1312 3589 1376 3652 im-
1429 3587 1648 3671 Aupustinus,
1661 3586 1686 3673 ¹)
1711 3591 1766 3670 qui
1787 3590 1825 3654 dc
1844 3589 1919 3670 fidei
1939 3609 2028 3669 scopo
2048 3590 2219 3670 disserens,
2246 3590 2407 3655 sciendum

396 3677 485 3761 plere
506 3684 544 3741 ut
564 3676 681 3759 exigit:
712 3677 740 3741 si
761 3697 822 3741 nos
844 3675 1006 3740 duntaxat
1026 3676 1114 3757 ipsos
1136 3675 1319 3753 intuemur,
1343 3683 1376 3739 et
1428 3695 1493 3739 esse
1513 3675 1611 3739 tradit
1631 3695 1692 3755 quo
1712 3677 1754 3739 sit
1774 3675 1911 3740 mudum
1931 3679 1959 3739 et
1979 3696 2059 3755 qna;
2085 3681 2151 3741 tum
2177 3678 2320 3741 continuo
2335 3682 2407 3759 part

397 3784 479 3847 quae
506 3763 634 3827 meritis
662 3763 782 3826 nostris
809 3761 908 3845 digna
935 3763 979 3826 sit
1006 3760 1147 3826 conditio
1175 3768 1374 3844 reputamus,
1427 3760 1557 3843 collipit,
1590 3761 1837 3825 munitissimam
1864 3762 2016 3825 adversus
2044 3782 2148 3826 mines
2175 3783 2295 3828 errores
2320 3765 2406 3827 uiam

396 3849 481 3913 nihil
502 3849 606 3912 bonae
628 3849 697 3930 spei
719 3869 789 3912 esse
809 3848 986 3929 reliquum,
1017 3846 1074 3911 sed
1096 3869 1116 3911 a
1136 3846 1210 3911 Deo
1232 3847 1375 3912 abiectos
1427 3866 1492 3911 csse
1512 3846 1641 3910 eundern
1659 3845 1763 3910 Deum
1784 3852 1812 3911 et
1832 3846 1992 3910 huminem.
2035 3846 2140 3910 Deum
2158 3849 2242 3910 enim
2258 3869 2325 3913 esse
2344 3870 2405 3932 quc

395 3935 455 4001 sub
488 3939 609 3998 adarna
636 3934 765 3997 interitu
792 3934 903 3998 iacere.
956 3933 1030 3998 Hoc
1058 3935 1148 3998 tertio
1177 3933 1375 4015 explicatum
1426 3932 1595 4010 tendimus,
1625 3932 1779 3995 homiuum
1806 3952 1870 4013 qua
1896 3933 1997 3995 imus:
2024 3937 2188 4011 utrumque
2214 3938 2316 3996 antem
2344 3956 2406 3999 naa

395 4021 459 4085 fuit
479 4040 580 4084 unam
601 4040 672 4084 esse
690 4019 885 4084 liberationis
908 4020 1069 4082 rationem
1091 4039 1170 4099 qnae
1191 4039 1248 4082 nos
1268 4041 1289 4083 a
1309 4024 1375 4083 tam
1426 4018 1492 4082 nisi
1514 4019 1549 4081 in
1564 4017 1686 4081 Christo
1707 4018 1854 4082 inueniri.
1882 4017 1948 4083 Nec
1968 4037 2040 4082 vero
2062 4017 2195 4096 Paulus,
2215 4019 2292 4084 dum
2310 4019 2405 4098 'iden

396 4107 514 4171 misera
534 4105 710 4170 calamitate
731 4108 836 4169 munt:
856 4104 910 4168 uhi
928 4109 1061 4184 apparet
1075 4103 1220 4169 Christus
1236 4105 1376 4183 redemp
1426 4123 1502 4186 erpa
1528 4102 1634 4167 Deum
1654 4103 1836 4184 praedimt,
1864 4104 1900 4167 in
1926 4105 2032 4168 anima
2059 4103 2147 4169 tiabat
2174 4109 2302 4168 mertare
2324 4107 2405 4184 quod

396 4196 451 4273 tor,
468 4212 531 4274 per
547 4193 639 4257 cuius
650 4211 781 4256 manmn
797 4190 934 4254 coeledis
945 4194 1047 4270 pater,
1064 4209 1128 4269 pro
1145 4209 1205 4252 aaa
1222 4189 1375 4253 immensa
1427 4191 1514 4252 toties
1541 4188 1676 4253 incident
1702 4189 1740 4253 de
1758 4189 1833 4270 fide,
1861 4210 1941 4270 quae
1968 4196 2063 4255 totam
2088 4210 2182 4254 uram
2207 4189 2405 4254 stabilitatem

396 4278 527 4344 mndata
552 4282 582 4342 et
601 4277 760 4342 elementia
780 4276 881 4339 nostri
900 4276 1061 4353 misertus,
1089 4294 1267 4340 mammone
1287 4275 1376 4339 nobis
1425 4273 1515 4339 habet
1547 4275 1581 4338 in
1615 4273 1745 4339 Christo.
1799 4274 1914 4340 Petrus
1945 4296 2017 4342 cero
2047 4277 2209 4358 aptissime
2239 4280 2405 4355 utrnnsque

397 4365 508 4430 uolui:
539 4364 696 4446 siquidem
727 4368 756 4426 et
787 4361 890 4426 solida
920 4360 983 4442 fide
1014 4359 1264 4424 misericordiam
1295 4359 1375 4424 hanc
1425 4361 1584 4439 mnnedit,
1624 4361 1728 4425 dicens
1757 4381 1819 4440 per
1857 4362 1965 4441 ipsum
1998 4382 2053 4427 nos
2084 4362 2120 4426 in
2150 4362 2255 4426 Deum
2286 4361 2405 4426 aedera

395 4450 625 4532 amplectimur,
657 4453 685 4514 et
716 4450 752 4513 in
780 4449 854 4529 ipsa
881 4447 1034 4512 constanti
1061 4466 1115 4528 spe
1141 4446 1373 4525 acquiescimus.
1426 4444 1459 4530 (l
1479 4446 1570 4511 Patr.
1595 4451 1622 4524 l,
1642 4445 1707 4531 21).

394 4534 466 4602 Hoc
487 4558 565 4603 vero
585 4557 674 4601 nunc
692 4532 877 4618 expendere
895 4532 1056 4609 convenit,
1080 4531 1185 4614 qualis
1203 4551 1274 4594 esse
1292 4531 1373 4596 haec
1512 4535 1541 4596 2.
1572 4531 1601 4617 2)
1612 4532 1698 4615 Erpa
1718 4532 1780 4598 hoc
1801 4532 1935 4610 malum,
1958 4540 1996 4596 ut
2012 4533 2077 4597 alia
2093 4534 2275 4610 innumera,
2298 4529 2403 4596 Scho-

394 4621 474 4687 fides
496 4620 620 4700 debeat,
643 4642 703 4704 per
723 4640 821 4703 quam
845 4618 940 4703 regni
962 4618 1112 4683 coelestis
1133 4617 1373 4700 possessionem
1423 4616 1548 4684 lastieis
1574 4625 1743 4700 acceptum
1768 4619 1883 4683 referri
1910 4641 1972 4702 par
1997 4626 2061 4697 est,
2089 4618 2146 4700 qui
2171 4617 2254 4680 uelut
2279 4616 2404 4681 obducto

395 4707 517 4773 adeunt
548 4708 732 4789 quicunque
765 4705 909 4789 adoptati
942 4710 1021 4769 sunt
1053 4704 1172 4769 aDeo
1204 4703 1239 4766 in
1271 4703 1370 4768 filios:
1424 4703 1489 4768 celo
1512 4703 1673 4769 Christum
1693 4709 1846 4784 manunt,
1873 4706 1910 4769 in
1937 4706 2028 4769 cuim
2054 4704 2202 4766 intuitum
2227 4703 2293 4767 nisi
2319 4707 2402 4767 reda

394 4791 525 4877 quando
546 4798 658 4857 tantae
678 4793 728 4856 rei
748 4791 938 4858 efficiendae
959 4812 1025 4855 non
1047 4788 1227 4873 quamlibet
1248 4790 1372 4872 opinio·
1424 4791 1677 4869 intermisimus,
1706 4812 1768 4873 per
1789 4790 1902 4855 multos
1928 4787 2118 4871 labyrinthos
2143 4808 2263 4870 senrper
2288 4790 2403 4872 vapori
2430 4788 2432 4793 ’

394 4899 470 4944 nem
503 4884 562 4942 aut
594 4878 694 4942 etiam
719 4879 963 4960 persuasionem
989 4897 1103 4960 parem
1132 4896 1203 4940 csse
1234 4882 1370 4940 constet.
1424 4877 1580 4959 continpet.
1611 4877 1848 4960 Praeterquam
1870 4896 1940 4940 uero
1960 4871 2047 4956 quod
2065 4873 2243 4957 caliginosa
2264 4895 2325 4940 sua
2346 4874 2402 4940 de-

395 4965 504 5048 Atque
526 4984 565 5028 eo
586 4965 707 5027 maiora
729 4983 808 5028 cura
828 4970 861 5028 et
882 4962 989 5028 studio
1001 4961 1202 5045 dispicienda
1217 4968 1269 5026 ast
1278 4961 1371 5027 nobis
1423 4962 1571 5027 finitione
1592 4968 1696 5028 iatam
1712 4964 1781 5028 vim
1801 4961 1879 5026 fidei
1900 4960 2054 5025 deterunt
2075 4979 2112 5025 ac
2125 4960 2192 5042 fere
2207 4961 2401 5040 erinaniuut,

395 5058 428 5116 et
448 5048 660 5133 disquirenda
681 5068 838 5132 germana
857 5048 934 5113 fidei
955 5050 1150 5132 proprietas,
1175 5068 1239 5130 quo
1260 5049 1371 5130 perni-
1424 5053 1625 5113 commentum
1643 5049 1854 5131 fabricarunt,
1882 5045 2053 5127 implicitae
2071 5045 2164 5126 fidei,
2191 5066 2252 5126 quo
2278 5048 2401 5112 nemim

396 5137 511 5201 ciosior
533 5135 629 5200 hodie
651 5141 701 5200 est
722 5135 758 5198 in
779 5134 842 5200 hae
851 5142 946 5218 parte
958 5135 1138 5199 multorum
1149 5133 1370 5199 hallucinatio.
1424 5136 1658 5201 assassinium
1679 5133 1888 5216 mumditiam
1911 5135 2057 5195 mnanhs
2076 5131 2210 5197 mamae
2225 5131 2401 5213 plebeculae

396 5219 568 5305 Siquidem
584 5220 671 5287 bona
689 5240 768 5304 pars
784 5220 880 5299 orbis,
904 5221 1017 5286 audito
1035 5222 1106 5285 cius
1123 5220 1263 5298 nomine,
1286 5219 1372 5284 nihil
1424 5239 1495 5285 arm
1514 5242 1631 5304 mapna
1646 5221 1788 5301 pernicie
1803 5217 1948 5282 mudum.
1983 5215 2052 5280 Ima
2072 5218 2121 5302 (nt
2136 5219 2242 5284 verius
2262 5222 2289 5282 et
2310 5238 2401 5296 aper·

396 5308 492 5374 altius
514 5309 654 5392 concipit
674 5327 774 5391 quam
793 5305 966 5390 vulgarem
984 5306 1147 5389 quendam
1164 5305 1372 5388 evangelicae
1424 5307 1489 5371 tius
1508 5307 1612 5372 dicam
1633 5307 1715 5387 quod
1731 5324 1782 5368 res
1798 5308 1856 5386 est)
1877 5308 2078 5368 commeritum
2098 5303 2152 5369 hcc
2172 5323 2285 5370 veram
2302 5300 2399 5365 fidem

397 5482 462 5491 ——.
471 5485 599 5491 ——.---

463 5598 493 5665 1)
510 5597 575 5653 Huc
592 5600 756 5653 mandatum
777 5598 860 5653 habes
874 5597 1064 5666 praecedentis
1081 5593 1210 5648 editionis
1230 5590 1318 5659 Caput
1341 5593 1372 5647 V.
1494 5595 1523 5662 1)
1549 5595 1623 5647 Libr.
1642 5593 1684 5645 11.
1711 5594 1745 5645 de
1769 5593 1870 5648 civitat.
1895 5596 1945 5648 Dai
1973 5613 1993 5649 s.
2017 5595 2041 5648 2.
2112 5593 2142 5660 2)
2171 5592 2219 5645 Ad
2240 5592 2263 5658 §.
2286 5591 2304 5644 2
2327 5598 2352 5646 et
2373 5592 2398 5645 3.

396 5666 444 5722 aa
459 5670 537 5722 carm
553 5674 662 5722 aucmm
679 5673 704 5722 ct
720 5667 925 5735 mmspocihim
1424 5663 1459 5728 ef.
1477 5678 1564 5729 aspra
1581 5662 1651 5716 dicti
1668 5660 1733 5730 Cap.
1750 5661 1779 5715 V.
1799 5662 1822 5728 §.
1840 5662 1868 5719 2.
1883 5663 1925 5718 31.
1944 5663 1986 5718 st.
