5600 6809
321 883 326 891 κ
362 803 420 866 tel
712 800 804 868 LIB.
824 798 885 865 IV.
928 798 992 864 Du
1013 794 1252 864 EXTERNIS
1273 794 1526 863 MEDUSAD
1548 795 1779 864 SALUTEM.
1824 797 1923 864 CAP.
1947 797 2011 863 ΙΠ.
2304 799 2365 860 782

360 989 550 1054 missionem
577 996 792 1070 peecatorum.
837 987 947 1051 Antea
980 994 1090 1051 autem
1122 985 1339 1052 mandaverat
1389 985 1515 1049 servari
1537 987 1754 1051 communiter
1781 985 1892 1063 debet,
1921 995 1959 1050 ut
1986 987 2054 1051 suis
2082 986 2218 1070 quisque
2244 985 2367 1052 finibus

361 1082 400 1139 ut
417 1095 510 1140 saera
527 1072 674 1159 symbola
691 1072 835 1155 corporis
853 1080 887 1136 et
904 1072 1075 1155 sanguinis
1093 1071 1146 1136 sui
1163 1071 1205 1136 ad
1226 1092 1337 1136 exem·
1389 1077 1562 1135 contentus
1579 1070 1616 1134 in
1634 1072 1774 1136 alienam
1791 1073 1992 1156 provinciam
2009 1092 2078 1137 non
2095 1073 2265 1155 irrumpat.
2297 1071 2367 1138 Neo

361 1159 453 1242 plum
475 1181 572 1225 suum
590 1158 831 1225 distribuerent.
864 1157 919 1222 En
936 1164 1093 1236 sanctam,
1116 1157 1338 1223 inviolabilem
1390 1155 1575 1220 humanum
1596 1165 1647 1220 est
1666 1158 1853 1236 inventum,
1876 1158 1934 1223 sed
1954 1157 2020 1223 Dei
2041 1158 2145 1241 ipsius
2165 1157 2364 1223 institutum.

361 1254 617 1329 perpetuamque
645 1244 750 1330 legem
772 1243 959 1326 impositam
979 1243 1019 1308 iis
1041 1243 1155 1326 quiin
1177 1242 1338 1325 apestolo-
1389 1239 1550 1325 Legimus
1572 1243 1661 1306 enim
1683 1242 1771 1327 (Aet.
1798 1249 1846 1322 14,
1869 1246 1926 1329 23)
1956 1243 2100 1311 Ρο0100
2122 1253 2155 1308 00
2175 1243 2366 1308 Barnabam

361 1352 437 1395 rum
458 1330 782 1407 lecum'suecedunt,
810 1350 874 1412 qua
894 1327 1087 1393 mandatum
1111 1329 1276 1411 accipiunt
1297 1327 1338 1392 de
1390 1344 1518 1392 creasse
1546 1348 1605 1411 per
1627 1328 1773 1413 singulas
1795 1330 2043 1414 Lystrensium,
2070 1330 2365 1408 Antiochenerum,

362 1418 522 1500 evangelii
550 1416 790 1499 praedicatione
818 1423 852 1479 et
877 1422 1157 1479 sacramentorum
1180 1413 1338 1479 adminis-
1362 1420 1364 1498 ,
1389 1411 1538 1477 Iconium
1558 1414 1711 1478 ecclesias
1734 1414 1956 1500 presbyterem
1983 1423 2016 1480 et
2040 1416 2168 1480 Paulus
2194 1415 2264 1499 ipse
2291 1417 2366 1480 'l'ite

360 1504 509 1567 00001000.
554 1501 650 1568 Unde
678 1501 877 1584 colligimus,
908 1521 962 1564 ees
983 1500 1039 1581 001
1062 1509 1238 1583 utrumque
1259 1500 1337 1564 isto-
1389 1499 1549 1581 praecipit
1576 1506 1613 1563 00
1641 1499 1819 1582 oppidatim
1847 1503 2054 1587 presbyteros
2081 1502 2256 1584 0000010000
2284 1501 2365 1586 (Tit.

361 1608 437 1653 rum
458 1589 644 1673 negligunt,
667 1586 748 1652 salso
770 1601 961 1668 praetexere
983 1584 1205 1668 apostolorum
1226 1605 1337 1666 perso-
1393 1589 1420 1658 1,
1444 1585 1489 1668 5).
1534 1582 1590 1650 Sic
1613 1586 1690 1650 alibi
1713 1586 1815 1670 (Phil.
1843 1592 1868 1665 1,
1896 1587 1928 1669 l)
1958 1588 2220 1670 Philippensium
2243 1587 2366 1668 episeo-

361 1696 448 1738 nam.
483 1673 571 1755 Quid
590 1685 699 1739 autem
717 1671 886 1756 pastores?
920 1671 1045 1737 Paulus
1063 1693 1128 1735 non
1147 1670 1187 1735 de
1209 1692 1245 1735 se
1266 1672 1338 1754 ipso
1388 1688 1457 1751 pos,
1482 1675 1515 1733 et
1537 1670 1614 1735 alibi
1643 1670 1726 1755 (Col.
1750 1678 1779 1751 4,
1807 1675 1860 1755 11)
1890 1674 2097 1756 Archippum
2119 1672 2366 1737 Colossensium

361 1768 505 1840 tantum,
528 1760 584 1825 sed
607 1759 647 1824 de
668 1757 820 1823 omnibus
841 1757 907 1821 illis
927 1756 1086 1840 loquitur,
1109 1778 1211 1840 quum
1232 1756 1339 1839 inquit
1389 1755 1578 1838 episcopum
1610 1765 1851 1823 commemorat.
1907 1760 1953 1823 Et
1985 1767 2094 1824 exstat
2133 1759 2221 1840 (Act.
2244 1763 2299 1834 20,
2328 1761 2365 1821 18

363 1845 395 1928 (1
421 1845 495 1911 Cor.
519 1853 549 1924 4,
575 1845 622 1995 131:
651 1844 698 1910 sic
720 1865 779 1908 nos
801 1843 952 1908 aestimet
979 1843 1087 1920 home,
1110 1851 1149 1906 ut
1169 1843 1339 1908 ministros
1389 1844 1492 1924 seqq.)
1513 1842 1653 1924 insignis
1675 1844 1745 1908 eius
1766 1845 1876 1909 concio
1898 1866 1918 1910 0
1941 1843 1986 1908 00
2008 1846 2144 1923 Lucem,
2166 1843 2209 1909 ad
2230 1843 2367 1927 presby·

362 1930 488 1996 Christi
520 1939 554 1996 et
611 1933 828 2013 'spensateres
860 1929 1093 2012 mysteriorum
1126 1928 1199 1993 Dei.
1251 1927 1336 1993 Item
1388 1932 1476 1991 teres
1504 1926 1658 1992 ecelesiae
1685 1929 1868 2010 ephesinae.
1914 1867 2070 2012 Cuisquis
2103 1951 2181 2014 ergo
2213 1930 2366 1995 eeclesiae

351 2017 439 2082 'alibi
472 2016 681 2102 (Τ10.1,9);
716 2023 843 2098 oportet
872 2016 1058 2097 episcopum
1087 2023 1237 2079 tenacem
1266 2036 1337 2079 esse
1389 2013 1487 2077 00100
1514 2014 1664 2097 regimen
1691 2036 1729 2080 ae
1758 2037 1871 2080 euram
1901 2017 2095 2100 susceperit,
2129 2016 2205 2081 huie
2234 2015 2366 2081 divinae

361 2104 430 2167 eius
458 2104 513 2185 qui
541 2103 721 2169 secundum
748 2101 930 2165 doctrinam
957 2109 1007 2165 est
1033 2099 1139 2164 fidelis
1167 2101 1336 2178 sermonis,
1388 2099 1567 2163 vocationis
1594 2099 1658 2183 legi
1687 2100 1866 2184 obligatum
1894 2123 1928 2167 se
1955 2123 2026 2167 esse
2052 2102 2147 2166 sciat:
2182 2122 2251 2166 non
2280 2100 2366 2183 qued

360 2197 399 2253 ut
425 2198 541 2270 potens
568 2189 612 2253 sit
639 2188 807 2253 exhortari
834 2208 892 2268 per
926 2185 1107 2251 doctrinam
1141 2206 1271 2264 sanam,
1305 2196 1338 2250 00
1388 2184 1491 2249 veluti
1518 2184 1632 2268 glebae
1660 2186 1824 2265 00010000,
1858 2198 1897 2250 00
1923 2188 2144 2253 iurisconsulti
2171 2187 2299 2265 dicunt,
2330 2185 2366 2252 id

360 2273 619 2358 contradicentes
646 2274 802 2338 refellere.
845 2271 981 2337 Ex'his
1010 2280 1043 2336 00
1070 2271 1230 2338 similibus
1257 2271 1337 2337 locis
1389 2275 1439 2333 est
1460 2270 1666 2354 mancipatus
1687 2282 1721 2336 et
1742 2273 1836 2354 00001
1857 2273 1984 2351 affixus,
2007 2272 2122 2356 pedem
2140 2271 2217 2337 inde
2234 2294 2366 2338 movere

360 2361 416 2442 qui
442 2361 565 2442 passim
592 2367 769 2426 occurrunt
796 2358 948 2442 colligere
976 2357 1066 2435 licet,
1100 2358 1137 2420 in
1168 2366 1336 2439 pastorum
1388 2364 1542 2437 nequeat,
1571 2358 1599 2422 si
1629 2359 1675 2423 ita
1703 2357 1832 2441 publiea
1853 2359 1977 2424 utilitas
1999 2359 2185 2441 postularit,
2214 2357 2309 2423 modo
2332 2358 2366 2423 id

361 2465 487 2527 quoque
513 2447 680 2511 functione
710 2445 770 2508 has
797 2465 867 2509 esse
895 2443 976 2508 duas
1002 2444 1195 2526 praecipuas
1216 2454 1336 2525 partes,
1389 2441 1450 2505 rite
1472 2452 1506 2505 et
1527 2442 1641 2507 ordine
1669 2446 1735 2508 fiat.
1781 2443 1850 2511 Sed
1871 2446 1899 2510 is
1921 2447 1976 2527 qui
1997 2445 2034 2509 in
2056 2466 2158 2509 unum
2179 2444 2286 2508 lecum
2308 2466 2366 2509 vo·

362 2532 569 2613 evangelium
591 2531 789 2596 annuntiare
810 2539 844 2594 et
864 2536 1069 2594 sacramenta
1097 2527 1348 2594 administrare·
1388 2539 1481 2592 catus
1509 2536 1573 2605 000,
1608 2550 1675 2593 000
1702 2529 1798 2594 debet
1822 2534 1893 2614 ipse
1920 2531 1961 2596 de
1988 2531 2182 2614 migratione
2212 2531 2364 2613 cogitare,

360 2614 511 2681 Doeendi
538 2627 648 2681 autem
675 2617 757 2680 ratio
785 2637 851 2679 non
879 2617 913 2679 iu
942 2612 1081 2698 publicis
1108 2623 1363 2680 000000100οη
1388 2633 1449 2676 000
1470 2626 1569 2695 prout
1589 2614 1652 2678 sibi
1673 2616 1879 2680 commodum
1901 2619 2041 2699 putarit,
2070 2637 2225 2699 quaerere
2246 2616 2366 2680 libera·

361 2701 508 2767 cienibus
530 2703 686 2781 censistit,
709 2700 766 2767 sed
789 2701 830 2765 ad
852 2701 998 2784 privatas
1020 2702 1119 2765 etiam
1143 2700 1336 2765 admonitio-
1360 2683 1363 2747 l
1389 2698 1520 2762 tionem.
1565 2699 1708 2778 Deinde,
1737 2702 1765 2765 si
1791 2723 1889 2784 quem
1916 2703 2068 2785 expediat
2095 2702 2157 2766 alio
2184 2702 2365 2780 transferri,

361 2809 419 2852 nes
441 2789 592 2870 pertinet.
626 2789 679 2852 Ita
696 2787 822 2852 Paulus
844 2793 944 2851 testes
966 2787 1045 2850 citat
1062 2786 1224 2868 Ephesios
1246 2787 1335 2870 (Act.
1388 2803 1455 2846 000
1484 2793 1596 2848 tamen
1624 2783 1720 2850 debet
1747 2787 1810 2851 hoe
1829 2789 1957 2868 private
1980 2788 2113 2852 consilio
2135 2796 2279 2866 tentare,
2307 2785 2366 2853 sed

362 2876 411 2950 20,
436 2876 506 2956 20),
534 2873 620 2956 0000
647 2873 733 2938 nihil
754 2872 928 2956 suffugerit
954 2893 1067 2936 eorum
1093 2892 1176 2953 quae
1203 2873 1237 2935 10
1265 2892 1337 2936 rem
1388 2878 1577 2952 exspectare
1598 2871 1762 2954 publicam
1784 2875 2002 2937 autoritatem.

360 2958 507 3042 ipsorum
540 2968 654 3036 erant,
694 2958 773 3041 quin
806 2958 1016 3023 annuntiaret
1048 2979 1085 3022 ae
1118 2957 1248 3022 doceret
1280 2968 1363 3022 eos?
1474 2962 1504 3018 8.
1549 2955 1725 3022 Caeterum
1749 2957 1834 3040 quod
1856 2960 2023 3041 episcopos
2043 2969 2078 3023 00
2099 2958 2308 3043 presbyteres
2330 2966 2366 3024 00

359 3045 488 3128 publice
517 3053 550 3109 00
576 3066 636 3127 per
663 3044 810 3128 singulas
837 3042 964 3121 domos,
997 3042 1176 3108 testificans
1203 3043 1336 3108 Iudaeis
1388 3050 1535 3123 pastores
1558 3051 1591 3106 et
1612 3044 1778 3108 ministres
1800 3046 1981 3127 promiscue
2003 3046 2117 3109 vocavi
2139 3046 2194 3125 qui
2213 3045 2365 3109 ecclesias

359 3130 457 3195 simul
475 3152 513 3196 ae
532 3132 669 3196 Graecis
686 3130 921 3213 poenitentiam
939 3137 973 3193 00
989 3128 1088 3193 fidem
1104 3128 1141 3192 in
1154 3127 1334 3193 Christum.
1387 3137 1516 3210 regunt,
1540 3125 1574 3191 id
1594 3129 1656 3194 feci
1678 3149 1719 3192 ex
1742 3132 1920 3212 scripturae
1932 3152 1995 3195 000
2017 3150 2099 3212 quae
2122 3129 2279 3194 vocabula
2302 3131 2366 3194 ista

359 3214 445 3279 Item
467 3217 673 3299 paulopost,
703 3216 790 3298 quod
810 3236 878 3278 non
901 3214 1063 3279 destiterit
1083 3235 1160 3279 eum
1180 3214 1336 3299 lacrymis
1388 3212 1565 3278 confundit.
1610 3214 1805 3299 Quicunque
1837 3217 1926 3280 enim
1958 3216 2049 3281 verbi
2081 3216 2261 3280 ministerio
2290 3215 2365 3277 fun·

359 3320 492 3366 monere
519 3323 786 3385 unumquemque
809 3321 931 3365 eorum.
975 3300 1090 3383 Neque
1110 3309 1220 3364 tamen
1241 3319 1336 3383 prae-
1388 3304 1534 3381 gimtur,
1555 3299 1597 3364 iis
1624 3301 1757 3366 titulum
1779 3303 2006 3386 episcoporum
2028 3300 2153 3365 tribuit.
2200 3299 2255 3365 Sic
2277 3299 2365 3381 apud

359 3388 461 3452 sentis
485 3388 628 3453 instituti
650 3396 700 3453 est
721 3387 867 3471 singulas
888 3385 966 3451 boni
986 3385 1126 3470 pastoris
1149 3383 1240 3450 dotes
1261 3406 1335 3468 per·
1386 3383 1529 3448 Paulum
1547 3386 1914 3452 0010000000οἯ00
1935 3389 2135 3454 constituere
2156 3387 2366 3470 presbyteros

358 3474 461 3554 sequi,
484 3473 541 3538 sed
563 3480 694 3538 tantum
714 3472 862 3538 indicare
884 3471 963 3554 quid
985 3474 1201 3554 profiteantur
1222 3472 1278 3555 qui
1300 3492 1336 3537 se
1387 3467 1576 3552 oppidatim,
1598 3474 1752 3538 continue
1770 3474 1957 3539 subiicitur:
1981 3481 2110 3557 oportet
2131 3473 2220 3537 enim
2241 3473 2364 3554 episco-

358 3567 506 3640 pasteres
527 3559 707 3643 appellant:
730 3580 849 3642 nempe
872 3559 918 3621 ita
939 3579 975 3622 se
996 3578 1148 3640 praeesse
1170 3557 1333 3636 eeclesiae,
1386 3575 1466 3638 pum
1489 3577 1560 3622 0000
1581 3557 1823 3642 inculpabilem,
1847 3568 1906 3625 ete.
1930 3560 2008 3644 (rit.
2032 3564 2058 3637 1,
2076 3565 2105 3622 ὁ.
2127 3558 2169 3642 7).
2207 3556 2263 3623 Sic
2286 3557 2365 3623 ahbi

358 3666 425 3709 non
446 3655 484 3708 ut
505 3647 642 3710 otiosam
664 3645 808 3711 habeant
829 3642 1037 3727 dignitatem,
1067 3642 1124 3708 sed
1151 3652 1189 3706 ut
1210 3642 1336 3709 Christi
1385 3640 1497 3723 plures
1518 3643 1554 3707 in
1576 3665 1642 3709 000
1663 3645 1800 3710 00010010
1816 3647 1984 3729 0010000οο
2002 3646 2125 3710 0010000
2146 3643 2248 3729 (Phil.
2271 3649 2297 3722 1,
2320 3644 2362 3728 l).

358 3729 507 3795 doctrina
544 3731 703 3815 populum
742 3729 783 3795 00
816 3751 930 3796 veram
962 3731 1117 3812 pietatem
1150 3730 1334 3809 instituant,
1385 3726 1432 3791 Et
1453 3729 1489 3792 in
1510 3730 1605 3795 Actis
1633 3731 1774 3796 refertur
1800 3732 1867 3817 (20,
1893 3735 1940 3795 17.
1965 3731 2022 3816 28)
2049 3750 2245 3796 convocasse
2271 3750 2364 3813 pres-

358 3836 451 3881 saera
482 3818 640 3903 mysteria
676 3815 925 3894 administrent,
965 3824 1090 3881 rectam
1129 3813 1335 3897 disciplinam
1385 3813 1518 3898 hyteres
1540 3815 1731 3898 ephesinos,
1753 3836 1835 3899 ques
1856 3817 1926 3900 ipse
1947 3819 2113 3900 episcopos
2134 3836 2196 3880 sua
2217 3817 2364 3880 eratione

357 3912 551 3968 conservent
580 3912 676 3985 atque
703 3909 885 3967 exerceant.
930 3899 1125 3984 Quicunque
1151 3902 1241 3965 enim
1261 3923 1331 3984 spe·
1385 3901 1543 3965 nominat
1588 3901 1654 3966 Hie
1675 3902 1743 3967 iam
1763 3901 2003 3968 observandum
2024 3911 2088 3982 000,
2116 3923 2176 3967 000
2204 3901 2363 3968 haetenus

356 3987 518 4054 eulatores
544 3989 643 4073 positi
664 3989 797 4053 suntin
819 3986 970 4065 ecclesia,
998 3987 1064 4052 illis
1085 3988 1248 4052 Dominus
1275 4009 1335 4051 an·
1386 4006 1453 4049 non
1471 3987 1536 4050 nisi
1557 4008 1596 4051 ea
1616 3988 1722 4052 officia
1743 3989 1954 4067 recensuisse,
1976 4008 2061 4071 quae
2082 3988 2117 4052 in
2135 3987 2228 4054 verbi
2249 3988 2363 4053 minis·

357 4075 488 4138 nuntiat
508 4075 581 4160 (Ea.
606 4078 634 4152 3,
661 4075 730 4158 17),
754 4075 781 4138 01
804 4073 875 4156 0010
897 4093 956 4154 per
977 4073 1199 4157 ignorantiam
1221 4094 1335 4137 eorum
1386 4071 1469 4136 terio
1496 4074 1693 4151 consistunt;
1722 4094 1782 4137 nee
1810 4073 1851 4137 de
1879 4073 1952 4139 01110
1972 4073 2098 4140 Ρο0100
2124 4073 2277 4138 meminit
2306 4072 2364 4137 illo

357 4159 557 4244 negligentia
579 4166 707 4243 pereat,
728 4160 921 4242 sanguinem
944 4181 978 4223 se
1001 4158 1041 4222 00
1062 4160 1208 4240 ipsorum
1228 4159 1334 4222 mani-
1358 4184 1360 4235 l
1386 4165 1502 4239 quarte
1524 4158 1566 4222 00
1586 4159 1749 4243 Ephesios
1770 4161 1876 4242 eapite
1896 4159 1982 4242 quod
2010 4160 2191 4226 citavimus.
2236 4159 2364 4222 Verum

359 4246 457 4342 bqsr
497 4246 684 4310 uisiturum.
729 4245 771 4308 In
800 4264 855 4308 eos
877 4265 1003 4327 queque
1033 4263 1147 4307 omnes
1180 4245 1335 4325 competit
1358 4238 1360 4305 l
1385 4243 1422 4306 in
1443 4242 1580 4326 epistola
1601 4244 1642 4309 ad
1659 4245 1827 4310 Romanos
1850 4244 1917 4330 (12,
1936 4247 1971 4331 7)
1993 4254 2028 4310 00
2048 4246 2158 4329 priore
2180 4241 2222 4307 ad
2244 4243 2363 4307 Corin·

358 4331 443 4413 qued
494 4354 512 4396 e
541 4354 576 4397 00
604 4333 652 4396 010
678 4330 803 4396 Ρο0100
854 4334 868 4392 1
895 4328 969 4395 Cer.
994 4334 1023 4407 9,
1051 4329 1117 4413 10);
1151 4350 1213 4394 vae
1240 4329 1332 4409 mihi,
1358 4310 1360 4441 )
1385 4328 1473 4394 thies
1496 4331 1562 4415 (12,
1587 4333 1643 4413 28)
1672 4331 1737 4394 0110
1759 4347 1943 4410 enumerat,
1965 4340 2005 4396 ut
2025 4336 2216 4412 potestates,
2239 4328 2362 4392 denum

357 4417 422 4481 nisi
448 4417 685 4502 evangelizem,
705 4416 817 4500 'quum
844 4414 1043 4498 dispensatio
1070 4414 1153 4479 mihi
1177 4416 1220 4480 sit
1245 4437 1334 4480 com·
1358 4447 1360 4496 l
1386 4417 1606 4494 sanationum,
1634 4416 1952 4499 interpretat'mnem,
1975 4414 2257 4501 gubernationem,
2280 4434 2363 4494 pau-

357 4503 466 4567 missa.
512 4503 679 4586 Denique,
708 4501 795 4585 qued
823 4501 894 4566 erbi
922 4502 1076 4566 universo
1098 4501 1335 4583 praestiterunt
1358 4507 1360 4585 t
1385 4521 1502 4582 perum
1520 4502 1730 4568 curationem
1763 4504 1818 4567 Ex
1836 4501 1954 4586 quibus
1972 4523 2055 4585 quae
2071 4499 2269 4580 temporaria
2291 4500 2361 4562 fue·

358 4588 503 4667 apostoli,
525 4589 559 4653 id
581 4589 675 4673 gregi
697 4610 764 4667 suo,
787 4589 842 4654 eui
864 4587 1047 4652 destinatus
1070 4595 1135 4665 000,
1159 4584 1255 4651 debet
1275 4607 1334 4669 pa-
1358 4592 1466 4672 ),runt
1486 4589 1617 4669 omitto3
1645 4589 1722 4671 quia
1743 4588 1870 4653 nullum
1892 4586 2171 4671 operaepretium
2192 4585 2299 4647 estin
2320 4583 2362 4649 iis

357 4681 425 4737 stor
446 4677 680 4759 unusquisque.
1043 4682 1045 4687 '
1358 4670 1360 4769 )
1385 4671 1563 4738 immorari.
1596 4673 1673 4739 Duo
1695 4683 1806 4740 autem
1828 4680 1905 4738 sunt
1925 4693 2008 4755 0000
2030 4676 2187 4754 perpetuo
2209 4678 2359 4734 manent:

444 4763 471 4821 7.
505 4759 580 4823 Etsi
597 4760 676 4825 dum
693 4761 832 4843 singulis
850 4761 1056 4843 assignamus
1073 4779 1150 4824 suas
1172 4758 1333 4839 ecelesias,
1358 4803 1360 4845 ,
1385 4758 1578 4841 gubernatio
1600 4769 1634 4825 et
1654 4781 1733 4827 cura
1754 4779 1942 4844 pauperum.
1988 4755 2234 4821 Gubernatores
2260 4755 2361 4821 fuisse

356 4844 489 4906 interim
516 4864 582 4907 non
603 4866 763 4928 negamus
785 4848 863 4929 0010
891 4845 972 4911 alias
994 4846 1146 4912 eeclesias
1167 4846 1334 4911 iuvareis
1385 4846 1537 4911 existimo
1569 4847 1713 4911 seniores
1745 4867 1764 4910 e
1796 4843 1889 4927 plebe
1921 4842 2082 4920 delectos,
2115 4841 2171 4923 qui
2203 4862 2361 4906 censurae

355 4930 457 5078 possit
478 4928 535 5011 001
557 4930 615 4992 001
637 4939 688 4994 000
709 4931 874 5016 alligatus,
896 4933 965 4997 sive
989 4932 1067 5016 quid
1089 4931 1242 4997 inciderit
1262 4939 1333 4996 tnr-
1384 4951 1514 4995 morum
1535 4942 1569 4996 et
1584 4931 1786 4998 exercendae
1804 4928 1993 5010 disciplinae
2010 4947 2078 4992 una
2102 4947 2177 4992 eum
2202 4928 2361 5010 episeopis

376 5035 480 5092 arunt,
504 5013 590 5097 quod
607 5015 676 5078 eius
693 5019 910 5097 praesentiam
929 5019 1083 5101 requirat
1107 5018 1177 5083 sive
1199 5018 1333 5101 abipso
1383 5034 1582 5100 praeessent.
1627 5018 1741 5101 Neque
1774 5015 1863 5078 enim
1895 5033 1989 5078 secus
2020 5013 2231 5095 interpretari
2258 5034 2360 5096 queas

353 5109 485 5183 petatur
507 5099 547 5164 00
569 5121 606 5164 re
624 5099 734 5180 011000
752 5101 938 5167 obscuriore
955 5105 1135 5170 eonsilium.
1170 5103 1238 5171 Sed
1255 5105 1334 5187 quia
1384 5105 1471 5185 quod
1498 5104 1577 5172 dicit
1603 5104 1713 5187 (Rom.
1740 5103 1788 5178 12,
1812 5098 1862 5183 8);
1890 5099 1947 5181 001
1972 5106 2117 5183 praeest,
2144 5097 2299 5164 10100100
2325 5100 2359 5163 in

354 5186 396 5250 ad
425 5185 630 5251 retinendam
657 5184 811 5250 ecclesiae
838 5207 953 5268 pacem
981 5191 1164 5254 necessaria
1191 5191 1333 5257 0001000
1384 5189 1611 5256 sollicitudine.
1660 5186 1789 5251 Habuit
1820 5185 1921 5269 igitur
1947 5185 1987 5252 ab
2022 5185 2117 5250 initio
2146 5204 2366 5268 0000000000.

353 5272 475 5355 0011010,
499 5273 673 5355 001οο1000
692 5291 762 5335 esse
784 5272 983 5354 propositum
1006 5273 1092 5354 0000
1114 5284 1200 5358 agat,
1223 5298 1265 5340 00
1288 5277 1332 5342 si·
1383 5277 1520 5342 ecelesia
1541 5295 1638 5341 suum
1660 5278 1830 5350 senatum,
1864 5273 2085 5356 conscriptum
2111 5291 2153 5336 ex
2175 5270 2257 5336 viris
2285 5269 2358 5353 piis,

354 5357 424 5424 mul
441 5379 554 5424 omnes
572 5356 825 5436 tumultuentur,
848 5357 918 5421 sine
937 5357 1105 5424 vocatione
1126 5360 1243 5424 incerti
1264 5361 1331 5426 dis-
1382 5361 1539 5444 gravibus
1566 5369 1600 5424 et
1627 5358 1766 5437 sanetis,
1794 5377 1896 5456 penes
1918 5377 2015 5441 quem
2037 5363 2109 5423 erat
2128 5355 2201 5434 1110,
2229 5352 2270 5418 00
2282 5375 2358 5454 Ι000

356 5453 506 5524 currant,
534 5445 571 5508 in
599 5462 705 5508 unum
733 5462 848 5508 omnes
875 5442 982 5508 looum
1009 5452 1133 5508 temere
1154 5447 1330 5525 confluant,
1381 5453 1496 5530 postea
1525 5445 1715 5528 loquemur,
1747 5441 1927 5510 iurisdictio
1957 5444 1993 5508 10
2025 5440 2224 5525 corrigendis
2256 5448 2356 5507 0000.
2422 5448 2432 5467 ’

355 5539 389 5595 et
409 5551 452 5596 ne
475 5551 594 5597 vacuas
615 5528 769 5595 eeclesias
789 5549 850 5612 pro
870 5526 1005 5593 libidine
1027 5527 1188 5608 deserant,
1205 5531 1268 5611 qui
1289 5530 1330 5596 00
1381 5532 1486 5597 Perre
1513 5529 1673 5596 eiusmodi
1700 5527 1849 5595 ordinem
1874 5549 1942 5595 uon
1968 5529 2067 5594 unius
2093 5526 2215 5592 saeculi
2247 5527 2357 5605 fuisse,

354 5637 414 5681 sua
441 5616 671 5681 commoditate
692 5614 799 5698 magis
820 5636 920 5700 quam
942 5613 982 5679 de
1004 5613 1158 5681 ecelesiae
1180 5615 1330 5681 aedifica·
1381 5617 1584 5701 experientia
1605 5617 1677 5700 ipsa
1699 5614 1850 5681 declarat
1891 5615 1954 5679 Est
1974 5614 2077 5698 igitm
2098 5620 2132 5678 et
2152 5610 2214 5677 hoc
2236 5614 2359 5696 guber-

236 5715 244 5721 ·
353 5700 442 5768 done
464 5710 543 5769 sunt
563 5700 708 5768 solliciti:
735 5700 818 5767 haee
838 5698 1025 5768 distributio
1045 5699 1154 5786 quoad
1174 5701 1252 5768 lieet
1272 5700 1328 5768 ob·
1379 5701 1525 5768 nafionis
1544 5722 1668 5770 munus
1687 5701 1825 5769 merulis
1846 5699 1997 5767 omnibus
2015 5698 2243 5767 necessarium.
