5600 6809
407 792 409 797 ⁴
431 770 494 832 871
574 818 577 832 .
2379 763 2447 823 872

1076 757 1342 826 maurusio
1363 758 1468 824 RDL.
1490 752 1674 823 OHRlsu.
1700 762 1791 822 1559.

437 957 525 1039 leges
554 953 728 1029 humanas,
752 952 820 1016 sive
843 972 863 1015 a
884 952 1096 1035 magistratu,
1126 950 1194 1016 sive
1217 949 1259 1014 ab
1280 950 1415 1016 ecclesia
1465 946 1560 1012 nobis
1582 948 1666 1011 nihil
1687 948 1793 1030 magis
1814 950 1978 1030 requirere
2000 970 2098 1030 quam
2117 947 2344 1013 obedientiam.
2369 950 2448 1013 Hac

435 1043 590 1115 ferantur,
615 1037 746 1103 tametsi
764 1038 831 1102 sint
847 1038 1022 1102 observatu
1041 1035 1244 1100 necessariae
1267 1036 1322 1118 (de
1340 1057 1414 1118 pro-
1466 1035 1592 1097 ratione
1614 1034 1752 1099 Iacobus
1775 1036 1820 1115 (4,
1846 1035 1912 1118 11);
1937 1036 1991 1117 qui
2013 1035 2135 1099 iudicat
2156 1037 2306 1112 fratrem,
2329 1035 2447 1116 inquit,

436 1128 486 1192 bis
515 1133 547 1190 et
574 1126 669 1190 iustis
695 1123 835 1206 loquor),
858 1122 931 1187 ideo
952 1130 1061 1186 tamen
1085 1143 1151 1185 non
1172 1121 1277 1204 ligare
1298 1143 1357 1204 per
1379 1143 1414 1185 se
1465 1118 1598 1184 iudicat.
1619 1119 1739 1202 legeni3
1768 1122 1823 1202 qui
1846 1121 1951 1204 legem
1974 1120 2109 1196 iudicat,
2133 1142 2198 1184 non
2221 1128 2271 1184 θεῖ
2292 1120 2448 1186 observa-

433 1213 673 1288 conscientiam,
696 1211 772 1291 quia
794 1217 861 1273 tota
883 1206 1077 1272 observandi
1099 1209 1275 1272 necessitas
1298 1207 1339 1272 ad
1357 1229 1413 1291 ge·
1467 1213 1517 1269 tor
1539 1207 1629 1288 legis,
1653 1205 1710 1270 sed
1731 1205 1846 1270 iudex:
1871 1229 1958 1271 unus
1980 1215 2090 1271 autem
2111 1207 2279 1290 legislator
2300 1208 2354 1289 qui
2372 1214 2449 1289 pot-

435 1298 582 1362 neralem
603 1298 704 1360 finem
727 1296 873 1379 respicit,
904 1315 970 1358 non
998 1303 1108 1357 autern
1130 1295 1277 1358 consistit
1303 1295 1339 1359 in
1361 1316 1413 1358 re-
1466 1300 1517 1356 est
1544 1313 1675 1356 servare
1702 1300 1736 1356 et
1760 1292 1905 1374 perdere.
1951 1293 2128 1371 Audimus,
2158 1293 2268 1356 Deum
2296 1293 2357 1358 hoo
2379 1293 2448 1356 sibi

372 1396 374 1400 '
435 1385 496 1449 bus
518 1383 710 1466 praeceptis.
755 1382 808 1445 Ab
832 1381 893 1444 hoc
914 1379 1028 1443 ordine
1048 1379 1161 1460 procul
1184 1379 1308 1444 distant
1330 1402 1413 1462 quae
1466 1379 1523 1441 uni
1552 1378 1643 1442 velut
1670 1379 1842 1460 proprium
1869 1399 2027 1456 asserere,
2056 1387 2095 1442 ut
2116 1380 2206 1443 verbi
2235 1379 2284 1441 sui
2306 1379 2448 1459 imperio

435 1479 468 1536 et
495 1491 615 1534 novam
636 1469 773 1531 formam
802 1466 1031 1549 praescribunt
1053 1464 1180 1529 colendi
1199 1464 1278 1542 Dei,
1302 1476 1334 1529 et
1355 1487 1413 1530 ne·
1465 1485 1503 1529 ao
1524 1463 1652 1548 legibus
1679 1486 1738 1528 nos
1768 1473 1869 1546 regat.
1914 1466 2024 1546 Atque
2045 1464 2080 1527 id
2099 1467 2209 1546 ipsum
2230 1474 2306 1527 ante
2328 1465 2368 1528 ab
2392 1464 2447 1527 Ie·

434 1558 621 1621 cessitatem
643 1554 847 1618 constituunt
868 1553 903 1614 in
926 1551 1022 1615 rebus
1042 1551 1162 1614 liberis.
1466 1550 1534 1613 saia
1556 1549 1622 1632 (33,
1642 1550 1698 1633 22)
1727 1548 1850 1614 dictum
1877 1550 1998 1626 fuerat,
2027 1551 2176 1632 quamvis
2202 1549 2300 1632 paulo
2328 1548 2446 1614 obscu-

523 1645 550 1705 6.
596 1640 692 1703 ΤθΙθε
720 1645 831 1701 autem
852 1646 931 1701 sunt
952 1658 1034 1718 quae
1062 1635 1159 1699 hodie
1182 1645 1340 1700 vocantur
1362 1659 1413 1701 ec-
1465 1636 1546 1700 rius:
1575 1636 1738 1700 Dominus
1766 1658 1826 1699 rex
1852 1645 1979 1713 noster,
2008 1637 2170 1700 Dominus
2197 1636 2363 1718 legislator
2385 1658 2446 1699 no-

433 1728 630 1794 clesiasticae
659 1724 904 1789 constitutiones
925 1723 962 1785 in
983 1729 1119 1804 papatu,
1150 1743 1232 1804 quae
1253 1742 1312 1803 pro
1334 1742 1413 1787 vero
1465 1730 1540 1798 ster,
1559 1721 1723 1784 Dominus
1744 1721 1845 1787 iudex
1861 1733 1980 1799 noster,
1999 1723 2067 1804 ipse
2088 1721 2227 1786 salvabit
2246 1742 2315 1785 nos.
2346 1721 2447 1786 Utro-

434 1836 472 1879 ac
494 1811 675 1878 necessario
699 1809 764 1873 Dei
786 1809 876 1874 cultu
898 1809 1104 1892 ingeruntur.
1145 1809 1255 1889 Atque
1276 1815 1315 1871 ut
1337 1815 1415 1872 sunt
1466 1828 1530 1888 que
1552 1829 1630 1871 sane
1652 1807 1722 1870 loco
1744 1808 1928 1872 ostenditur
1949 1809 2036 1872 vitae
2058 1817 2091 1872 et
2112 1809 2226 1893 mqrtis
2248 1809 2277 1871 ei
2301 1828 2372 1872 esse
2393 1829 2447 1871 ar-

433 1901 632 1973 innumerae,
655 1897 704 1959 ita
725 1896 855 1958 infinita
876 1904 953 1959 sunt
975 1893 1017 1958 ad
1039 1892 1215 1975 captandas
1229 1894 1413 1975 illaqueari·
1466 1891 1599 1956 bitrium
1633 1894 1690 1974 qui
1723 1895 1775 1958 ius
1808 1893 1906 1958 habet
1939 1894 1974 1956 in
2003 1896 2156 1957 animam.
2207 1894 2278 1957 Irno
2307 1894 2448 1959 lacobus
2517 1919 2520 1923 ¹

432 1983 553 2066 dasque
583 1984 709 2047 animas
737 1980 877 2045 vincula.
924 1979 998 2044 Etsi
1026 1985 1129 2042 uatem
1156 1980 1192 2042 ia
1219 1979 1297 2061 lepis
1324 2001 1415 2060 eapo-
1465 1979 1527 2043 hoc
1550 1979 1637 2043 clare
1659 1982 1857 2060 pronuntiat.
1893 1979 1932 2042 Id
1956 2001 2053 2062 porro
2076 1978 2255 2044 sibi·nemo
2273 1979 2447 2043 hominum

431 2071 543 2136 eddom
570 2067 720 2133 nonnihil
742 2067 925 2149 attigimus,
954 2067 1031 2148 quia
1051 2070 1154 2129 tunna
1171 2066 1276 2128 iustae
1295 2073 1414 2130 tracta
1465 2086 1594 2129 sumere
1616 2073 1730 2147 potest.
1776 2066 1886 2129 Deum
1907 2067 2009 2149 igitur
2031 2067 2164 2130 unicum
2186 2067 2370 2129 animarum
2395 2086 2448 2128 re-

433 2156 513 2221 tioni
537 2155 585 2221 bio
608 2154 809 2235 opportunior
837 2157 904 2215 eret
930 2152 1028 2229 loom,
1052 2171 1135 2215 auae
1157 2150 1292 2214 studebo
1311 2160 1414 2214 totam
1467 2172 1540 2233 gem
1575 2153 1708 2234 agnosci
1734 2160 1875 2234 oportet,
1909 2173 2010 2233 penes
2037 2173 2135 2233 quem
2161 2173 2264 2215 unum
2291 2151 2449 2215 servandi

433 2262 595 2308 summam
623 2261 686 2322 quo
713 2248 825 2321 potero
861 2238 981 2319 optimo
1009 2235 1123 2301 ordine
1158 2236 1317 2324 colligere.
1369 2238 1416 2301 Et
1465 2236 1686 2319 perdendique
1720 2246 1863 2320 potestas
1896 2248 1960 2314 est,
1976 2237 2000 2319 ¹)
2034 2248 2071 2301 ut
2102 2237 2159 2301 illa
2191 2237 2316 2300 Iesaiae
2345 2237 2449 2301 verba

432 2328 509 2410 quia
543 2327 582 2391 de
614 2323 804 2408 tyrannide,
839 2344 938 2405 quam
966 2321 1026 2387 sibi
1060 2323 1095 2386 in
1117 2322 1250 2386 licentia
1277 2322 1415 2387 docendi
1467 2331 1597 2386 sonant:
1621 2334 1786 2406 stragem
1808 2323 2003 2391 et'iudicem
2026 2332 2060 2387 et
2081 2323 2299 2405 legislatorem
2321 2331 2355 2387 et
2376 2344 2448 2387 ser-

430 2411 587 2497 quidquid
607 2410 741 2474 libuerit
760 2416 915 2492 arrogant
936 2407 1211 2491 pseudoepiscopi,
1227 2429 1328 2487 nuper
1349 2409 1415 2473 dis·
1466 2419 1621 2473 vatorem.
1667 2409 1782 2489 Itaque
1804 2410 1925 2474 Petrus
1947 2409 1979 2493 (1
2001 2410 2090 2473 Petr.
2110 2415 2138 2485 5,
2161 2410 2211 2493 3),
2236 2409 2314 2472 dum
2336 2419 2447 2490 pasto-

434 2500 597 2564 sernimus
619 2501 779 2579 quantum
801 2494 881 2559 satis
903 2515 973 2560 esse
994 2493 1174 2570 videbatur,
1200 2500 1302 2557 totam
1324 2494 1415 2558 illam
1466 2515 1519 2566 res
1542 2495 1638 2559 officii
1660 2496 1710 2558 sui
1733 2495 1895 2572 admonet,
1918 2495 1965 2560 sie
1987 2516 2121 2578 gregem
2138 2504 2275 2576 pascant
2293 2494 2448 2559 hortatur

434 2593 563 2668 partem
596 2583 759 2659 omittam;
793 2581 828 2644 in
861 2580 1055 2662 explicanda
1085 2588 1215 2644 tantum
1248 2601 1347 2662 quem
1380 2602 1415 2645 se
1439 2588 1442 2658 1
1466 2601 1509 2644 ne
1542 2581 1722 2644 dominium
1752 2589 1928 2644 exerceant
1961 2580 2118 2646 adversus
2150 2581 2267 2646 cleros:
2297 2602 2359 2663 quo
2386 2604 2446 2645 no-

437 2670 558 2734 habere
581 2666 694 2731 dicunt
715 2666 825 2749 legum
847 2665 1056 2730 ferendarum
1077 2673 1253 2747 potestate,
1276 2665 1330 2729 hic
1353 2668 1415 2730 im·
1466 2666 1554 2730 mine
1582 2666 1816 2731 haereditatem
1840 2667 1918 2745 Dei,
1949 2667 2010 2733 hoc
2032 2677 2082 2731 est
2103 2666 2251 2731 fidelium
2277 2667 2445 2749 populum,

435 2754 596 2819 morabor.
641 2751 714 2815 Hoc
741 2753 844 2834 igitur
871 2759 1042 2835 praetextu
1069 2749 1335 2900 pseudoepiscopi
1357 2770 1416 2817 no-

437 2842 497 2904 stri
530 2839 741 2904 conscientias
770 2838 864 2902 novis
891 2837 922 2901 le
949 2839 1019 2902 'bus
1046 2845 1199 2913 onerant,
1234 2859 1296 2919 quo
1348 2840 1415 2903 sint

437 2925 623 3009 spirituales
649 2922 850 3006 legislatores
874 2943 893 2985 a
949 2925 1058 2987 omino
1081 2923 1264 2999 constituti,
1287 2945 1329 2987 ex
1351 2946 1414 3006 quo

435 3011 500 3076 illis
518 3009 690 3075 commissa
706 3015 757 3072 θεῖ
775 3008 929 3073 eeclesiae
951 3009 1152 3092 gubernatio.
1185 3008 1303 3090 Itaque
1320 3011 1414 3092 quid-

455 3096 514 3162 uid
535 3095 649 3159 iubent
670 3114 708 3157 ao
730 3092 965 3175 praescribunt,
985 3095 1018 3158 id
1036 3095 1219 3159 necessario
1237 3095 1414 3161 observan-

434 3119 513 3248 dum
542 3201 611 3245 esse
634 3179 839 3245 contendunt
860 3202 879 3244 a
901 3181 1020 3262 populo
1042 3180 1235 3244 christiano:
1265 3184 1321 3263 qui
1344 3184 1413 3248 vio-

433 3268 559 3346 laverit,
582 3287 657 3332 eum
681 3264 822 3348 duplicis
843 3265 1081 3330 inobedientiae
1103 3286 1198 3330 reum
1219 3287 1303 3347 θεεθ,
1327 3269 1413 3351 quod

433 3356 506 3420 Deo
529 3359 562 3418 et
583 3350 737 3417 ecclesiae
764 3353 807 3416 sit
835 3352 974 3417 rebellis.
1020 3350 1109 3417 Sane
1131 3353 1159 3416 si
1180 3354 1250 3417 veri
1272 3356 1414 3438 episcopi

434 3447 556 3517 essent,
591 3436 714 3520 aliquid
741 3438 788 3502 eis
815 3439 850 3501 in
880 3437 943 3503 hac
964 3446 1057 3520 parte
1080 3439 1267 3503 autoritatis
1289 3442 1413 3505 tribue-

432 3548 518 3605 rem,
548 3546 614 3588 non
637 3535 798 3605 quantum
819 3523 881 3587 sibi
902 3523 1084 3608 postulant,
1109 3523 1166 3587 sed
1188 3534 1347 3607 quantum
1370 3526 1413 3592 ad

429 3612 576 3696 politiam
599 3609 754 3674 ecclesiae
775 3610 838 3673 rite
860 3609 1077 3674 ordinandam
1094 3611 1281 3692 requiritur.
1314 3613 1412 3678 Nunc

432 3719 534 3781 quum
563 3695 647 3760 nibil
675 3696 785 3761 minus
815 3697 884 3760 sint
911 3717 1009 3778 quam
1037 3696 1122 3778 quod
1151 3696 1267 3761 haberi
1288 3698 1411 3776 volunt,

431 3805 498 3847 non
520 3787 659 3865 possunt
679 3782 844 3846 tantillum
869 3782 931 3846 sibi
948 3803 1078 3848 sumere
1100 3784 1181 3864 quin
1198 3782 1334 3847 modum
1355 3807 1412 3849 ex·

432 3868 559 3935 cedant.
603 3864 673 3932 Sed
695 3870 771 3951 quia
793 3868 855 3932 hoc
877 3888 1006 3952 quoque
1036 3869 1113 3934 alibi
1136 3870 1245 3933 visum
1268 3876 1332 3948 est,
1356 3871 1412 3936 de-

429 3975 505 4020 mus
538 3954 585 4018 eis
617 3953 651 4017 in
679 3954 878 4038 praesentia,
908 3953 1066 4037 quidquid
1093 3956 1262 4036 potestatis
1290 3956 1413 4021 habent

429 4042 499 4108 veri
523 4039 679 4122 episcopi,
706 4038 741 4102 id
766 4040 839 4103 iure
866 4043 978 4105 ineos
1007 4050 1198 4123 competere.
1243 4042 1337 4126 Nego
1360 4053 1411 4107 ta-

429 4146 521 4204 men,
543 4134 716 4208 propterea
745 4124 948 4208 legislatores
970 4148 1041 4191 esse
1062 4127 1213 4192 fidelibus
1233 4129 1409 4210 impositos,

428 4213 484 4296 qui
505 4210 727 4295 praescribere
749 4233 769 4276 a
790 4232 825 4275 se
846 4210 927 4295 ipsis
946 4213 1073 4296 possint
1095 4213 1230 4278 vivendi
1252 4215 1409 4298 regulam,

426 4298 480 4363 vel
507 4297 549 4362 ad
570 4318 630 4362 sua
650 4299 770 4379 placita
796 4296 926 4379 plebem
953 4300 1015 4364 sibi
1037 4299 1245 4365 commissam
1268 4300 1408 4383 adigere.

428 4382 541 4465 Quum
563 4384 625 4447 hoo
648 4382 734 4463 dico,
756 4382 906 4469 intelligo
928 4384 1009 4467 ipsis
1031 4383 1167 4450 minime
1188 4386 1300 4465 licere,
1323 4385 1410 4468 quod

427 4471 490 4552 ipsi
513 4491 532 4534 a
554 4491 589 4534 se
612 4470 732 4552 absque
754 4468 819 4534 Dei
841 4471 941 4536 verbo
963 4470 1231 4553 excogitaverint,
1255 4471 1409 4537 ccclesiae

427 4552 669 4620 observandum
689 4576 750 4638 pro
773 4559 955 4622 necessario
973 4555 1141 4623 mandare.
1174 4557 1214 4621 Id
1235 4558 1288 4621 ius
1308 4578 1408 4639 quum

426 4648 459 4705 et
481 4640 635 4723 apostolis
657 4640 757 4706 fixerit
772 4642 986 4727 incognitum,
1010 4649 1044 4707 et
1060 4644 1156 4707 toties
1174 4643 1328 4708 ecclesiae
1346 4645 1409 4706 mi-

426 4727 539 4792 nistris
560 4748 615 4790 ore
637 4727 774 4792 Domini
798 4728 1002 4811 ademptum,
1030 4730 1134 4793 miror
1155 4729 1291 4810 quinam
1314 4751 1410 4812 prae·

426 4820 478 4876 ter
511 4811 733 4893 apostolorum
771 4815 958 4897 exemplum
991 4820 1024 4879 et
1057 4821 1171 4879 contra
1202 4815 1410 4880 manifestam

427 4897 493 4961 Dei
515 4897 769 4979 prohibitionem
791 4902 935 4983 arripere
958 4901 1030 4966 ausi
1048 4901 1172 4964 fircrint
1189 4907 1222 4964 ct
1239 4901 1335 4966 hodie
1354 4901 1410 4967 do·
1425 4927 1430 4945 ³

427 4980 561 5046 fendere
583 4981 732 5050 audeant.

517 5071 545 5131 7.
591 5066 687 5148 Quod
715 5072 757 5135 ad
785 5073 962 5156 perfectam
991 5073 1072 5137 bene
1099 5071 1233 5137 vivendi
1259 5073 1409 5157 regulam

428 5153 627 5236 pertinebat,
660 5156 696 5220 id
727 5165 833 5221 totum
867 5160 913 5222 sic
947 5158 1137 5241 complexus
1169 5164 1219 5223 θεῖ
1243 5158 1409 5226 Dominus

427 5239 500 5324 lege
522 5261 589 5321 sua,
612 5248 652 5305 ut
668 5241 753 5305 nihil
770 5243 956 5315 horninibus
969 5243 1142 5324 reliquerit
1154 5241 1239 5326 quod
1257 5245 1299 5309 ad
1317 5267 1408 5310 sum-

427 5346 517 5391 mam
539 5323 630 5392 illam
651 5325 817 5392 adderent.
862 5328 964 5411 quue
987 5350 1025 5393 eo
1048 5330 1157 5395 effecit
1177 5331 1336 5412 primum,
1359 5338 1406 5409 ut,

428 5412 505 5493 quia
526 5420 594 5477 tota
616 5411 750 5478 vivendi
772 5413 932 5478 rectitudo
954 5415 990 5478 in
1008 5415 1070 5479 hoo
1090 5417 1155 5482 sita
1171 5423 1228 5494 est,
1252 5419 1279 5480 si
1297 5416 1409 5480 omnia

428 5505 540 5562 nostra
561 5518 660 5581 opera
682 5496 725 5561 ad
750 5498 820 5563 eius
841 5500 1059 5578 voluntatem,
1088 5508 1246 5585 tanquam
1268 5501 1310 5565 ad
1331 5521 1408 5565 nor-

428 5603 534 5661 mam,
562 5585 753 5666 exigantur,
782 5585 898 5649 unicus
920 5585 1007 5651 vitae
1027 5589 1185 5671 magister
1207 5609 1244 5652 ao
1266 5585 1408 5651 director

428 5668 565 5734 anobis
586 5669 774 5749 haberetur;
797 5669 913 5736 deinde
934 5678 972 5734 ut
994 5679 1149 5736 testatum
1171 5673 1306 5751 faceret,
1330 5693 1366 5736 se
1388 5694 1409 5738 a

1466 2753 1637 2834 significat.
1674 2752 1714 2816 Id
1736 2754 1764 2816 si
1787 2753 1850 2816 rite
1872 2751 2095 2835 expendimus,
2118 2755 2209 2818 nefas
2232 2774 2301 2817 esse
2321 2753 2364 2817 ad
2386 2754 2448 2817 ho-

1466 2839 1589 2902 minem
1612 2839 1781 2903 transferri
1810 2838 1896 2920 quod
1919 2840 2012 2904 Deus
2039 2860 2135 2902 sunm
2159 2840 2256 2907 unius
2278 2839 2368 2914 facit,
2393 2840 2446 2902 in-
2479 2860 2482 2868 ·

1466 2923 1534 2987 telli
1559 2945 1650 2988 emus
1689 2926 1735 2987 ita
1773 2925 1957 3006 praecisum
1990 2922 2149 3008 quidquid
2181 2924 2240 2988 sibi
2272 2926 2447 3006 potestatis

1466 3030 1528 3074 ven
1555 3010 1641 3074 'cant
1670 3011 1726 3092 qui
1754 3032 1788 3074 se
1817 3009 1859 3074 ad
1887 3011 2011 3093 aliquid
2038 3012 2075 3074 in
2102 3010 2236 3076 ecclesia
2263 3009 2445 3073 iubendum

1465 3096 1536 3161 sine
1558 3096 1657 3161 verbo
1679 3097 1742 3160 Dei
1760 3097 1877 3161 efferre
1898 3097 2032 3161 volunt.⁴

1553 3185 1581 3244 8.
1626 3183 1731 3247 Porro
1759 3183 1912 3264 quoniam
1941 3190 2009 3246 tota
2034 3204 2134 3248 causa
2161 3181 2236 3246 inde
2264 3181 2393 3263 pendet,
2418 3182 2448 3246 si

1464 3269 1557 3333 Deus
1579 3275 1630 3333 est
1651 3269 1768 3333 unicus
1790 3267 1966 3351 legislator,
1990 3290 2056 3332 non
2078 3269 2174 3333 licere
2204 3267 2390 3331 hominibus
2412 3267 2448 3330 id

1465 3353 1526 3419 sibi
1550 3354 1682 3419 honoris
1710 3375 1856 3431 sumere,
1886 3355 1983 3418 simul
2007 3354 2088 3420 duas
2109 3354 2182 3418 illas
2205 3355 2346 3417 rationes
2364 3374 2447 3434 quas

1464 3442 1632 3522 posuimus
1653 3442 1811 3505 momoria
1828 3450 1940 3505 tenere
1959 3442 2121 3523 convenit,
2144 3461 2204 3504 cur
2221 3440 2282 3504 hoc
2304 3438 2365 3502 sibi
2388 3439 2447 3502 uni

1464 3527 1629 3590 Dominus
1657 3534 1790 3592 asserat.
1835 3527 1932 3590 Prior
1953 3536 2062 3591 autem
2085 3534 2148 3604 est,
2176 3534 2214 3588 ut
2235 3527 2306 3590 eius
2328 3524 2446 3589 volun-

1465 3618 1516 3676 tas
1544 3613 1687 3695 perfecta
1715 3614 1758 3676 sit
1781 3610 1875 3677 nobis
1902 3612 2008 3675 omnis
2037 3612 2178 3676 iustitiae
2204 3621 2237 3675 ct
2258 3610 2447 3675 sanctitatis

1465 3699 1594 3781 regula,
1628 3710 1726 3780 atque
1759 3699 1806 3762 ita
1837 3699 1874 3761 in
1905 3699 1976 3762 eius
2007 3698 2192 3781 cognitione
2225 3698 2370 3778 perfecta
2403 3695 2447 3760 sit

1465 3784 1548 3848 bene
1575 3784 1708 3849 vivendi
1736 3785 1880 3848 scientia.
1932 3784 2061 3862 Altera,
2094 3791 2132 3846 ut
2165 3784 2234 3864 ipsc
2261 3804 2348 3847 unus
2376 3781 2447 3863 (abi

1465 3871 1534 3934 aas
1555 3871 1614 3934 rite
1625 3870 1782 3950 probeque
1798 3870 1917 3934 coenus
1938 3870 2100 3951 qtmaitar
2120 3868 2245 3952 nudas)
2268 3869 2447 3950 imperium

1465 3956 1585 4020 habeat
1605 3955 1786 4040 inanimas
1805 3963 1942 4034 nostras,
1966 3957 2018 4021 cui
2036 3975 2151 4038 parere
2169 3963 2203 4018 et
2225 3975 2244 4017 a
2267 3955 2359 4019 cuius
2381 3975 2446 4017 nu-

1463 4049 1500 4105 tu
1523 4041 1665 4123 pendere
1687 4040 1871 4106 debeamus.
1900 4042 1964 4106 His
1986 4042 2112 4108 duabus
2133 4038 2312 4104 rationibus
2333 4041 2446 4104 obser·

1463 4129 1557 4204 vatis,
1585 4127 1689 4193 facilis
1716 4128 1780 4193 erit
1808 4125 1995 4192 diiudicatio
2017 4150 2101 4210 quae
2130 4126 2300 4191 hominum
2322 4127 2445 4190 consti·

1462 4216 1605 4277 tutiones
1628 4214 1694 4278 sint
1715 4212 1814 4279 verbo
1834 4214 1971 4278 Domini
1992 4214 2182 4279 contrariae.
2220 4210 2308 4276 Sunt
2329 4221 2446 4275 autern

1462 4300 1532 4364 eius
1555 4300 1683 4383 generis
1704 4321 1818 4364 omnes
1840 4321 1922 4382 quae
1945 4297 1986 4362 ad
2010 4321 2124 4364 verum
2145 4299 2209 4367 Dei
2234 4298 2355 4362 cultum
2376 4299 2445 4361 fin-

1462 4394 1586 4469 guntur
1614 4387 1792 4467 pertinere,
1816 4393 1849 4449 et
1876 4384 1993 4467 quibus
2026 4384 2196 4451 servandis
2224 4382 2445 4448 eonscientiae

1461 4470 1659 4554 obligantur,
1681 4472 1773 4554 quasi
1796 4471 1969 4536 observatu
1990 4471 2192 4536 necessariae
2214 4477 2331 4534 essent.
2366 4468 2444 4534 Hac

1462 4576 1539 4641 ergo
1573 4556 1666 4622 lance
1698 4557 1946 4622 meminerimus
1973 4555 2201 4639 ponderandas
2229 4575 2299 4619 esse
2327 4576 2443 4620 omnes

1461 4643 1625 4708 humanas
1646 4644 1744 4726 leges,
1773 4644 1799 4706 si
1827 4643 1978 4707 volumus
2001 4641 2121 4706 habere
2143 4649 2268 4705 certum
2290 4661 2440 4718 examen,

1461 4729 1547 4811 quod
1568 4749 1728 4810 nusquam
1745 4725 1897 4792 aberrare
1919 4749 1978 4792 nos
2000 4728 2094 4799 sinat.
2133 4726 2249 4791 Priore
2271 4726 2443 4791 contendit

1461 4816 1587 4879 Paulus
1607 4815 1643 4877 in
1665 4813 1801 4896 epistola
1823 4813 1865 4877 ad
1887 4813 2095 4878 colossenses
2121 4812 2278 4878 adversus
2300 4812 2441 4893 pseudo·

1461 4901 1631 4983 apostolos,
1654 4900 1709 4980 qui
1731 4900 1824 4963 novis
1846 4899 1998 4963 oneribus
2018 4921 2167 4981 premere
2194 4898 2346 4964 ccclesias
2367 4907 2441 4961 ten-

1462 4988 1584 5051 tabant.
1627 4983 1781 5049 Secunda
1809 4985 1914 5067 magis
1943 4985 2047 5049 utitur
2074 4987 2111 5049 in
2134 4985 2263 5050 Galatis
2283 4984 2319 5046 in
2340 4983 2441 5059 simili

1462 5092 1568 5138 causa.
1613 5070 1686 5135 Hoc
1713 5091 1792 5154 ergo
1820 5072 1855 5134 in
1882 5071 2019 5153 epistola
2046 5070 2087 5135 ad
2115 5070 2323 5136 Oolossenses
2345 5089 2441 5134 exse-

1461 5158 1590 5240 quitur,
1619 5177 1683 5220 non
1712 5177 1782 5222 esse
1815 5157 1855 5222 de
1882 5179 1960 5223 vero
1988 5158 2053 5222 Dei
2080 5157 2170 5223 cultu
2196 5154 2371 5239 petendam
2398 5154 2440 5218 ab

1461 5242 1647 5308 hominibus
1682 5241 1881 5322 doctrinam,
1917 5244 1993 5326 quia
2020 5243 2185 5307 Dominus
2212 5241 2352 5307 fideliter
2378 5261 2440 5305 nos

1529 5554 1558 5612 ll
1578 5552 1625 5606 Sic
1648 5551 1723 5606 1559.
1748 5551 1816 5606 1561
1835 5559 1859 5606 et
1876 5552 2038 5606 recentiores
2053 5552 2111 5616 fere
2128 5567 2226 5604 manea
2267 5551 2363 5603 Venus
2378 5551 2451 5614 for-³

1458 5630 1530 5676 ῖθθθθ
1547 5622 1700 5689 legendum:
1722 5630 1781 5684 aut,
1800 5626 1830 5672 ut
1852 5621 1925 5690 quod
1948 5627 2125 5689 reposcerent
2148 5636 2181 5673 ec
2240 5620 2380 5673 accedente
2396 5636 2439 5674 re-

1460 5693 1583 5745 centone
1601 5690 1788 5759 lugdunensis,
1808 5690 2056 5744 omuelodamenes'e
2073 5697 2096 5742 et
2114 5689 2204 5744 tholae
2229 5690 2310 5742 'caea
2376 5716 2381 5726 ι
