5600 6809
406 781 488 845 1025
735 776 825 842 LIB.
847 775 908 841 Π.
951 776 1015 842 DE
1036 773 1272 843 exsertius
1292 775 1461 844 smnus
1482 777 1548 844 AD
1570 775 1802 845 saturum
1844 777 1944 845 OAP.
1966 779 2081 847 XVIL
2325 787 2409 847 1026

403 967 514 1032 sedula
533 965 730 1031 meditatione
746 963 895 1042 adbibita
913 983 1040 1029 sensum
1057 965 1272 1045 amplectimm
1287 985 1377 1046 quern
1425 965 1561 1031 iudaeis
1579 966 1832 1050 comprehensus
1850 974 1908 1046 est,
1927 967 2013 1049 quod
2034 968 2125 1052 ligno
2142 971 2299 1050 confixus,
2318 973 2406 1054 quod

402 1053 538 1134 spiritus
564 1051 629 1116 Dei
655 1051 798 1134 supperit.
854 1050 921 1131 Qruo
939 1050 1014 1131 freti
1045 1050 1235 1132 despicimus
1255 1071 1293 1116 eu
1314 1051 1377 1118 alto
1429 1050 1469 1117 de
1491 1073 1586 1117 cruce
1608 1052 1788 1135 depositus,
1812 1053 1898 1136 quod
1919 1054 2030 1119 linteis
2051 1055 2233 1134 involutus,
2262 1058 2348 1139 quod
2369 1060 2405 1124 in

403 1138 557 1221 quidquid
584 1142 722 1201 terrenae
756 1137 930 1218 sapientiae
957 1140 1062 1200 muna
1088 1135 1261 1217 opponitur.
1306 1135 1376 1202 Imo
1427 1139 1576 1221 sepulcro
1598 1137 1757 1218 conditus,
1787 1139 1873 1222 quod
1890 1140 1925 1203 in
1954 1141 2189 1214 resurrectione
2216 1143 2404 1208 manifesta·

403 1224 543 1304 captiuas
562 1228 698 1287 teumnrs
718 1227 830 1286 ruentes
856 1226 990 1300 nostras,
1012 1242 1051 1286 ne
1070 1222 1194 1286 verbulo
1221 1223 1376 1286 duntaxat
1427 1230 1497 1288 tus:
1525 1244 1594 1289 non
1622 1244 1751 1306 semper
1777 1224 1939 1289 habebitis
1965 1245 2019 1289 me
2045 1227 2221 1291 vobiscum
2268 1226 2403 1309 Quare?

402 1309 592 1391 obstrepere,
623 1328 660 1372 aa
697 1306 917 1384 humiliamus,
956 1327 995 1370 ne
1033 1307 1195 1390 insurpere
1231 1307 1374 1372 audeant.
1426 1310 1580 1391 quoniam
1613 1317 1823 1375 conversatus
1855 1317 1904 1376 est
1935 1309 2115 1376 secundm
2142 1314 2284 1395 corporis
2308 1335 2403 1396 pras·

404 1395 491 1459 Hinc
516 1400 592 1458 nata
618 1398 663 1458 est
686 1393 835 1474 expositio
861 1392 1022 1457 culmum
1056 1390 1189 1471 Obristi,
1221 1412 1316 1473 qnam
1338 1414 1375 1457 en
1427 1397 1567 1460 sentiam
1594 1395 1812 1479 quadraginta
1838 1395 1952 1461 diebus
1979 1418 2055 1461 cum
2082 1397 2248 1480 discipulis
2269 1400 2346 1478 suis,
2369 1407 2404 1466 et

396 1485 546 1562 perpetuo
571 1480 744 1560 scripturae
771 1499 833 1543 usu
853 1479 1058 1543 sacraruntis
1086 1498 1274 1544 mnmmrem
1300 1499 1373 1558 esse,
1405 1478 1662 1546 'deducentibus
1690 1483 1736 1545 eis
1764 1481 1920 1560 videndo,
1945 1503 2010 1546 non
2038 1482 2216 1565 sequendo,
2245 1485 2401 1551 ascendit

402 1587 506 1631 omnes
533 1568 568 1630 in
593 1586 631 1630 ea
656 1565 849 1629 rnediocriter
883 1565 1000 1629 versati
1032 1569 1155 1628 norunt.
1211 1565 1275 1629 Nea
1302 1585 1373 1630 aero
1425 1565 1502 1630 Non
1530 1573 1581 1631 est
1610 1567 1677 1644 hic,
1713 1567 1759 1631 ibi
1789 1568 1876 1631 enim
1904 1567 1995 1632 sedet
2020 1566 2061 1632 ad
2087 1567 2255 1633 dexteram
2288 1571 2401 1653 patris.

399 1653 489 1733 nefas
516 1672 583 1725 essa
608 1651 695 1716 rubis
721 1651 877 1728 ducimus,
913 1655 1037 1714 sanetae
1068 1651 1202 1732 oirqinis
1235 1650 1373 1732 exemplo
1424 1651 1471 1715 Et
1492 1658 1605 1717 tamen
1627 1653 1681 1717 hic
1702 1653 1861 1734 estquis
1881 1675 1947 1717 non
1969 1655 2103 1718 recessit
2124 1656 2309 1736 praesentia
2329 1677 2401 1720 ma·

399 1737 495 1821 (Luc.
530 1739 654 1821 1,34)‚
682 1738 718 1801 in
740 1757 774 1801 re
800 1736 905 1800 ardua
934 1736 1090 1800 senonen
1122 1736 1270 1817 quomodo
1300 1735 1372 1815 fieri
1423 1737 1557 1802 iestatis.
1607 1738 1714 1802 Aliter
1752 1736 1930 1803 secundum
1957 1740 2177 1821 praesentiam
2209 1741 2400 1821 maiestatis,

393 1824 504 1905 possit.
1034 1902 1036 1907 ⁴
1423 1843 1552 1905 semper
1579 1823 1738 1888 habemus
1765 1822 1937 1889 Christum
1944 1847 1952 1902 ;
1980 1823 2159 1889 secuudum
2181 1827 2401 1908 praesentiam

486 1913 536 1972 26.
583 1908 645 1972 Sed
676 1908 752 1988 quia
784 1906 865 1971 rcibil
898 1907 941 1970 ad
973 1907 1220 1987 condrmandam
1241 1908 1371 1987 piorum
1423 1908 1532 1973 carnis
1553 1915 1642 1974 recte
1663 1909 1871 1974 dictumest:
1900 1931 1954 1974 me
1976 1919 2085 1974 autem
2102 1931 2170 1973 non
2191 1931 2321 1994 semper
2340 1912 2400 1976 ha·

397 1994 491 2074 tidem
511 1996 614 2077 maqis
634 1993 753 2072 calebit,
776 2013 871 2074 quam
887 1991 941 2056 ubi
958 1993 1133 2069 didicerint,
1156 2013 1251 2073 quam
1263 1994 1372 2074 posui
1424 1993 1547 2059 habitis.
1602 1994 1730 2059 Habuit
1758 1995 1846 2059 enim
1872 1995 2007 2060 ecclesia
2034 1994 2217 2060 secundum
2244 2017 2400 2078 praesen·

397 2100 469 2144 mus
486 2081 657 2145 doctrinam
674 2099 713 2145 en
728 2099 814 2159 puro
833 2078 896 2143 Dei
913 2077 999 2141 uerbo
1016 2083 1173 2158 sumptam
1195 2100 1268 2157 esse,
1289 2080 1372 2143 eins-
1424 2080 1505 2143 tiam
1526 2081 1635 2146 earnis
1656 2082 1769 2163 paucis
1796 2079 1926 2159 diebus3
1953 2080 2049 2144 modo
2070 2079 2135 2145 fide
2163 2089 2269 2160 tenet,
2298 2083 2400 2148 oculis

398 2186 456 2247 que
484 2167 645 2230 autoritati
667 2166 775 2243 insidi,
804 2164 859 2228 boc
879 2184 998 2244 quoque
1018 2185 1082 2245 qua
1097 2170 1206 2245 potero
1227 2164 1371 2230 breodate
1423 2186 1490 2229 non
1511 2165 1610 2231 videt
1663 2163 1732 2245 Ubi,
1754 2171 1789 2231 ut
1808 2165 1864 2231 loc
1885 2187 2003 2247 quoque
2023 2165 2152 2231 breuiter
2169 2172 2317 2245 annalem,
2339 2168 2399 2231 tri·

391 2252 529 2332 planum
555 2251 682 2333 faciam.
727 2249 847 2332 Corpus
876 2248 1008 2327 Cleristi,
1038 2270 1076 2313 ea
1102 2270 1161 2331 quo
1188 2253 1369 2329 resurrexit,
1423 2250 1483 2316 bus
1511 2250 1617 2316 modis
1645 2272 1721 2315 eum
1745 2252 1839 2317 nobis
1867 2257 2074 2334 praesentem
2097 2252 2189 2330 facit,
2217 2253 2398 2332 maiestate,

397 2357 458 2401 non
485 2337 682 2416 Aristoteles,
717 2337 771 2402 sed
795 2336 930 2416 spiritus
957 2341 1085 2399 sanctus
1117 2336 1215 2401 tradit
1245 2337 1370 2417 finitum
1422 2337 1637 2420 providentia,
1656 2336 1813 2402 ineffabili
1823 2338 1939 2420 gratia,
1958 2337 2018 2402 sub
2031 2357 2096 2419 qua
2111 2338 2284 2404 mirificam
2300 2339 2398 2402 istam

396 2441 477 2500 esse,
507 2443 543 2487 ao
570 2424 649 2488 coelo
672 2422 885 2504 comprobandi
911 2441 1010 2502 usque
1037 2421 1080 2486 ad
1106 2421 1251 2486 ultimum
1277 2422 1367 2486 diem.
1421 2424 1567 2505 corporis
1599 2431 1633 2487 et
1665 2424 1834 2506 sanguinis
1867 2423 1937 2489 eius
1963 2424 2225 2488 communionem
2250 2445 2398 2507 compre-

398 2507 465 2572 Nec
485 2529 533 2573 me
555 2510 640 2586 latet,
663 2509 755 2586 lacos,
776 2509 833 2588 qui
854 2509 890 2570 in
910 2506 989 2570 banc
1010 2527 1076 2572 rem
1097 2509 1244 2585 citamur,
1267 2527 1370 2573 secure
1421 2508 1544 2572 hendo:
1572 2508 1668 2572 modo
1696 2509 1830 2591 spiritus
1859 2510 1963 2574 sancti
1991 2510 2116 2574 virtute
2136 2509 2208 2573 fieri
2229 2509 2395 2592 intelliga-

396 2593 436 2658 ab
453 2595 535 2674 ipsis
555 2595 649 2659 eludi.
698 2594 823 2675 eroties
841 2593 917 2657 dicit
941 2591 1233 2678 Obristus(10ann.
1260 2596 1368 2670 14,12
1421 2614 1510 2672 mus,
1537 2615 1606 2658 non
1633 2595 1748 2659 fictitia
1774 2595 1833 2659 illa
1854 2596 1997 2677 corporis
2023 2595 2127 2677 ipsius
2153 2595 2214 2659 sub
2236 2594 2396 2659 elemento

397 2687 431 2741 et
448 2680 505 2762 28)
527 2700 560 2745 se
578 2681 737 2744 abdurum
757 2679 861 2743 relicto
870 2679 993 2756 mundo,
1014 2680 1180 2761 enapiunt,
1199 2682 1369 2746 discessum
1421 2679 1611 2744 inclusione.
1647 2677 1817 2761 Siquidem
1839 2700 1971 2745 carnem
1988 2702 2023 2746 se
2041 2681 2162 2745 habere
2184 2687 2218 2744 et
2234 2701 2308 2744 ossa
2326 2682 2397 2745 Do·

399 2765 491 2829 illum
501 2767 585 2831 nibil
605 2766 696 2831 alind
718 2785 889 2844 essequam
899 2765 1098 2830 mutationem
1108 2767 1368 2832 mortalisstatus.
1421 2765 1531 2830 minus
1564 2771 1676 2829 noster
1707 2773 1847 2830 testatus
1879 2776 1930 2830 est
1963 2786 2045 2848 quae
2077 2766 2203 2848 palpari
2231 2773 2264 2830 et
2292 2764 2397 2831 videri

396 2851 498 2930 Atqui
533 2852 588 2917 boc
621 2852 709 2916 modo
737 2870 799 2914 reon
824 2849 1019 2915 subddueret
1050 2849 1193 2916 Obristus
1220 2853 1369 2934 spiritum
1421 2859 1562 2934 possent
1598 2851 1645 2914 Et
1666 2851 1756 2915 abire
1777 2850 2017 2926 reascendere,
2039 2872 2105 2914 non
2124 2852 2263 2932 speciem
2285 2871 2398 2916 ascen·

395 2942 547 3015 sanctum,
569 2938 749 3019 supplendo,
770 2940 805 2999 ut
824 2935 1007 3016 loquuntur,
1034 2935 1191 3008 absurdius
1219 2960 1296 3004 suae
1320 2938 1370 3002 do
1421 2938 1529 3003 dente
1550 2936 1763 3018 abeuntisque
1781 2935 1860 3001 dare
1886 2936 2087 3019 significant,
2116 2936 2172 3000 sed
2193 2956 2272 3000 vere
2293 2936 2327 2999 id
2349 2937 2398 3001 fa-
2440 2983 2446 2997 .

393 3021 507 3103 fectum
529 3025 654 3104 quanda
675 3024 710 3086 in
732 3022 820 3086 illius
842 3022 940 3085 locum
968 3042 1028 3084 reon
1049 3024 1195 3101 succedit,
1224 3044 1278 3089 nec
1299 3043 1370 3089 rur-
1422 3044 1494 3089 cero
1523 3022 1608 3105 quod
1637 3023 1739 3087 verba
1765 3029 1892 3086 sonant.
1936 3022 2083 3104 Ergone,
2112 3021 2198 3085 dicet
2224 3021 2397 3102 quispiam,

394 3128 465 3172 sum
485 3109 639 3174 dmmndit
661 3107 805 3173 Christus
831 3108 900 3188 ipse
920 3127 958 3171 ea
979 3109 1098 3173 coelesti
1135 3111 1225 3188 loric,
1247 3116 1281 3174 ut
1301 3130 1370 3175 con
1422 3117 1545 3174 certam
1567 3108 1647 3173 cosli
1669 3107 1839 3191 regionem
1861 3106 1994 3172 Christo
2019 3106 2279 3189 assignabimus?
2324 3107 2398 3189 Ego

394 3194 543 3258 ditionem
579 3194 722 3259 mortalis
755 3194 836 3257 citae
869 3192 1044 3274 acciperet.
1101 3131 1186 3260 bne
1219 3197 1370 3260 aduentus
1422 3203 1532 3260 autem
1564 3215 1639 3260 cum
1666 3194 1855 3276 Augustino
1870 3192 1895 3276 ¹)
1922 3192 2117 3274 respondeo,
2145 3192 2399 3256 euriosissimam

395 3280 531 3359 spiritus
562 3287 591 3345 et
623 3299 769 3344 ascensus
803 3277 922 3343 Christi
948 3279 1098 3344 antitbeta
1125 3286 1211 3346 suut:
1244 3283 1370 3362 ideoque
1419 3302 1492 3346 asse
1514 3280 1599 3346 hanc
1622 3287 1655 3343 et
1676 3299 1953 3361 supervacaneam
1974 3278 2207 3361 quaestionem,
2229 3277 2325 3342 modo
2347 3284 2398 3341 ta·

394 3365 467 3445 fieri
488 3387 550 3430 non
564 3371 666 3447 potest
691 3371 726 3430 ut
752 3365 854 3430 eodem
874 3364 962 3428 modo
983 3365 1151 3430 secundum
1173 3387 1297 3432 carerem
1318 3387 1370 3431 reo
1421 3388 1499 3431 men
1519 3366 1556 3429 in
1578 3365 1666 3431 coelo
1687 3386 1758 3430 esse
1779 3364 1958 3430 credamus.
1995 3421 1997 3427 .

395 3451 514 3514 mecum
546 3451 660 3515 labda
693 3450 851 3529 Christus,
884 3470 943 3531 quo
971 3452 1120 3531 spiritum
1151 3473 1246 3517 suum
1269 3453 1369 3517 mittit.
1508 3457 1559 3516 27.
1607 3451 1691 3532 Quid
1717 3472 1802 3531 aero,
1824 3452 1912 3515 toties
1933 3450 2095 3531 repetitum
2115 3468 2263 3513 ascensus
2279 3468 2398 3525 neuun,

395 3535 489 3601 Adde
520 3538 601 3618 quod
629 3537 741 3602 dicate
768 3537 929 3618 caprini,
961 3557 994 3600 se
1019 3557 1089 3602 oum
1115 3539 1282 3620 discipulis
1308 3559 1370 3603 uon
1422 3557 1526 3602 annon
1546 3539 1761 3621 miqrationem
1782 3536 1822 3602 ab
1842 3557 1905 3601 uno
1926 3536 1989 3601 laco
2005 3537 2042 3600 in
2064 3536 2195 3600 1111111111
2216 3533 2400 3617 siquidem?

395 3641 515 3703 semper
546 3623 613 3704 fore
645 3625 681 3686 in
713 3623 835 3687 munda.
880 3622 949 3687 Hoc
979 3624 1073 3687 diam
1101 3624 1219 3688 dictum
1239 3625 1371 3706 pulclre
1424 3622 1564 3707 Negant:
1590 3624 1668 3704 quia
1691 3644 1752 3704 per
1780 3623 1978 3687 atntudinem
2003 3622 2174 3687 secuudum
2203 3640 2252 3684 eos
2278 3623 2401 3684 tantum

394 3708 599 3773 sibidiluere
624 3709 785 3774 meum:
810 3711 905 3789 quasi
926 3714 1013 3792 nepa
1036 3707 1180 3788 Gluistm
1201 3731 1234 3775 se
1248 3731 1371 3792 paupe·
1421 3714 1545 3775 notatur
1571 3710 1700 3792 imperii
1727 3710 1884 3773 maiestas.
1930 3706 1993 3772 Sed
2018 3708 2096 3789 quid
2123 3709 2192 3789 ipsc
2213 3704 2400 3771 ascendendi

395 3815 460 3859 rem
486 3798 513 3858 et
541 3796 691 3859 miserum
717 3795 936 3877 suspersam,
958 3796 1006 3860 ael
1026 3796 1257 3862 necessitatibus
1277 3797 1370 3861 eadm
1421 3795 1556 3860 modus?
1584 3815 1689 3859 annon
1715 3793 1925 3876 spectantibus
1944 3793 2112 3874 discipulis
2132 3794 2168 3857 in
2185 3791 2314 3856 aalma
2335 3811 2399 3855 eoe-

394 3900 448 3945 cae
473 3881 555 3944 uitae
582 3881 754 3945 obnoxium.
798 3881 898 3962 Atqui
925 3881 1155 3947 circumdantia
1178 3882 1236 3947 loci
1257 3883 1371 3964 palam
1421 3880 1532 3946 bitur?
1555 3900 1661 3945 annon
1685 3881 1770 3946 clare
1795 3883 1930 3944 narrant
1950 3880 2155 3963 eoanqelistae
2174 3881 2329 3957 receptum
2349 3876 2401 3957 fu-

394 3967 558 4031 reclamat:
579 3967 701 4047 quando
718 3986 780 4030 non
802 3969 908 4049 aqitnr
928 3969 967 4032 de
987 3973 1115 4051 egestate
1136 3974 1163 4033 et
1183 3969 1302 4049 iuopia,
1324 3968 1371 4032 cel
1422 3969 1485 4032 isse
1510 3968 1546 4030 in
1570 3966 1690 4033 coelos?
1735 3965 1909 4047 Excipiunt
1935 3967 2020 4030 acuti
2041 3966 2097 4029 isti
2121 3962 2292 4044 sophistae,
2320 3961 2400 4027 nube

395 4053 509 4116 misero
533 4057 671 4116 terrem
702 4052 783 4116 uitae
809 4057 905 4130 datu,
939 4054 993 4117 sed
1018 4055 1057 4117 de
1083 4053 1168 4119 cultu
1195 4060 1223 4120 et
1249 4054 1370 4118 bonore.
1421 4054 1606 4134 interposita
1626 4053 1808 4117 subductum
1832 4051 1934 4133 fuisse
1954 4044 2164 4131 erumpens,
2192 4054 2227 4113 ut
2247 4049 2401 4114 discerent

404 4136 511 4203 chtio
537 4137 704 4218 discipulis
730 4158 791 4201 uon
817 4138 969 4218 placebat,
997 4140 1077 4218 quod
1094 4145 1243 4221 putarent
1263 4159 1371 4220 super·
1421 4138 1527 4220 fideles
1560 4159 1622 4203 non
1648 4137 1716 4218 fore
1736 4143 1846 4219 postea
1871 4138 1906 4201 in
1932 4137 2047 4202 mundo
2080 4134 2243 4200 risibilem
2298 4134 2400 4213 Quasi

394 4244 527 4289 uacuum
549 4229 577 4286 et
597 4223 739 4288 inutilem
760 4243 825 4288 esse
846 4229 1005 4304 sumptum
1025 4224 1216 4289 etlunuriae
1233 4224 1370 4305 astinem,
1422 4245 1493 4289 nero
1513 4244 1575 4289 non
1596 4222 1734 4288 debuerit
1749 4224 1859 4307 potius
1878 4228 2027 4287 uramenta
2047 4239 2229 4297 moncscme,
2251 4221 2287 4280 ut
2305 4217 2400 4297 fidem

395 4311 523 4390 ideoque
544 4311 579 4372 in
596 4329 753 4391 pauperes
774 4310 950 4389 impensum
969 4310 1153 4375 maluissent
1171 4310 1312 4391 pretium
1332 4310 1371 4373 il-
1421 4311 1536 4392 faceret
1551 4311 1752 4390 praesentiae
1779 4309 1965 4389 temnus,
1986 4308 2033 4372 ael
2053 4307 2147 4370 nubes
2167 4324 2238 4368 eum
2260 4301 2399 4384 collique

395 4395 459 4473 iud,
481 4396 563 4475 quod
584 4396 665 4460 male
680 4395 852 4477 profusum
871 4396 973 4477 fuisse
988 4397 1151 4476 putabant.
1197 4396 1371 4478 Respondet
1422 4417 1483 4461 nan
1514 4395 1653 4461 debuerit
1683 4400 1849 4477 antequam
1873 4395 1986 4475 pedem
2019 4395 2156 4458 mouerd.
2205 4388 2296 4453 Dum
2326 4407 2399 4453 aero

400 4478 544 4546 omues
565 4501 598 4546 se
618 4502 680 4545 non
697 4501 818 4561 semper
837 4480 904 4561 fore
923 4487 1114 4561 praesentem
1132 4485 1166 4546 ut
1182 4482 1241 4547 tali
1259 4482 1371 4547 bonore
1423 4481 1567 4547 srcblimis
1586 4482 1689 4563 fortier
1708 4480 1745 4545 in
1761 4501 1872 4559 aaran,
1893 4485 1922 4544 et
1942 4479 2080 4544 subiecta
2105 4475 2184 4540 nube
2205 4494 2238 4538 se
2260 4473 2400 4572 amplius

398 4565 517 4629 colatur
546 4566 758 4650 (1111111126,
791 4565 854 4650 ll).
901 4567 965 4632 Nec
985 4567 1077 4632 aliter
1097 4569 1239 4650 exposuit
1260 4569 1372 4652 Anqu-
1423 4571 1459 4633 in
1486 4573 1572 4632 terra
1598 4568 1810 4648 quaerendum
1836 4586 1897 4631 non
1923 4586 1988 4629 esse
2016 4565 2114 4639 daed,
2141 4565 2210 4657 luto
2225 4559 2399 4657 calluimus

398 4650 519 4727 stinus,
552 4654 642 4717 cuius
673 4653 747 4718 laec
778 4653 907 4718 minime
938 4653 1086 4737 ambiqua
1117 4659 1191 4717 sunt
1221 4655 1329 4720 verbm
1346 4655 1371 4738 ¹)
1423 4654 1617 4719 domicilium
1644 4673 1727 4718 nunc
1747 4654 1776 4717 ei
1797 4654 1833 4717 in
1852 4651 1944 4717 coelis
1965 4669 2044 4713 esse:
2069 4648 2148 4712 sieut
2170 4651 2263 4709 etiam
2278 4648 2400 4741 ‘asserit

399 4733 548 4820 Quum2)
571 4736 693 4802 diceret
714 4738 877 4816 Christus,
900 4760 954 4804 me
971 4761 1039 4804 non
1061 4754 1190 4823 semper
1211 4740 1372 4807 habebitis
1426 4740 1551 4805 Paulus
1572 4739 1675 4826 (Phil.
1688 4743 1717 4818 3,
1730 4740 1795 4821 20),
1818 4742 1845 4802 et
1866 4736 1940 4800 inde
1961 4756 1982 4798 a
2002 4733 2091 4797 nobis
2111 4729 2397 4828 enspedamnrubet.

399 4821 576 4898 vobiscum,
598 4821 791 4904 loquebatur
812 4824 852 4890 de
879 4827 1065 4908 praesentia
1090 4827 1241 4909 corporis.
1285 4827 1373 4891 Nam
1426 4826 1497 4891 Hac
1517 4827 1638 4891 ratione
1657 4826 1821 4890 adnmnent
1845 4821 1950 4903 anqeli
1975 4820 2064 4902 (Act.
2092 4822 2118 4916 l,
2141 4814 2197 4966 ly
2218 4815 2398 4913 desupulos,

399 4906 579 4972 seeundum
612 4909 814 4974 maiestatem
848 4934 955 4990 suam,
989 4913 1172 4979 secundum
1198 4912 1373 4996 providen-
1423 4913 1549 4995 frustra
1574 4932 1625 4976 eos
1650 4912 1686 4975 in
1713 4909 1829 4974 eodum
1853 4906 2027 4988 auspicem
2056 4924 2134 4984 quea
2182 4920 2253 4966 estis
2270 4920 2326 4982 qur
2347 4919 2399 4964 as-

399 4994 495 5068 tiam‚
519 4991 698 5057 secundum
718 4995 916 5062 ineffabilem
943 5007 976 5063 et
1002 4999 1200 5066 invisibilem
1222 5000 1372 5083 gratiam,
1424 5003 1567 5081 sumptus
1587 5002 1632 5062 cst
1652 4998 1687 5059 iu
1707 4993 1835 5071 eodum,
1864 4993 1911 5056 sic
1932 4991 2030 5056 ueniet
2050 4987 2307 5070 qmnednodum
2328 5004 2399 5050 enm

398 5078 556 5161 impletur
577 5075 663 5160 quod
681 5076 722 5143 ab
739 5098 777 5141 eo
794 5079 997 5147 dictumest:
1022 5106 1104 5162 ecce,
1127 5107 1187 5169 ego
1205 5086 1372 5152 vobiscum
1424 5085 1568 5151 induant
1588 5080 1756 5147 ascendere.
1799 5077 1864 5142 Hic
1884 5097 2002 5159 quoque
2020 5077 2132 5159 faceta,
2155 5078 2189 5138 ut
2210 5071 2272 5138 sibi
2294 5071 2399 5168 uideu-
2467 5134 2471 5143 ,

399 5186 473 5230 sum
496 5184 600 5247 usque
622 5163 662 5228 ad
691 5166 1004 5230 consummationem
1032 5170 1167 5248 saeculi;
1194 5171 1374 5237 secundum
1425 5176 1486 5250 tur,
1504 5166 1753 5252 terqiaersatione
1762 5164 1915 5248 effuqiunt
1923 5183 2020 5228 sanae
2036 5163 2193 5227 dodrinae
2209 5158 2397 5254 adonemi,

399 5272 532 5316 samem
554 5271 632 5316 vero
653 5269 754 5331 quam
775 5249 913 5313 verbnm
931 5253 1115 5334 assumpsit,
1138 5256 1319 5320 secundum
1339 5256 1374 5322 id
1425 5261 1587 5322 venturum
1606 5257 1677 5315 tunc
1697 5249 1860 5329 inibidem,
1882 5249 1938 5330 qui
1959 5267 2120 5330 nunquam
2141 5251 2264 5310 eterra
2285 5243 2399 5339 desces-

399 5336 485 5419 quod
520 5336 560 5401 de
593 5336 721 5420 virgine
749 5341 848 5399 natus
877 5341 940 5415 est,
974 5336 1154 5402 secundum
1181 5337 1216 5401 id
1240 5339 1327 5421 quod
1355 5362 1376 5405 a
1426 5343 1482 5417 sit,
1515 5339 1592 5420 quin
1619 5336 1706 5417 apud
1726 5356 1802 5402 siros
1828 5334 1997 5400 inuisibilis
2018 5335 2149 5397 umnam.
2204 5327 2303 5408 Quas
2328 5346 2399 5391 vero

305 5435 307 5439 ’
1426 5426 1529 5505 anqeli
1562 5422 1714 5503 duplicem
1739 5422 1805 5487 utic
1826 5420 2040 5504 praesentiam
2066 5415 2240 5491 iminneut
2275 5431 2312 5477 ac
2337 5431 2400 5477 non

470 5628 499 5694 1)
518 5628 607 5681 Tract.
631 5628 659 5680 in
685 5628 778 5681 Ioann.
796 5626 845 5692 50,
869 5626 910 5681 13.
980 5625 1010 5695 2)
1032 5624 1110 5681 Haec
1127 5641 1160 5680 ea
1177 5627 1201 5693 §-
1224 5627 1267 5682 28.
1284 5644 1373 5697 praec

399 5695 463 5751 edu.
954 5697 957 5703 '
1495 5697 1526 5766 1)
1542 5698 1620 5762 Libr,
1634 5697 1668 5750 de
1684 5698 1738 5751 tide
1753 5701 1785 5751 ¹st
1800 5697 1888 5766 symb.
1905 5712 1964 5790 ⁰⁸.p‘
1982 5692 2007 5747 6.

457 5831 461 5840 .
508 5782 723 5852 Calviniopera.
765 5781 823 5838 Vol.
837 5781 881 5836 11.
