5600 6809
430 777 494 843 eor
1009 803 1012 809 ‚
1079 767 1346 837 msurnuuro
1367 769 1474 853 aaa.
1497 765 1678 836 enema.
1703 773 1796 835 aaa.
1906 804 1912 815 -
2025 825 2029 830 s
2377 773 2444 834 ece

431 965 511 1029 mali
530 963 657 1028 semina
674 960 849 1039 exstitisse,
868 959 1126 1024 utecclesiarum
1145 966 1287 1024 rectores
1304 960 1411 1043 negli·
1463 958 1627 1024 vastitatis
1658 958 1795 1040 plenum
1828 957 1928 1021 chaos
1961 959 2179 1035 somniarent,
2213 956 2270 1022 ubi
2297 957 2444 1040 episcopi

305 1038 314 1065 '
433 1050 597 1133 gentiores
625 1049 660 1111 in
688 1045 832 1111 docendo
859 1066 931 1110 esse
958 1045 1154 1127 inciperent,
1183 1046 1259 1127 quia
1280 1045 1314 1108 id
1336 1066 1411 1130 gra·
1464 1044 1517 1107 vel
1548 1042 1657 1120 rudes,
1681 1043 1933 1125 utplurimum,
1962 1044 2047 1106 asini
2074 1052 2161 1120 sunt,
2184 1043 2241 1125 qui
2269 1044 2444 1125 neprima

433 1136 519 1200 viter
540 1131 660 1198 alicubi
678 1133 895 1215 conqueritur.
915 1130 939 1215 ¹)
982 1128 1140 1207 Mundus,
1162 1130 1280 1212 inquit,
1303 1152 1411 1196 sacer-
1464 1127 1596 1212 quidem
1624 1136 1659 1193 et
1684 1128 1812 1210 plebeia
1839 1128 1916 1193 fidei
1945 1129 2133 1193 rudimenta
2159 1138 2287 1208 tenent,
2311 1138 2368 1193 aut
2389 1128 2444 1191 in·

434 1219 565 1287 dotibus
586 1219 705 1301 plenus
728 1225 793 1297 est;
824 1216 881 1283 sed
909 1225 1020 1280 tamen
1048 1216 1085 1279 in
1112 1237 1218 1281 messe
1244 1237 1338 1281 rarus
1359 1218 1411 1281 in-
1464 1214 1595 1280 tardum
1622 1216 1718 1297 pueri
1744 1235 1764 1277 a
1792 1214 1922 1280 nutrice
1948 1214 2056 1279 adhuc
2084 1222 2247 1293 recentes;
2275 1224 2308 1279 et
2334 1216 2363 1279 si
2384 1214 2444 1297 qui

434 1307 566 1372 venitur
595 1312 758 1388 operator:
788 1305 864 1386 quia
890 1302 1033 1366 officium
1055 1301 1189 1385 quidem
1211 1302 1411 1367 sacerdotale
1466 1300 1625 1365 doctiores
1653 1310 1744 1378 sunt,
1774 1299 1861 1382 quod
1890 1307 2001 1364 tamen
2030 1302 2143 1365 rarum
2166 1309 2216 1364 est
2244 1300 2442 1382 exemplum,

434 1391 644 1474 suscipimus,
667 1389 724 1455 sed
745 1410 833 1471 ,opus
860 1387 958 1452 officii
985 1407 1053 1450 non
1081 1387 1265 1470 implemus.
1310 1389 1410 1452 Item:
1465 1388 1690 1468 episcopatum
1718 1385 1803 1449 nihil
1836 1385 1924 1448 aliud
1952 1406 2023 1450 esse
2050 1394 2169 1470 putant
2200 1407 2299 1468 quam
2330 1386 2444 1469 splen-

435 1479 513 1560 quia
541 1476 687 1542 caritatis
719 1476 845 1541 viscera
877 1495 944 1538 non
976 1472 1115 1550 habent,
1151 1474 1275 1538 domini
1306 1474 1414 1539 videri
1466 1472 1553 1536 doris
1571 1480 1605 1535 et
1621 1472 1884 1555 magnificentiae
1902 1471 2051 1551 titulum;
2068 1471 2126 1536 ubi
2143 1472 2354 1537 ecclesiarum
2371 1493 2445 1536 rec·
2558 1497 2560 1499 ¹

435 1563 565 1629 volunt:
589 1569 699 1644 patres
722 1583 756 1625 se
778 1560 913 1622 minime
934 1567 1187 1642 recognoscunt3
1216 1560 1413 1625 humilitatis
1466 1565 1553 1622 tores
1575 1578 1643 1620 non
1669 1557 1774 1640 magis
1796 1555 1836 1622 de
1863 1555 2025 1639 pascendo
2047 1579 2147 1641 grege
2176 1560 2321 1641 cogitant
2342 1579 2444 1640 quam

435 1650 544 1714 locum
561 1648 597 1711 in
619 1646 792 1710 elationem
811 1644 1041 1709 dominationis
1058 1651 1197 1709 mutant.
1231 1646 1331 1710 Item:
1355 1645 1413 1711 sed
1466 1653 1557 1709 sutor
1576 1643 1619 1707 de
1647 1641 1783 1722 arand03
1812 1641 1870 1706 ubi
1892 1643 2003 1707 omnia
2023 1644 2098 1726 plus
2126 1666 2225 1726 quam
2248 1643 2445 1727 babylonica

436 1756 505 1810 nos,
529 1755 547 1797 o
569 1741 722 1815 pastores,
745 1729 824 1813 quid
845 1730 988 1814 agimus,
1010 1731 1065 1811 qui
1087 1731 1273 1796 mercedem
1300 1752 1413 1797 conse-
1466 1728 1676 1811 dissipatione
1706 1729 1753 1794 sic
1780 1729 1915 1794 conlhsa
1941 1738 2034 1806 sunt,
2061 1738 2100 1793 ut
2121 1730 2251 1794 nullum
2275 1729 2445 1814 integrum

458 1821 576 1896 uimur,
595 1826 629 1880 et
644 1817 785 1900 operarii
803 1838 870 1881 non
888 1815 1023 1880 sumus?
1044 1814 1085 1879 ad
1103 1817 1266 1881 exteriora
1282 1819 1414 1901 negotia
1466 1815 1643 1898 vestigium
1669 1823 1826 1897 paternae
1852 1813 1941 1879 illius
1975 1814 2190 1899 ordinationis
2217 1815 2358 1897 amplius
2385 1836 2444 1899 ap·

436 1841 562 1985 delapsi
586 1924 714 1980 sumus,
745 1910 779 1966 et
803 1901 891 1967 aliud
914 1901 1125 1983 suscipimus,
1155 1902 1245 1966 aliud
1267 1911 1413 1985 praesta-
1466 1909 1587 1983 pareat.
2155 1969 2160 1978 ,

435 2011 509 2054 mus
516 2013 524 2068 ;
546 1989 766 2052 ministerium
787 1986 1038 2071 praedicationis
1060 1987 1289 2069 relinquimus,
1318 1998 1352 2053 et
1372 1988 1414 2052 ad
1556 1992 1602 2050 14.
1648 1984 1739 2066 Quid
1761 1986 1789 2049 si
1811 1985 1853 2049 ad
1874 2006 1982 2050 mores
2010 1985 2266 2051 descendamus?
2296 1986 2352 2051 ubi
2380 1987 2446 2051 erit

435 2096 574 2158 poenam
597 2083 759 2151 nostram,
788 2082 826 2136 ut
846 2073 956 2150 vidae,
986 2073 1129 2156 episcopi
1157 2095 1328 2154 vocamur,
1357 2075 1414 2157 qui
1464 2072 1523 2135 illa
1553 2073 1612 2136 lux
1645 2071 1759 2135 mundi
1792 2092 1891 2152 quam
1921 2069 2074 2137 Christus
2107 2072 2271 2154 requirit?
2306 2073 2362 2150 ubi
2395 2073 2445 2137 sal

437 2160 571 2224 honoris
592 2181 722 2236 nomen,
744 2180 812 2222 non
835 2158 977 2235 virtutis,
1000 2164 1161 2223 tenemus.
1185 2159 1298 2240 Quum
1321 2169 1415 2226 tanta
1465 2157 1593 2223 terrae?
1622 2157 1679 2222 ubi
1707 2157 1764 2221 illa
1792 2157 1948 2222 sanctitas
1970 2178 2053 2239 quae
2076 2158 2166 2222 velut
2187 2168 2345 2240 perpetua
2366 2179 2444 2224 cen-

436 2246 612 2311 verborum
631 2246 806 2327 asperitate
825 2251 937 2308 utatur
957 2243 1114 2309 adversus
1137 2248 1264 2328 eosqui
1283 2254 1414 2310 tantum
1466 2266 1544 2309 sura
1570 2264 1641 2309 esse
1668 2242 1791 2324 possit?
1825 2243 1945 2307 Nullus
1975 2242 2072 2308 hodie
2094 2251 2144 2308 est
2172 2243 2343 2308 hominum
2363 2244 2444 2308 ordo

436 2340 532 2397 erant
563 2332 598 2394 in
631 2328 738 2394 officio
772 2331 881 2394 minus
920 2329 1043 2394 assidui
1075 2331 1129 2396 vel
1160 2331 1284 2409 seduli,
1324 2332 1412 2415 quid,
1465 2331 1571 2413 magis
1594 2328 1725 2393 infamis
1747 2329 1836 2405 luxu,
1859 2328 2004 2407 mollitie,
2028 2327 2165 2408 deliciis,
2189 2330 2278 2393 omni
2301 2330 2444 2413 denique

435 2437 568 2500 quaeso,
599 2415 748 2480 dicturus
777 2423 864 2480 esset
889 2417 917 2478 si
945 2414 1072 2481 videret
1099 2436 1141 2480 ex
1168 2418 1325 2499 episcopis
1346 2418 1414 2482 fere
1466 2438 1586 2499 genere
1607 2414 1796 2492 libidinrun3
1819 2414 1910 2478 nullo
1932 2437 1975 2479 ex
1991 2413 2105 2479 ordine
2122 2415 2263 2497 aptiores
2281 2424 2339 2480 aut
2355 2417 2445 2499 peri·

379 2569 381 2573 Α
436 2503 580 2578 nullum,
604 2509 661 2565 aut
683 2509 771 2565 certe
792 2502 1016 2583 paucissimos,
1039 2523 1081 2565 ex
1102 2501 1236 2584 reliquis
1258 2505 1315 2567 vix
1337 2526 1414 2569 een·
1465 2503 1565 2567 tiores
1587 2500 1694 2565 omnis
1723 2501 1935 2582 imposturae,
1961 2500 2102 2579 fraudis,
2130 2500 2341 2583 proditionis,
2369 2524 2445 2584 per-

436 2588 590 2652 tesimum
618 2607 778 2668 quemque
805 2593 996 2670 suggestum
1022 2588 1122 2652 semel
1150 2596 1219 2652 tota
1247 2590 1315 2654 vita
1336 2608 1414 2653 con·
1466 2587 1562 2659 fidiae
1583 2587 1749 2669 magistri3
1779 2605 1941 2667 nusquam
1964 2593 2093 2650 tantum
2115 2585 2157 2650 ad
2184 2586 2368 2651 nocendum
2390 2587 2445 2653 vel

437 2671 613 2738 scandere?
665 2672 752 2735 Nam
782 2693 819 2736 eo
850 2672 969 2737 furoris
1002 2680 1137 2737 ventum
1167 2682 1218 2738 est
1244 2684 1282 2738 ut
1312 2676 1413 2758 vulgo
1467 2673 1631 2750 solertiae,
1659 2672 1713 2738 vel
1741 2671 1904 2736 audaciae.
1956 2672 2060 2737 Taceo
2082 2674 2218 2751 fastum,
2233 2675 2443 2755 superbiam,

437 2758 645 2822 existimetur
671 2777 724 2821 res
752 2757 926 2841 episcopali
960 2757 1119 2841 dignitate
1147 2761 1295 2838 inferior,
1336 2782 1414 2826 con·
1466 2759 1693 2842 rapacitatem,
1717 2757 1895 2822 saevitiam
1941 2758 2047 2822 Taceo
2069 2758 2260 2823 dissolutam
2281 2761 2317 2823 in
2338 2760 2446 2823 omni·

437 2843 563 2909 cionem
586 2842 628 2906 ad
650 2841 806 2924 populum
827 2841 956 2907 habere.
992 2845 1152 2927 Tempore
1174 2846 1339 2911 Bernardi
1360 2869 1415 2911 res
1466 2846 1527 2910 bus
1554 2844 1641 2907 vitae
1669 2842 1818 2925 partibus
1845 2842 2020 2908 licentiam.
2072 2843 2201 2924 Quibus
2227 2845 2370 2911 ferendis
2397 2847 2447 2910 ita

437 2929 604 3010 aliquante
622 2928 728 3010 magis
745 2928 916 3010 prolapsae
934 2936 1043 3008 erant;
1066 2931 1124 2995 sed
1146 2931 1297 2996 videmus
1315 2934 1415 2997 etiam
1467 2930 1622 3011 fatigatus
1643 2939 1693 2994 est
1712 2928 1866 3007 mundus,
1889 2935 1926 2991 ut
1947 2929 2128 2994 verendum
2150 2952 2216 2994 non
2239 2932 2281 2995 sit
2301 2952 2343 2994 ne
2363 2930 2446 3012 quid

438 3036 537 3097 quam
570 3013 695 3078 acerbis
726 3014 1006 3097 obiurgatiouibus
1036 3015 1213 3082 invehatur
1239 3018 1275 3081 in
1308 3025 1415 3082 totum
1467 3015 1608 3079 nimium
1639 3035 1838 3099 exaggerare
1866 3014 1991 3080 videm·
2040 3015 2153 3082 Unum
2182 3016 2252 3081 dico
2278 3014 2364 3098 quod
2390 3017 2446 3080 in·

437 3098 602 3178 ordinem,
626 3119 723 3181 quem
744 3107 855 3163 tamen
878 3099 1032 3165 credibile
1049 3110 1100 3165 est
1126 3103 1226 3168 fuisse
1246 3112 1325 3169 tunc
1347 3125 1416 3169 non
1467 3102 1567 3167 fitiari
1594 3121 1636 3164 ne
1663 3101 1727 3183 ipsi
1754 3099 1886 3183 quidem
1906 3107 2069 3183 poterunt.
2113 3102 2167 3165 Ex
2190 3102 2349 3184 episcopis
2375 3102 2447 3165 fere

436 3184 534 3268 paulo
556 3185 771 3268 integriorem
792 3204 889 3267 quam
911 3207 999 3251 nunc
1021 3186 1072 3251 sit.
1467 3187 1611 3265 nullum,
1639 3208 1681 3251 ex
1702 3186 1932 3269 parochiarum
1959 3187 2131 3268 praefectis
2153 3209 2221 3251 nen
2242 3210 2312 3253 esse
2334 3197 2447 3252 cente-

527 3273 574 3333 13.
627 3267 725 3350 Quod
752 3270 780 3335 si
809 3272 881 3353 quis
914 3278 1016 3335 totam
1050 3273 1135 3340 hanc
1168 3275 1415 3358 gubematienis
1468 3274 1587 3337 simum
1614 3293 1790 3355 quemque,
1820 3272 1912 3337 euius
1941 3273 1970 3336 si
2002 3272 2042 3336 de
2069 3273 2215 3338 moribus
2242 3274 2377 3339 ferenda
2404 3275 2448 3338 sit

437 3355 674 3421 ecclesiastieae
701 3355 818 3420 faciem
845 3377 929 3440 quae
958 3357 1055 3422 hodie
1087 3360 1148 3424 sub
1177 3362 1326 3444 papismo
1354 3371 1414 3440 est,
1468 3358 1648 3426 secundum
1676 3369 1804 3423 veteres
1838 3377 1979 3422 canones
2012 3358 2191 3437 sententia,
2225 3381 2292 3424 non
2320 3360 2364 3425 sit
2392 3359 2445 3424 vel

437 3443 501 3505 rite
533 3439 718 3525 perpendat
746 3461 784 3505 ac
817 3443 977 3521 excutiat,
1011 3446 1154 3526 reperiet
1185 3447 1316 3511 nullum
1343 3468 1415 3512 esse
1467 3443 1815 3522 excommunicandus,
1849 3443 1904 3508 vel
1935 3444 2111 3508 minimum
2138 3467 2158 3509 a
2190 3467 2325 3510 munere
2354 3445 2446 3510 abdi·

437 3527 644 3611 spoliarium,
672 3528 710 3590 in
737 3546 801 3609 quo
828 3527 1030 3593 licentiosius
1058 3531 1129 3594 sine
1157 3531 1230 3614 lege
1258 3542 1292 3596 et
1318 3532 1416 3597 modo
1468 3529 1600 3596 candus.
1656 3529 1781 3593 Videor
1814 3527 1937 3612 aliquid
1973 3529 2165 3607 incredibile
2198 3531 2325 3610 dicere,
2365 3531 2445 3596 adeo

436 3613 581 3677 latrones
614 3620 816 3696 grassentur.
869 3613 969 3679 Certe
1002 3617 1113 3679 omnia
1145 3616 1215 3682 illic
1242 3639 1262 3682 a
1288 3617 1417 3684 Christi
1466 3618 1577 3701 prisca
1596 3615 1655 3680 illa
1676 3615 1862 3698 disciplina,
1885 3635 1968 3697 quae
1990 3616 2189 3681 exactiorem
2210 3637 2383 3682 censuram
2406 3616 2446 3682 de

438 3699 649 3763 institutione
676 3697 757 3763 adeo
785 3698 955 3764 dissimilia
981 3709 1075 3780 sunt,
1105 3701 1172 3767 imo
1195 3701 1311 3783 aliena,
1334 3703 1416 3769 adeo
1466 3702 1613 3767 moribus
1634 3701 1713 3766 cleri
1734 3702 1807 3766 fieri
1833 3700 2067 3784 praecipiebat,
2096 3702 2268 3780 obsolevit;
2296 3703 2354 3768 sed
2376 3725 2445 3767 om·

440 3782 481 3847 ab
508 3783 652 3865 antiquis
681 3783 835 3848 ecclesiae
856 3783 1019 3850 institutis
1045 3806 1083 3850 ae
1104 3788 1252 3855 moribus
1274 3788 1415 3873 degene-
1467 3789 1546 3852 nino
1573 3788 1620 3852 ita
1647 3806 1700 3851 res
1728 3786 1837 3851 habet.
1886 3787 1976 3850 Eant
2002 3809 2091 3852 nunc
2121 3789 2176 3870 qui
2203 3790 2263 3854 sub
2292 3809 2446 3854 romanae

413 3877 572 3946 rrerunt,
605 3867 686 3933 adeo
715 3888 790 3933 eum
818 3879 938 3934 natura
964 3880 998 3936 et
1026 3874 1154 3938 ratione
1181 3883 1347 3959 pugnant,
1377 3884 1417 3939 ut
1467 3873 1553 3940 sedis
1574 3872 1705 3938 vexillis
1727 3879 1761 3937 et
1782 3872 1936 3955 auspiciis
1957 3872 2112 3951 militant,
2136 3873 2231 3938 etde
2254 3873 2447 3940 sacerdotali

440 3953 535 4017 nulla
555 3953 661 4017 maior
683 3953 818 4020 Christo
840 3956 913 4020 fieri
940 3957 1062 4022 iniuria
1083 3961 1188 4042 possit
1214 3981 1313 4043 quam
1336 3961 1416 4026 dum
1468 3958 1555 4042 apud
1577 3980 1612 4023 se
1632 3957 1747 4022 ordine
1768 3958 1958 4042 glorientur.
1997 3957 2096 4024 Oerte
2115 3981 2212 4042 quem
2233 3961 2365 4038 habent,
2388 3982 2447 4024 ne·
2538 3991 2545 3999 x

440 4040 511 4103 eius
529 4060 649 4103 nomen
667 4039 708 4104 ad
726 4040 949 4105 defensionem
965 4052 1035 4107 tam
1052 4045 1233 4110 inordinati
1244 4047 1415 4130 regiminis
1467 4065 1531 4128 que
1554 4065 1574 4108 a
1594 4044 1737 4122 Christo,
1758 4065 1864 4127 neque
1884 4043 1926 4108 ab
1949 4045 2018 4109 eius
2040 4046 2203 4127 apostolis,
2226 4068 2331 4129 neque
2349 4069 2369 4110 a
2386 4068 2447 4129 pa·

439 4123 631 4189 obtendunt.
675 4125 761 4204 Nos,
782 4127 954 4208 inquiunt,
978 4151 1093 4194 sumus
1114 4131 1267 4198 ecclesiae
1288 4132 1415 4199 colum·
1467 4131 1582 4209 tribus,
1606 4152 1710 4213 neque
1732 4129 1773 4194 ab
1794 4129 1929 4196 ecclesia
1951 4131 2053 4195 veteri
2076 4153 2147 4197 esse
2166 4144 2302 4198 constat.

437 4230 514 4308 nae,
544 4210 712 4295 religionis
739 4212 918 4291 antistites,
952 4213 1079 4280 Ohristi
1106 4216 1234 4296 vicarii,
1267 4217 1415 4283 fidelium
1557 4221 1605 4280 15.
1650 4214 1818 4281 Prodeant
1834 4237 1921 4281 nunc
1939 4215 1977 4279 in
1997 4216 2144 4281 medium
2162 4218 2304 4295 diaconi,
2334 4224 2367 4280 et
2388 4217 2449 4282 illa

438 4303 561 4379 capita,
594 4297 671 4378 quia
702 4304 848 4379 potestas
881 4300 1059 4381 apostolica
1084 4322 1145 4384 per
1176 4304 1416 4370 successionem
1468 4303 1672 4368 sanctissima
1698 4324 1797 4386 quam
1818 4300 1942 4366 habent
1970 4302 2129 4366 bonerum
2153 4303 2450 4368 ecclesiasticorum

411 4380 480 4448 ad
507 4402 568 4446 nos
600 4383 762 4465 pervenit.
814 4381 919 4464 Quasi
949 4387 1039 4468 apud
1065 4387 1194 4470 stipites
1227 4389 1414 4472 loquantur,
1469 4388 1663 4454 distributio.
1709 4387 1906 4470 Quanquam
1933 4386 2086 4452 diaconos
2113 4408 2188 4452 suos
2213 4387 2253 4450 ad
2280 4406 2352 4449 eam
2372 4408 2449 4453 rem

437 4466 511 4532 istis
544 4468 676 4551 ineptiis
708 4477 866 4551 perpetuo
905 4471 1108 4554 superbiunt.
1165 4472 1305 4553 Quoties
1337 4497 1416 4541 vero
1468 4475 1603 4540 minime
1625 4477 1691 4539 iam
1712 4480 1834 4540 creant.
1879 4473 1972 4537 Nihil
1999 4473 2089 4536 enim
2115 4471 2204 4537 aliud
2231 4473 2311 4554 ipsis
2332 4473 2447 4536 iniun-

436 4552 522 4617 istuc
549 4553 732 4632 iactabant,
761 4557 917 4636 quaeram
944 4555 985 4620 ab
1012 4558 1051 4623 iis
1079 4559 1224 4624 vicissim
1254 4561 1333 4644 quid
1355 4561 1416 4625 ha-
1468 4568 1553 4645 gunt
1573 4560 1640 4626 nisi
1660 4569 1698 4625 ut
1718 4561 1909 4624 ministrent
1931 4559 1973 4623 ad
1994 4557 2107 4636 altare,
2132 4559 2339 4642 evangelium
2361 4561 2446 4624 reci·

437 4636 537 4703 beant
558 4659 634 4704 cum
656 4639 812 4723 apostolis
834 4642 1029 4706 commune?
1063 4645 1140 4708 Non
1162 4647 1252 4711 enim
1274 4647 1314 4712 de
1335 4647 1416 4713 hae-
1467 4656 1540 4712 tent
1560 4655 1617 4711 aut
1639 4655 1766 4725 canant,
1789 4654 1822 4709 et
1843 4645 1953 4709 nescio
1975 4663 2055 4727 quas
2075 4653 2175 4726 agant
2195 4667 2310 4728 nugas.
2350 4645 2446 4709 Nihil

437 4723 593 4789 reditaric
626 4725 735 4808 aliquo
768 4726 893 4790 honore
926 4728 1051 4812 agitur,
1086 4730 1144 4812 qui
1177 4730 1415 4799 dormientibus
1468 4733 1508 4798 de
1535 4732 1767 4816 eleemosynis,
1795 4730 1879 4794 nihil
1907 4729 1947 4794 de
1975 4750 2054 4794 cura
2078 4749 2275 4811 pauperum,
2298 4731 2383 4794 nihil
2404 4730 2450 4796 de.

438 4808 557 4874 deferri
585 4819 696 4892 queat;
724 4810 782 4875 sed
810 4811 850 4876 de
871 4812 1122 4894 praedicationis
1145 4837 1298 4897 munere,
1328 4819 1415 4902 quod
1467 4827 1535 4884 tota
1562 4818 1619 4882 illa
1645 4818 1811 4882 tructione
1838 4836 1937 4898 quam
1964 4814 2042 4877 olim
2075 4815 2241 4897 gerebant.
2291 4818 2343 4881 De
2372 4818 2446 4898 ipsa

437 4895 503 4975 ipsi
524 4903 697 4977 tantopere
719 4895 902 4981 defugiunt.
948 4898 1118 4979 Similiter,
1142 4924 1246 4985 quum
1268 4905 1415 4987 ipsorum
1466 4903 1672 4969 institutione
1694 4902 1824 4984 loquor,
1846 4900 1974 4964 namsi
1997 4909 2182 4982 spectemus
2204 4902 2290 4984 quod
2308 4904 2442 4979 faciunt,

437 4998 579 5075 regnum
600 4981 811 5077 tyrannidem
831 4985 1018 5051 antichristi
1035 5007 1106 5052 esse
1128 4989 1314 5070 asserimus,
1337 5013 1414 5056 con·
1466 5012 1502 5054 re
1529 4990 1600 5070 ipsa
1625 5008 1692 5050 non
1719 5008 1839 5051 munus
1866 4986 1932 5049 illis
1955 4994 2019 5063 est,
2050 4985 2108 5050 sed
2130 4987 2250 5071 gradus
2268 4985 2444 5052 ’duntaxat

352 5090 353 5095 ¹
437 5072 547 5160 tinuo-
565 5067 748 5145 exciprunt,
783 5090 853 5134 esse
885 5070 1107 5138 venerabilem
1140 5074 1231 5138 illam
1264 5075 1361 5140 toties
1394 5096 1415 5138 a
1466 5074 1507 5140 ad
1529 5072 1780 5157 presbyterium.
1824 5072 1902 5137 Una
1923 5072 2026 5150 inre,
2050 5073 2107 5154 qui
2128 5072 2238 5139 locum
2258 5073 2385 5138 diaconi
2406 5074 2443 5135 in

436 5168 566 5233 magius
585 5158 618 5214 et
631 5152 757 5248 'sanctis
775 5155 855 5220 viris
871 5156 1039 5222 laudatam
1056 5159 1291 5226 hierarchiam.'
1309 5159 1414 5240 Quasi
1465 5161 1565 5224 missa
1583 5164 1706 5237 tenent,
1729 5159 1828 5224 inane
1850 5158 2066 5223 simulacrum
2088 5160 2289 5241 antiquitatis
2310 5179 2442 5241 reprae·

436 5255 516 5300 vero
534 5245 640 5301 sancti
657 5244 776 5319 patres,
800 5262 903 5323 quum
921 5244 1173 5310 ecclesiasticam
1192 5245 1414 5311 hierarchiam
1466 5251 1604 5311 sentant.
1649 5245 1829 5329 Recipiunt
1857 5245 1946 5309 enim
1970 5244 2150 5310 oblationes
2171 5256 2247 5310 ante
2273 5263 2442 5310 consecra·

437 5323 688 5420 aut'spirituale
710 5325 866 5408 regimen,
890 5336 930 5392 ut
950 5329 1030 5412 ipsis
1050 5351 1111 5414 per
1131 5353 1250 5398 manus
1272 5330 1313 5395 ab
1335 5351 1414 5413 ape·
1465 5332 1599 5397 tionem.
1644 5331 1727 5395 Fuit
1748 5339 1859 5396 autem
1880 5331 1915 5394 id
1941 5330 2068 5412 antiqui
2089 5330 2189 5395 moris
2210 5340 2248 5394 ut
2268 5338 2345 5395 ante
2367 5349 2442 5395 coe·

437 5406 529 5472 stolis
549 5409 711 5474 traditum
734 5419 813 5490 erat,
837 5414 1112 5497 commendarent,
1136 5418 1197 5484 hoc
1219 5416 1363 5483 deforme
1381 5424 1415 5483 et
1465 5439 1528 5485 nae
1550 5418 1812 5482 communionem
1834 5439 1869 5482 se
1890 5424 2007 5481 mutuo
2029 5415 2255 5480 oscularentur
2275 5414 2388 5480 fideles
2408 5423 2443 5479 et

1465 5504 1690 5587 eleemosynas
1715 5502 1757 5567 ad
1779 5504 1882 5567 altare
1903 5501 2075 5580 offerrent;
2097 5501 2144 5564 ita
2166 5501 2314 5584 symbolo
2337 5500 2441 5583 prius,

1466 5590 1584 5655 deinde
1605 5591 1676 5671 ipsa
1692 5588 1906 5654 beneficentia
1923 5587 2093 5650 caritatem
2110 5607 2204 5651 suam
2221 5585 2442 5651 declarabant

505 5679 533 5742 l)
553 5681 633 5734 Hem.
653 5682 693 5734 17,
1465 5676 1642 5754 Diaeonus,
1664 5675 1721 5757 qui
1742 5693 1937 5740 oeconomus
1957 5679 2029 5737 erat
2047 5691 2238 5756 pauperum,
2264 5671 2443 5755 recipiebat
