5600 6809
414 736 479 797 423
1061 725 1328 794 INSnInWIO
1349 725 1455 791 REL.
1479 724 1659 792 CHRISn.
1685 728 1777 789 1559.
1851 737 1853 740 ’
2362 730 2426 790 424

420 921 558 986 amuda
591 923 636 983 est
660 917 736 998 fidei
766 918 808 981 ad
834 918 959 982 cubum
987 917 1113 995 relatio,
1146 915 1256 980 dande
1282 917 1399 979 salutis
1449 915 1571 996 qratiae
1592 913 1656 978 Dei
1672 917 1776 977 testem
1796 933 1834 977 oc
1854 913 2036 978 ministrum
2057 914 2183 997 decipit,
2205 914 2311 995 filium
2331 935 2427 980 snum

373 1080 375 1084 ¹
420 1006 644 1085 consequentia.
690 1004 798 1084 Neque
819 1009 922 1067 tanren
944 1005 1059 1067 intereo
1075 1002 1246 1082 potentiam
1262 1000 1328 1066 Dei
1348 1022 1399 1064 eu-
1451 1000 1528 1080 capit
1547 1000 1681 1077 meatim,
1704 999 1808 1062 uariis
1822 999 1992 1080 frondibus
2009 1006 2037 1064 et
2058 1003 2241 1082 imposturis
2257 1002 2428 1082 corrumpit

340 1158 347 1167 ,
419 1092 590 1166 cludimus,
622 1090 712 1154 cuius
740 1092 857 1152 intuitu
884 1091 949 1153 nisi
976 1108 1008 1152 se
1031 1087 1111 1166 fides
1132 1091 1289 1164 sustentet,
1319 1107 1400 1149 rrum
1451 1084 1516 1149 Dei
1538 1086 1705 1149 ueritatem.
1748 1083 1893 1166 Denique
1914 1085 2050 1150 ludibrio
2074 1108 2228 1166 mporeens
2249 1086 2338 1150 illins
2356 1107 2428 1168 pro

420 1198 515 1258 quam
544 1176 611 1240 Deo
644 1176 755 1239 tribuet
785 1196 879 1239 suum
910 1175 1061 1238 lionorem.
1113 1172 1244 1237 Videtur
1274 1171 1399 1237 Paulus
1451 1171 1645 1248 missionem,
1679 1175 1830 1251 quantum
1862 1172 1897 1233 in
1930 1191 1962 1235 se
1995 1177 2038 1236 est
2070 1193 2139 1236 eom
2171 1173 2275 1236 abolet.
2320 1172 2429 1253 Neque

420 1263 531 1347 (Rom.
552 1269 587 1337 4,
608 1261 665 1344 21)
693 1261 848 1342 tripidum
877 1260 1028 1341 quiddam
1056 1263 1111 1322 out
1134 1260 1263 1341 vulpam
1283 1259 1400 1338 reform
1453 1261 1554 1318 tamen
1582 1255 1636 1320 boc
1657 1274 1750 1336 opas,
1780 1255 1947 1336 quamlibet
1974 1258 2119 1321 uitiosum
2144 1264 2172 1321 et
2197 1258 2430 1343 reprehensione

417 1350 458 1413 de
479 1347 659 1412 Abrabam:
689 1348 769 1428 quod
796 1345 960 1410 crediderit
981 1344 1103 1420 Deum,
1134 1347 1190 1424 qui
1211 1344 1399 1409 benedictum
1451 1341 1589 1423 diqnum,
1610 1340 1673 1421 fide
1694 1360 1827 1405 uacuum
1848 1342 1926 1422 fuit:
1947 1345 2025 1423 quia
2045 1365 2195 1424 asperare
2216 1344 2316 1407 malta
2337 1344 2430 1424 affero

418 1455 521 1498 ,sunem
543 1434 572 1496 ei
586 1435 783 1512 promiserat,
796 1436 947 1511 potentem
969 1451 1041 1494 esse.
1079 1429 1160 1493 Item
1178 1431 1254 1493 alibi
1266 1429 1299 1511 (2
1315 1430 1397 1492 Tim.
1452 1426 1557 1490 deado
1586 1446 1705 1490 maesse
1729 1427 1792 1507 fou
1819 1432 1855 1490 ut
1880 1433 2036 1508 tantopere
2061 1434 2226 1510 appeteret,
2253 1431 2334 1509 quod
2359 1430 2429 1493 sine

425 1526 450 1597 l,
475 1519 527 1603 12)
549 1521 586 1583 de
608 1539 640 1583 se
662 1520 745 1597 ipso:
770 1519 834 1581 scio
855 1519 905 1579 cui
928 1512 1127 1593 crediderim,
1158 1522 1186 1579 et
1207 1522 1308 1579 certus
1331 1535 1400 1578 sum
1452 1532 1506 1592 spe
1527 1517 1664 1576 terrenae
1684 1512 1834 1577 utilitatis
1854 1514 2027 1596 inqentibus
2054 1516 2204 1580 mamstiis
2228 1520 2256 1580 et
2277 1515 2429 1596 periodis

421 1606 502 1686 quod
520 1611 629 1686 pateus
649 1605 690 1665 sit
709 1604 879 1684 depositum
900 1621 1002 1666 meum
1014 1622 1139 1665 seruare
1153 1604 1185 1665 in
1198 1603 1282 1667 diem
1299 1601 1399 1665 illum.
1451 1600 1599 1678 retirtum
1619 1602 1693 1663 erat.
1735 1596 1836 1662 Sicuti
1856 1604 1997 1663 sanctum
2012 1600 2231 1684 patriarcham
2253 1598 2349 1664 Isaac
2369 1621 2428 1664 nan

431 1691 544 1755 Verum
566 1691 596 1752 si
618 1690 747 1768 quisque
770 1708 871 1751 semem
893 1688 1043 1767 eapendat
1065 1693 1135 1767 quot
1153 1687 1320 1751 identidem
1343 1686 1400 1749 du·
1452 1684 1575 1747 munina
1605 1684 1668 1765 fide
1688 1684 1904 1764 privabimus,
1937 1706 1970 1750 eo
2003 1687 2085 1767 qnod
2119 1687 2297 1760 admonitas
2327 1689 2430 1751 cadero

422 1777 584 1840 bitatioues
606 1776 642 1837 de
663 1776 774 1838 virtute
796 1773 860 1836 Dei
882 1773 1043 1853 obrepunt,
1066 1775 1148 1837 sotis
1170 1778 1322 1854 aquoscet,
1344 1772 1405 1852 qui·
1452 1769 1578 1833 oraculo
1604 1770 1642 1832 de
1668 1768 1780 1832 tranare
1806 1770 1850 1834 ad
1870 1772 2021 1834 minorem
2046 1771 2150 1852 filium
2172 1772 2430 1850 translata,.non

422 1881 490 1926 eom
518 1860 751 1941 maqnifaciunt
778 1864 813 1922 ut
837 1860 935 1941 dipem
963 1863 1022 1937 est,
1055 1879 1116 1922 non
1145 1879 1265 1938 paruos
1291 1859 1401 1939 fecisse
1452 1855 1566 1919 desiuit
1592 1860 1695 1918 mmm
1715 1875 1893 1934 propensus
1919 1876 1984 1921 esse
2012 1859 2048 1920 in
2067 1859 2313 1939 primaqenitum
2335 1877 2430 1922 sunm

297 2010 300 2018 ,
415 1966 603 2028 propressus
636 1947 669 2008 in
699 1946 767 2026 fide.
824 1944 1009 2008 Fatebimur
1040 1965 1143 2007 omrres
1176 1944 1281 2007 Deum
1306 1964 1401 2023 posse
1453 1940 1553 2004 Esau.
1596 1939 1717 2004 Daeent
1737 1946 1814 2004 certe
1834 1940 1908 2006 baec
1929 1945 2079 2023 cnempla,
2102 1963 2222 2007 errores
2242 1964 2334 2026 saepe
2354 1943 2430 2012 teet

421 2032 578 2114 quidquid
599 2032 678 2094 uult:
699 2031 754 2095 sed
775 2032 851 2094 dum
871 2051 927 2093 uos
944 2035 1026 2093 metu
1043 2035 1213 2094 consternat
1230 2035 1257 2093 et
1273 2029 1400 2094 borrore
1453 2045 1516 2088 esse
1531 2027 1722 2105 permistos·
1747 2027 1793 2089 sic
1821 2031 1923 2090 tanim
1943 2034 1978 2091 nt
1992 2031 2170 2110 primatum
2190 2049 2310 2111 semper
2330 2033 2430 2093 torcat

421 2119 563 2182 attonitas
591 2118 695 2180 reddit
720 2119 853 2179 mimimo
874 2136 1011 2196 quaeque
1033 2118 1172 2194 tentatio,
1200 2115 1272 2180 binc
1289 2116 1400 2196 palam
1453 2111 1523 2188 illo,
1551 2111 1605 2174 ubi
1632 2132 1707 2176 aera
1728 2117 1780 2175 est.
1825 2112 1926 2176 Sicuti
1947 2115 2030 2178 enim
2054 2114 2204 2179 Rebeccae
2219 2115 2429 2194 particularis

420 2208 466 2266 est
491 2223 549 2265 nos
573 2203 722 2284 deroqare
745 2204 901 2281 potentiae
923 2200 987 2264 Ilei
1013 2203 1064 2263 eui
1087 2202 1300 2283 praeferimus
1320 2220 1401 2280 quae
1454 2217 1543 2261 error
1567 2218 1628 2261 reon
1654 2197 1781 2260 irritum
1803 2198 2020 2263 benedictionis
2046 2202 2181 2282 effectum
2202 2201 2355 2279 reddidit,
2381 2201 2428 2264 sic

421 2293 527 2352 contra
554 2289 623 2351 eius
645 2288 873 2367 promissiones
898 2289 1039 2350 minatur
1065 2293 1166 2351 satan.
1211 2287 1298 2350 Haec
1319 2287 1401 2350 ratio
1453 2302 1549 2362 neque
1577 2282 1671 2362 fidem
1702 2303 1782 2363 quae
1810 2285 1995 2366 qeneraliter
2024 2287 2185 2350 dominata
2216 2291 2262 2351 est
2296 2288 2330 2350 in
2359 2287 2429 2350 eim

423 2379 468 2438 est
489 2394 545 2436 cur
568 2372 709 2449 Iesaias,
738 2375 812 2437 dum
834 2373 949 2437 salutis
970 2373 1184 2436 certitudimm
1206 2373 1271 2435 cult
1291 2371 1401 2452 impri-
1453 2369 1573 2445 areima,
1599 2369 1860 2450 principiumque
1892 2375 1919 2433 et
1950 2391 2045 2436 conso
2074 2372 2140 2454 fnit
2171 2372 2261 2437 illins
2289 2372 2428 2436 odionis.

422 2480 504 2522 mere
525 2458 671 2522 cordibus
687 2459 813 2538 poqmli,
836 2463 899 2520 tam
921 2458 1085 2540 maqnifice
1106 2460 1143 2522 de
1164 2460 1316 2521 iruueerisa
1339 2456 1402 2520 Der·
1454 2452 1496 2516 In
1515 2474 1548 2516 ec
1567 2454 1773 2518 roibilominns
1787 2456 1930 2537 prodidit
1954 2456 2088 2521 Rebecca
2110 2479 2204 2538 qnam
2226 2456 2363 2522 lubricus
2385 2458 2428 2520 sit

422 2547 534 2608 uirtute
556 2545 699 2607 disserat.
742 2543 870 2607 Videtur
883 2564 982 2624 saepe.
1004 2543 1060 2606 nbi
1081 2564 1251 2606 sermamm
1272 2561 1402 2606 exorsus
1452 2539 1607 2602 bumanae
1637 2541 1750 2602 meretis
1777 2546 1879 2618 steens
1909 2543 2007 2606 mucul
2039 2564 2075 2608 oc
2108 2544 2154 2607 ael
2182 2543 2339 2608 tantillum
2366 2542 2428 2606 sibi

423 2634 467 2694 est
494 2629 531 2692 de
559 2649 613 2709 spe
634 2631 743 2692 ueniae
771 2634 798 2691 ct
818 2630 1089 2705 reconciliationis,
1123 2628 1186 2692 olio
1207 2629 1343 2711 diqredi,
1374 2632 1402 2690 et
1447 2625 1609 2707 perurittit.
1652 2625 1727 2688 Etsi
1758 2631 1862 2690 autem
1893 2628 2027 2708 detectus
2059 2635 2087 2692 et
2118 2629 2312 2694 imbecillitas
2332 2629 2428 2709 fidam

423 2715 535 2796 aaqori
551 2735 612 2793 per
634 2714 742 2796 lonqos
762 2720 789 2778 et
811 2734 1023 2795 supervacuas
1045 2715 1203 2796 aurbaqes,
1226 2733 1401 2778 commemo
1453 2710 1607 2786 obscurat,
1635 2731 1697 2773 non
1723 2714 1826 2774 tamen
1851 2715 2034 2795 eastirrquit,·
2062 2715 2187 2778 interim
2210 2736 2266 2780 nos
2287 2717 2428 2780 admonet

423 2819 501 2862 rans
523 2820 618 2880 quam
639 2800 827 2864 mirabiliter
848 2801 939 2865 Dens
960 2799 1033 2863 coeli
1054 2806 1082 2862 et
1102 2805 1204 2864 terroe
1224 2801 1401 2863 maelcinom
1453 2817 1548 2877 quam
1570 2795 1700 2860 sollicite
1713 2798 1848 2876 padue
1873 2805 2009 2879 oporteat
2035 2819 2074 2864 en
2100 2821 2152 2865 ore
2173 2799 2250 2878 Dei,
2277 2805 2305 2864 et
2329 2800 2428 2865 simm

309 2961 311 2964 ,
424 2906 493 2949 cum
521 2891 580 2949 toto
607 2892 740 2950 amimae
766 2886 875 2949 ordine
903 2885 1054 2968 qnberuct.
1109 2886 1203 2949 Nibil
1229 2891 1332 2949 tamen
1357 2890 1403 2952 est
1453 2882 1616 2961 cmetirrnat
1637 2882 1718 2960 quad
1740 2883 1915 2962 docuimus,
1940 2884 2034 2964 fidem
2060 2886 2126 2951 nisi
2151 2885 2240 2950 ambo
2264 2886 2426 2966 suffultam

424 2971 505 3052 quod
532 2992 593 3034 nan
622 2973 873 3035 circunstantiae
893 2971 1055 3051 praesenti
1081 2971 1211 3034 seruiat:
1238 2973 1314 3052 quia
1335 2970 1402 3035 nisi
1454 2968 1593 3048 effluam·
1617 2968 1710 3031 sicuti
1729 2974 1756 3030 et
1780 2967 1880 3033 Sarae
1900 2975 1928 3034 et
1951 2969 2047 3035 Isaac
2067 2976 2095 3035 et
2116 2971 2264 3035 Rebeccae
2283 2970 2426 3034 monuis-

423 3059 525 3120 cirtus
547 3055 625 3135 Ilei,
648 3078 711 3137 qua
725 3062 828 3138 potest
848 3059 967 3134 omnia,
993 3057 1092 3120 oculis
1113 3058 1229 3121 nastris
1251 3061 1400 3132 accurrat,
1453 3058 1519 3116 sent
1541 3053 1643 3116 animi
1663 3054 1699 3115 in
1719 3052 1854 3134 obliquis
1875 3057 1945 3120 suis
1965 3056 2197 3136 dotlecianibus,
2224 3055 2288 3120 nisi
2310 3076 2426 3120 arcano

424 3142 549 3206 uerbum
570 3162 665 3206 aures
686 3143 821 3224 malique
842 3142 1017 3220 admittent,
1043 3142 1092 3206 ael
1113 3163 1175 3206 non
1196 3143 1401 3206 aestimabunt
1453 3137 1518 3202 Dei
1537 3138 1648 3218 fraeno
1669 3139 1705 3201 in
1725 3140 1810 3203 uerbi
1831 3139 1999 3206 obedientia
2021 3143 2129 3207 retenti
2148 3147 2254 3207 essent.

421 3228 504 3291 iusta
520 3228 631 3307 pretia.
676 3228 768 3292 Adde
795 3228 878 3309 quod
899 3227 1067 3308 dfednalis
1082 3229 1224 3309 potentia
1245 3227 1295 3292 bic
1316 3233 1401 3293 nota
1540 3227 1590 3290 32.
1634 3223 1783 3289 Rursum
1809 3247 1877 3290 non
1903 3226 1974 3291 sine
2003 3247 2101 3293 carisa
2127 3228 2163 3292 in
2191 3226 2323 3292 Christo
2351 3247 2427 3309 pro-

422 3317 490 3376 tur:
516 3314 594 3392 quia
610 3314 731 3394 pietas,
758 3318 792 3376 ut
821 3313 898 3376 alibi
924 3315 1026 3377 uisum
1047 3313 1123 3394 suit,
1149 3314 1214 3379 Dei
1228 3315 1400 3393 potentiam
1452 3309 1623 3374 missiones
1645 3329 1758 3375 omnes
1778 3311 2013 3392 concludimus,
2040 3313 2169 3396 qnando
2187 3320 2221 3378 et
2241 3314 2312 3378 eius
2334 3313 2428 3396 agni-

422 3418 543 3480 semper
564 3399 607 3462 ad
628 3412 721 3462 nsum
739 3404 766 3463 et
783 3400 1093 3479 opusoccammodat,·
1108 3401 1296 3481 praesertim
1307 3419 1400 3481 opera
1454 3396 1541 3460 tione
1577 3404 1681 3459 totum
1720 3398 1927 3481 evangelium
1968 3400 2141 3491 apostolus·
2170 3397 2282 3483 (Rom
2309 3403 2341 3477 l,
2374 3397 2428 3483 ll)

422 3483 488 3549 Dei
498 3483 570 3568 ,stoi
585 3486 746 3566 proponit,
776 3484 891 3564 quibus
918 3505 952 3549 se
966 3491 1091 3565 patrem
1112 3505 1178 3550 esse
1198 3489 1327 3550 testatem
1347 3489 1399 3548 est.
1453 3479 1633 3559 concludit,
1667 3488 1701 3545 et
1728 3482 1808 3546 alibi
1836 3483 1942 3564 docet,
1971 3492 2130 3568 quotquot
2157 3494 2236 3550 sunt
2262 3485 2328 3549 Dei
2352 3505 2428 3567 pro·

422 3568 509 3634 IIinc
536 3570 597 3635 illa
624 3577 688 3634 tam
714 3570 822 3635 crebra
846 3572 882 3634 in
910 3572 1076 3652 scripturis
1102 3571 1320 3652 redemptionis
1340 3591 1402 3634 me·
1452 3567 1632 3644 missiones,
1655 3567 1780 3650 inipso
1801 3589 1872 3633 esse
1894 3571 1994 3634 etiam
2016 3570 2304 3655 atamen(20or.
2322 3570 2427 3654 l,20).

421 3657 539 3733 maria,
562 3676 600 3718 ec
621 3677 683 3737 qua
704 3657 821 3720 ducem
836 3661 981 3736 paterent
998 3656 1178 3735 Israelitae,
1200 3657 1321 3735 Deam,
1344 3657 1401 3738 qui
1453 3652 1557 3718 Orrius
1578 3653 1627 3717 rei
1648 3653 1683 3715 in
1704 3663 1857 3738 promptu
1879 3663 1931 3721 est
1953 3658 2045 3721 ratio.
2091 3654 2129 3721 Si
2150 3656 2230 3740 quid
2250 3657 2340 3721 enim
2359 3656 2429 3739 pol-

423 3741 517 3806 semel
541 3746 632 3804 autor
656 3742 761 3823 suerat
788 3742 915 3820 solutis,
943 3747 1101 3807 mum
1128 3744 1197 3823 sore
1216 3744 1286 3807 eius
1306 3747 1401 3806 mesto
1451 3739 1570 3804 licetur
1597 3737 1703 3817 Dens,
1733 3760 1770 3804 eo
1798 3741 2056 3806 benevolentiam
2084 3763 2178 3808 suam
2205 3750 2359 3819 testatur,
2393 3749 2431 3806 nt

362 3902 366 3911 ι
422 3827 500 3891 dem.
548 3826 612 3889 Suo
640 3829 734 3890 etiam
762 3828 897 3908 eaeorplo
923 3848 980 3891 nas
1007 3829 1150 3893 admonet
1169 3827 1280 3893 Dauid
1287 3879 1294 3906 ,
1322 3848 1403 3909 qnae
1453 3824 1544 3889 nulla
1576 3824 1620 3887 eit
1652 3825 1721 3889 eius
1748 3826 1936 3907 promissio,
1969 3849 2052 3911 qnae
2076 3850 2143 3893 non
2170 3829 2214 3893 sit
2246 3828 2430 3895 dilectionis

416 3912 575 3994 privatim
602 3913 737 3994 sinqulis
762 3913 907 3992 beneficia
937 3914 1064 3979 contulit
1085 3913 1190 3992 Dens,
1224 3914 1266 3978 ad
1293 3916 1400 3994 confir-
1453 3910 1683 3975 testimonium.
1738 3911 1809 3976 Nec
1846 3914 1947 3978 refert
1984 3909 2071 3996 quod
2109 3915 2300 3999 ingentibus
2333 3923 2431 3997 atque

422 3997 588 4060 matianum
615 3998 690 4076 fidei
717 4000 787 4061 eius
813 4000 848 4062 in
869 4005 1027 4079 posterum
1048 4000 1166 4080 calere,·
1193 4001 1255 4064 ima
1276 4000 1329 4063 ubi
1351 4002 1402 4064 de-
1453 3995 1593 4061 assiduis
1621 3994 1751 4061 divinae
1780 3997 1943 4082 largitatis
1969 4000 2136 4066 beneficiis
2159 4000 2236 4065 dum
2259 4000 2352 4082 impii
2374 4021 2430 4063 eu-

423 4082 561 4146 seruisse
582 4103 638 4147 nos
660 4083 794 4162 uidetur,
821 4105 931 4149 sensns
955 4091 1077 4149 rueras
1099 4086 1223 4168 lonqins
1243 4086 1403 4150 ectmrdere
1452 4082 1636 4159 moluntur,
1660 4101 1698 4145 eo
1721 4085 1866 4233 zemeri
1887 4086 2006 4152 iudicio
2028 4108 2099 4152 sese
2120 4086 2271 4151 induunt
2317 4084 2430 4165 Quum

338 4241 341 4247 ‚
423 4168 576 4245 conuenit,
607 4173 641 4230 ut
667 4174 785 4232 uetusta
811 4172 879 4234 eins
900 4169 1122 4250 beneficiams
1143 4173 1279 4254 eriqant,
1307 4172 1401 4237 manti
1453 4170 1540 4233 enim
1563 4187 1602 4230 ea
1624 4167 1725 4231 sibie
1773 4169 1873 4234 omini
1895 4193 1995 4237 manu
2013 4174 2186 4255 provenire
2202 4192 2262 4236 nee
2273 4170 2426 4253 cogitent,

422 4253 487 4316 alia
500 4251 628 4317 Psa‘mo
640 4254 727 4334 (143,
742 4255 918 4336 5)dicitnr:
934 4277 1049 4320 memor
1062 4260 1112 4337 t'ni
1126 4258 1401 4338 dierumantiquo
1452 4276 1513 4320 nec
1536 4262 1722 4337 agnoscant,
1745 4263 1802 4319 ant
1823 4257 1851 4319 si
1870 4257 2001 4340 qnando
2018 4265 2205 4341 agnoscant,
2226 4257 2295 4320 eins
2316 4265 2427 4317 mmen

420 4359 510 4415 rum;
532 4341 698 4404 meditatus
715 4360 785 4404 nrm
802 4342 835 4403 in
853 4343 969 4405 cunetis
986 4342 1130 4421 operibns
1146 4345 1219 4421 tuis,
1238 4349 1288 4407 etc.
1322 4342 1401 4407 Item
1451 4340 1632 4405 bonitatem
1654 4361 1862 4423 nequaquam
1885 4343 2189 4425 apndscropntent,
2212 4362 2278 4404 non
2292 4346 2429 4421 possunt

423 4422 514 4503 (ibid.
536 4429 590 4503 77,
613 4428 683 4510 ll):
705 4426 891 4490 'recordabor
911 4447 1037 4507 opernm
1055 4428 1202 4508 Itorrrini,
1225 4435 1253 4493 et
1268 4429 1403 4506 mirabi·
1449 4425 1529 4491 inde
1550 4426 1657 4509 magis
1678 4425 1720 4489 dc
1741 4428 1812 4491 eius
1832 4428 2056 4493 misericordia
2077 4427 2204 4492 edoceri
2230 4446 2328 4507 quam
2351 4424 2428 4488 bru·

424 4511 503 4574 lium
532 4513 601 4575 mus
627 4512 666 4575 ab
693 4512 792 4575 initio.
838 4511 900 4577 Sed
925 4514 1001 4592 quia·
1030 4515 1098 4577 sine
1124 4516 1212 4579 aerbo
1235 4516 1401 4578 ecarcio’um
1453 4521 1507 4577 tae
1529 4509 1685 4592 pecudes,
1708 4532 1791 4594 quae
1812 4535 1872 4596 pro
1894 4513 2087 4578 conditionis
2108 4533 2187 4577 suae
2208 4509 2317 4587 modo,
2348 4531 2429 4574 enn-

423 4602 467 4660 est
494 4598 649 4677 quidquid
674 4598 862 4679 concipimus
889 4599 926 4663 de
946 4601 1086 4680 potentia
1108 4599 1171 4665 Ilei
1201 4605 1228 4664 et
1249 4601 1400 4680 operibns,
1454 4599 1527 4662 dem
1558 4595 1762 4661 liberalitatis
1794 4599 1935 4662 fructum
1969 4599 2146 4679 recipiunt,
2179 4618 2284 4678 neque
2316 4603 2430 4659 tamen

423 4701 485 4744 riou
508 4688 615 4746 temere
633 4685 804 4748 asserimus
825 4684 946 4748 nullom
969 4705 1032 4749 esse
1051 4684 1145 4765 fidem
1168 4686 1259 4750 donec
1278 4688 1407 4769 qratiae
1452 4684 1662 4766 prospiciunt
1712 4683 1826 4747 Nihilo
1857 4684 1963 4767 magis
1994 4682 2102 4747 obstat
2133 4682 2219 4764 qnod
2251 4681 2429 4746 destinatas

424 4786 502 4830 suae
534 4771 703 4836 testimonio
730 4771 910 4850 praeluceat
937 4769 1033 4834 Ileus.
1080 4771 1187 4836 Posset
1218 4772 1269 4836 bic
1300 4777 1401 4836 tamen
1452 4771 1644 4852 plerumque
1661 4770 1722 4834 sibi
1741 4769 1971 4851 promissiones
1989 4768 2173 4851 respuendo
2189 4769 2348 4832 ultionem
2367 4767 2430 4832 bec

424 4855 540 4915 incurri
562 4858 713 4933 quaestio,
735 4857 811 4935 quid
833 4858 871 4921 de
894 4856 980 4920 Sara
1002 4862 1030 4919 et
1051 4856 1184 4922 Rebecca
1207 4859 1401 4922 sentiendum
1453 4857 1619 4922 occasione
1640 4856 1797 4918 maiorem
1819 4855 1880 4919 sibi
1898 4862 2077 4919 accersunt.
2120 4853 2318 4935 Quanquam
2340 4854 2430 4917 enim

424 4937 481 5010 sit,
510 4956 645 5015 quarum
673 4946 802 5020 utroque
826 4944 901 5022 fidei
927 4943 1007 5018 eolo,
1035 4947 1070 5004 ut
1091 4944 1225 5021 ridetur,
1253 4944 1399 5023 inqrulsa,
1454 4952 1526 5005 tum
1554 4961 1589 5004 se
1617 4940 1748 5004 demum
1777 4941 1901 5021 profert
1926 4940 2179 5023 promissionum
2201 4940 2345 5004 efficacia
2373 4939 2428 5003 ubi

425 5026 515 5084 cetra
537 5023 621 5084 uerbi
641 5025 720 5102 fines
742 5048 863 5108 opressa
885 5034 937 5092 est.
983 5027 1067 5090 Sara
1088 5049 1184 5109 qnam
1207 5030 1328 5094 arderet
1350 5030 1400 5094 de·
1452 5027 1550 5091 fidem
1573 5025 1659 5107 apud
1681 5047 1741 5089 nos
1758 5026 1966 5105 invenerunt,
1986 5027 2038 5091 vis
2060 5038 2171 5090 tamen
2194 5046 2232 5091 ao
2248 5026 2429 5108 proprietas

425 5107 543 5170 siderio
557 5110 736 5187 promissae
756 5113 881 5191 sobolis,
909 5114 1056 5177 ancillam
1081 5135 1172 5177 suom
1193 5117 1305 5178 marita
1327 5137 1401 5198 sup·
1453 5133 1565 5177 earum
1586 5122 1698 5175 noema
1714 5110 1908 5177 infidelitate
1930 5121 1987 5176 aut
2004 5112 2242 5196 ingratitudine
2260 5131 2429 5191 nunquam

420 5195 541 5272 posuit.
589 5196 673 5273 Quin
700 5197 808 5260 ocultis
834 5201 934 5265 niudis
946 5201 1119 5280 peccaverit
1141 5203 1317 5283 nequedum
1338 5223 1401 5265 nan
1453 5196 1682 5281 exstinguitur.
1725 5198 1816 5281 Ergo
1844 5219 1944 5280 quum
1966 5199 2131 5263 Dominus
2153 5199 2221 5264 suis
2242 5196 2429 5279 promissio·

425 5284 484 5354 est;
507 5279 561 5341 sed
582 5277 635 5341 bac
656 5281 767 5342 uitium
784 5303 863 5346 ronne
880 5287 1004 5367 asnrqo,
1027 5285 1260 5365 qnad⁸eelosuc
1273 5287 1400 5369 abrepto
1454 5285 1566 5360 nibus,
1595 5305 1660 5347 non
1687 5283 1729 5348 ad
1751 5284 1976 5367 percipiendos
2001 5284 2098 5350 moda
2119 5306 2198 5350 sisne
2218 5281 2429 5365 benignitatis

372 5414 375 5424 .
426 5385 459 5428 se
480 5367 565 5428 intra
587 5364 745 5429 urbiDci
766 5374 861 5431 metas
883 5391 944 5433 uon
961 5373 1118 5434 continuit.
1154 5372 1276 5436 Certum
1299 5379 1401 5437 tarrecn
1453 5374 1577 5435 fructus
1595 5369 1650 5434 sed
1664 5371 1975 5455 etiamcogitandos,
1997 5371 2162 5435 bominem
2185 5370 2311 5446 invitet,
2334 5388 2429 5431 suam

427 5455 479 5525 est,
503 5450 693 5514 desiderium
720 5451 799 5516 illud
827 5475 848 5516 a
873 5456 934 5534 tide
953 5456 1128 5537 profectum
1149 5479 1221 5524 esse.
1267 5459 1401 5522 Rebecca
1453 5456 1501 5522 illi
1531 5456 1738 5522 dilectionem
1767 5457 1863 5521 simul
1888 5457 2040 5523 declarat.
2084 5455 2181 5522 Unde
2203 5453 2268 5518 huc
2290 5453 2429 5517 redeun-

427 5537 550 5630 aroculc
576 5543 686 5601 certior
710 5540 795 5617 tacta
823 5540 860 5601 de
881 5539 1019 5603 electione
1044 5542 1108 5620 tilii
1131 5547 1184 5608 sui
1207 5544 1312 5622 Iacob,
1334 5545 1402 5607 eius
1454 5542 1532 5607 dum
1554 5552 1619 5620 est,
1641 5544 1887 5626 promissionem
1910 5540 2088 5625 quamlibet
2107 5561 2177 5605 esse
2198 5538 2328 5603 divinae
2350 5559 2430 5622 erga

426 5618 662 5684 benedictionem
688 5623 770 5686 molo
791 5623 925 5704 artificio
940 5633 1105 5707 procurat,
1133 5633 1282 5694 acardum
1307 5649 1401 5693 suum
1453 5651 1513 5693 nos
1534 5628 1717 5694 dilectionis
1738 5630 2010 5694 testificationem.
2054 5626 2158 5708 Atqui
2182 5634 2278 5689 extra
2300 5637 2429 5689 contro·
