5600 6809
382 778 441 839 133
723 773 811 837 LIB.
837 772 862 835 Ι.
907 770 971 836 DE
994 768 1282 837 OOGNITIONE
1303 771 1387 834 DEI
1409 771 1684 844 OREATORIS.
1728 777 1827 843 OAP.
1850 777 1945 844 XIV.
1968 779 2045 844 XV.
2328 786 2388 846 134

378 964 467 1029 ultra
494 962 637 1045 spatium
663 965 839 1042 vagentur3
873 959 1030 1023 omnium·
1047 968 1172 1023 motum
1199 958 1246 1023 ita
1272 967 1356 1023 tem·
1408 968 1502 1026 tanta
1540 961 1694 1028 bonitatis
1733 986 1771 1029 ac
1810 963 2044 1030 beneficentiae
2082 969 2244 1033 suavitate
2276 969 2387 1050 illecti,

377 1070 508 1134 parare,
542 1055 581 1112 ut
607 1047 676 1111 dies
703 1054 736 1109 et
759 1052 886 1120 noctes,
914 1065 1057 1122 menses,
1086 1064 1189 1109 annos
1218 1055 1251 1108 et
1279 1046 1356 1109 anni
1407 1048 1515 1128 ipsum
1537 1056 1608 1111 toto
1628 1059 1758 1131 pectore
1782 1071 1892 1114 amaro
1914 1064 1948 1115 et
1969 1051 2074 1116 colere
2096 1052 2294 1118 studeamus,

376 1144 527 1218 tempora
554 1134 724 1209 metiatur3
752 1138 786 1195 et
813 1130 1064 1212 huncquoque,
1092 1151 1190 1212 quam
1212 1131 1356 1212 quotidie

377 1222 557 1296 cernimus,
586 1216 853 1300 inaequalitatem
881 1216 1008 1279 dierum
1038 1214 1079 1280 ad
1106 1217 1171 1280 tale
1193 1222 1355 1299 tempera·

377 1315 526 1372 mentum
554 1304 703 1386 redigere
730 1310 767 1366 ut
795 1301 878 1365 nihil
908 1302 1104 1366 confusionis
1126 1301 1253 1366 habeat.
1298 1301 1355 1368 Sic
1749 1304 1901 1372 OAPU'P
1923 1306 2000 1371 XV.
2021 1307 2045 1389 ¹)

376 1413 503 1475 quoque
533 1391 612 1455 dum
639 1390 819 1472 potentiam
848 1387 1074 1466 observamus,
1103 1388 1139 1450 in
1162 1387 1355 1452 sustinenda

376 1488 470 1544 tanta
491 1477 592 1625 melei),
620 1477 657 1540 in
684 1483 754 1622 Ἕω
780 1474 878 1622 oqleri
900 1474 1239 1624 opplestislprachinae
1261 1474 1354 1538 volu·
1407 1462 1558 1568 Qualis
1589 1465 1715 1546 homo
1748 1465 1804 1546 sit
1834 1478 2020 1547 creatus:
2052 1467 2126 1548 ubi
2148 1468 2200 1548 de
2223 1471 2386 1553 animae

412 1564 482 1627 tin
591 1583 693 1626 arnan
717 1580 749 1638 a,
780 1581 798 1623 e
835 1561 931 1623 srmi'
956 1580 1003 1623 us.
1085 1580 1141 1624 aec
1162 1560 1252 1623 enim
1296 1581 1353 1623 au·
1589 1583 1597 1599 ·
1813 1585 1821 1601 ·
1919 1586 1938 1634 ,·
2098 1587 2106 1602 ·
2174 1588 2182 1602 ·

376 1573 457 1715 illi
478 1584 629 1730 dxidrpla
658 1646 738 1711 satis
762 1645 929 1709 declarant
955 1644 1032 1726 quid
1060 1647 1104 1710 sit
1124 1645 1188 1710 Dei
1216 1580 1353 1710 viribus
1407 1584 1694 1719 facultatibus,
1726 1585 1779 1721 d?
1810 1615 1920 1695 1ng
1928 1614 1995 1667 me
2026 1587 2121 1722 Del,
2152 1587 2286 1724 11qu
2318 1619 2386 1671 Μ’

376 1737 413 1801 in
432 1734 547 1799 mundi
575 1733 739 1799 creatione
763 1751 1003 1814 recognoscere.
1049 1732 1180 1812 Alioqui
1203 1732 1230 1793 si
1250 1738 1354 1795 totum
1462 1705 1601 1810 blirlo,
1634 1715 1680 1784 Oi
1709 1735 1845 1815 prlma
1875 1717 2052 1788 Baiurae
2083 1718 2333 1817 mtegrrtats

377 1843 462 1899 rem,
495 1828 534 1884 ut
555 1819 638 1896 dixi,
672 1818 818 1882 oratione
840 1817 990 1900 persequi
1012 1816 1126 1894 libeat,
1160 1817 1270 1881 nullus
1292 1817 1355 1881 erit
1413 1842 1418 1853 ·
1782 1825 2014 1907 disseritur,

376 1905 501 1971 modus.
547 1903 689 1986 Quando
720 1909 769 1967 tot
801 1909 880 1967 sunt
906 1901 1036 1966 divinae
1062 1903 1226 1985 potentiae
1253 1903 1369 1966 mira-'

376 1993 459 2069 cula,
482 1998 531 2055 tot
552 1991 694 2073 insignia
710 1988 873 2065 bonitatis,
896 1995 946 2050 tot
959 1988 1138 2070 sapientiae
1150 1988 1352 2066 documenta,
1496 1995 1522 2054 1.
1554 1989 1627 2053 Iam
1645 1991 1683 2054 de
1699 1989 1837 2055 hominis
1852 1992 2003 2057 nectimus
2019 1993 2199 2073 dicendum,-
2220 2014 2280 2059 nou
2296 1995 2386 2059 modo

376 2084 455 2161 quot
476 2084 556 2141 sunt
577 2077 613 2139 iu
634 2075 756 2141 mundo
778 2094 889 2138 rerum
912 2074 1051 2155 species,
1082 2074 1149 2137 imo
1176 2082 1255 2156 quot
1277 2081 1355 2137 suut
1406 2077 1483 2157 quio
1504 2077 1584 2140 inter
1606 2077 1710 2140 omnio
1733 2076 1796 2140 Dei
1818 2097 1913 2156 opero
1934 2078 2163 2142 nobilissimum
2190 2100 2227 2143 oc
2248 2081 2387 2144 monime

376 2184 429 2229 res
450 2163 503 2228 vel
525 2183 664 2246 magnae
686 2159 740 2226 vel
762 2161 909 2242 exiguae.
1406 2161 1567 2243 spectabile
1588 2167 1632 2226 cst
1652 2163 1793 2226 iustitiae
1813 2165 1894 2241 aus,
1923 2166 2157 2245 decipientium,
2185 2171 2213 2229 ct
2241 2166 2386 2230 bonitatis

463 2252 512 2312 22.
557 2249 676 2312 Restat
708 2246 812 2310 altera
838 2264 915 2327 pars
943 2266 1026 2327 quae
1048 2246 1090 2309 od
1110 2245 1204 2325 fidem
1219 2245 1355 2327 propius
1406 2249 1576 2328 specimen:
1601 2248 1656 2312 sed
1682 2249 1771 2328 quio,
1799 2254 1835 2311 ut
1855 2249 1947 2312 init-io
1968 2249 2123 2328 dicimus,
2151 2271 2211 2314 non
2226 2256 2327 2332 potest
2347 2251 2386 2315 ii·

374 2335 505 2399 ooeedit:
531 2342 571 2397 ut
592 2333 669 2397 dum
691 2331 982 2395 animadvertimus
1004 2331 1183 2396 iubenum
1207 2351 1244 2395 ac
1267 2331 1354 2395 salu·
1406 2334 1501 2414 quido
1530 2333 1674 2397 etsoiidc
1706 2334 1852 2416 copnosci·
1870 2333 1961 2398 Deus
1988 2356 2009 2398 o
2038 2336 2140 2412 ndis,
2172 2337 2237 2401 nisi
2264 2337 2386 2401 occodcd

374 2428 443 2485 tem
460 2429 609 2484 nostram
625 2418 735 2482 Deum
752 2417 863 2481 omnia
881 2415 1068 2493 destinasse,
1092 2417 1189 2480 simul
1207 2418 1242 2480 in
1260 2416 1355 2480 nobis
1407 2424 1517 2482 medua
1549 2419 1648 2483 nostri
1679 2420 1817 2501 capnitis.
1871 2419 1944 2484 Etsi
1976 2426 2081 2485 ouum
2114 2443 2151 2485 ec
2179 2422 2294 2502 duplex
2325 2427 2385 2487 est:

373 2507 463 2589 ipsis
486 2515 520 2569 et
540 2505 642 2569 tantis
664 2525 746 2586 quoe
767 2503 801 2566 in
825 2523 883 2566 nos
906 2503 1043 2566 eontulit
1063 2502 1171 2580 bonis,
1196 2503 1354 2567 sentimus
1406 2525 1514 2602 nempe
1534 2509 1570 2568 ut
1585 2506 1723 2568 sciemus
1742 2506 1850 2586 quoles
1870 2525 1926 2570 nos
1942 2507 2052 2586 primo
2069 2507 2186 2589 origine
2202 2509 2302 2572 simus
2319 2527 2386 2572 com
2409 2528 2412 2534 ·

374 2592 479 2675 ipsius
500 2591 681 2673 potentiam
705 2596 738 2653 et
756 2587 905 2671 gratiam,
926 2587 1003 2652 inde
1017 2608 1076 2652 nos
1097 2588 1139 2652 ad
1157 2590 1259 2671 ipsius
1269 2586 1354 2652 fidu·
1407 2591 1483 2669 diti,
1512 2595 1541 2654 ct
1562 2591 1667 2671 quotis
1688 2596 1794 2654 nostro
1816 2591 1948 2654 conditio
1970 2612 2035 2656 csse
2056 2594 2185 2673 coeperit
2199 2597 2273 2674 post
2293 2592 2386 2657 Adae

373 2677 470 2752 ciam,
509 2676 761 2752 invocationem,
800 2671 946 2751 laudem,
986 2693 1131 2738 amorem
1164 2675 1352 2740 excitemus.
1407 2675 1532 2757 lapsum
1554 2676 1622 2758 (nce
1638 2696 1708 2740 vero
1725 2676 1855 2740 midtum
1872 2677 2033 2757 prodesset
2049 2679 2231 2743 creationem
2248 2683 2386 2742 nostrum

374 2763 483 2828 Porro
506 2761 616 2826 omnia
633 2782 668 2824 se
689 2759 832 2824 hominis
855 2779 954 2823 causa
969 2759 1117 2838 condere,
1139 2761 1209 2842 ipso
1221 2758 1354 2825 creandi
1406 2766 1519 2839 terere,
1546 2762 1614 2824 nisi
1641 2761 1677 2824 in
1705 2761 1763 2825 boc
1790 2762 1877 2826 tristi
1903 2763 1999 2826 ruina
2029 2783 2259 2846 agnosceremus
2280 2764 2386 2842 quotis

376 2847 493 2913 ordine
524 2847 761 2911 demonstravit
791 2847 861 2927 ipse
890 2845 1069 2924 Dominus,
1102 2851 1137 2909 ut
1206 2846 1257 2910 uio
1285 2851 1355 2911 onte
1406 2848 1449 2912 sit
1469 2852 1603 2910 naturae
1623 2852 1745 2911 nostroe
1765 2848 1941 2929 corruptela
1963 2853 1991 2911 ct
2011 2847 2208 2933 deformitas)
2236 2870 2319 2913 nunc
2340 2854 2385 2913 tc-

378 2933 537 2999 admcnui.
582 2932 658 2996 Non
686 2932 775 2996 enim
802 2930 860 2995 abs
881 2951 917 2994 re
940 2929 1097 3011 estquod
1118 2953 1152 2994 m
1176 2930 1233 2995 ndi
1254 2932 1354 2996 fabri·
1405 2953 1476 2997 men
1497 2933 1636 3014 inteproc
1656 2937 1790 2996 ruiturae
1811 2933 2014 3013 descriptione
2031 2935 2159 2998 contenti
2177 2935 2300 2998 emmas.
2340 2934 2386 2999 Et

378 3039 451 3085 cam
483 3019 519 3080 in
545 3038 603 3082 sex
632 3016 700 3081 dies
722 3016 902 3094 distribuit;
936 3037 1038 3098 quum
1064 3016 1168 3080 nihilo
1192 3017 1355 3082 difficilius
1406 3039 1481 3083 sone
1502 3024 1677 3099 antequam
1705 3017 1747 3081 ad
1768 3018 1922 3081 miseram
1944 3018 2042 3082 istam
2065 3020 2206 3083 hominis
2227 3020 2384 3085 conditio-

377 3112 477 3182 csset,
499 3125 565 3167 uno
587 3110 754 3167 momento
775 3111 881 3167 totum
902 3123 983 3184 opus
1003 3102 1100 3165 simul
1122 3103 1272 3168 omnibus
1293 3125 1355 3166 nu·
1407 3125 1497 3180 nem,
1529 3104 1580 3167 cui
1611 3122 1694 3167 nunc
1724 3103 1868 3168 motem
1895 3108 1953 3181 est,
1987 3102 2228 3182 descendimus,
2267 3127 2384 3187 operae

303 3242 307 3248 ,
377 3191 478 3254 meris
499 3189 670 3272 complere,
693 3208 792 3271 quam
813 3186 973 3261 eiusmodi
990 3188 1217 3271 progressione
1234 3190 1355 3253 sensim
1406 3191 1549 3272 pretium
1577 3196 1627 3254 est
1656 3195 1768 3253 tenere
1795 3188 1902 3270 qualis
1930 3188 1969 3253 ob
1995 3190 2085 3253 initio
2107 3191 2247 3254 conditus
2274 3192 2382 3255 fuerit.

378 3275 421 3340 ad
445 3275 719 3358 complementum
746 3273 926 3356 pervenire.
975 3273 1103 3337 Verum
1132 3274 1169 3336 in
1197 3295 1235 3338 eo
1262 3294 1356 3339 suam
1407 3274 1602 3341 Cavendum
1628 3281 1678 3339 est
1705 3275 1793 3339 enim
1820 3295 1863 3338 ne
1884 3276 2027 3356 praecise
2059 3280 2190 3339 tantum
2218 3275 2384 3340 naturalia

379 3382 459 3444 erga
484 3382 544 3426 nos
572 3360 811 3444 providentiam
837 3367 1073 3441 paternamque
1104 3358 1356 3425 sollicitudinem
1408 3361 1550 3425 hominis
1576 3360 1664 3424 mala
1691 3360 1959 3439 demonstrando,
1989 3382 2028 3425 ea
2053 3360 2224 3425 videamur
2253 3361 2296 3425 ad
2323 3381 2383 3425 na·

378 3447 606 3512 commendare
632 3446 751 3525 voluit,
780 3444 865 3528 quod
892 3451 1068 3526 autequam
1097 3445 1265 3510 hominem
1292 3446 1355 3509 fin·
1407 3455 1501 3511 turae
1528 3454 1677 3511 autorem
1706 3447 1841 3510 referre:
1870 3447 2120 3528 qnandoquidem
2147 3446 2184 3510 in
2206 3446 2267 3512 hoc
2288 3467 2384 3529 prse-

378 3539 479 3616 geret,
501 3532 658 3615 quidquid
680 3531 760 3596 utile
781 3530 831 3595 illi
853 3550 890 3594 ac
907 3530 1050 3596 salutare
1067 3529 1261 3613 providebat
1276 3532 1354 3609 fore,
1407 3540 1500 3596 textu
1529 3554 1564 3597 se
1590 3531 1711 3596 habere
1738 3533 1818 3597 satis
1847 3532 2043 3598 defensionis
2066 3538 2161 3614 putat
2180 3532 2333 3615 impietas
2355 3532 2385 3597 si

376 3617 413 3682 id
450 3624 555 3682 totum
592 3639 671 3702 prae
695 3619 816 3682 aravit.
861 3616 1014 3696 Quantas
1055 3637 1144 3681 nunc
1181 3618 1355 3702 ingratitu·
1407 3616 1583 3683 obtendere
1605 3625 1717 3700 queat,
1746 3618 1903 3701 quidquid
1925 3618 2025 3682 habet
2045 3618 2132 3697 vitii,
2162 3617 2276 3683 aDeo
2303 3638 2383 3701 quo-

376 3702 464 3768 dinis
496 3705 593 3783 foret,
629 3640 778 3768 dubitare
811 3725 854 3767 an
886 3702 962 3768 huic
990 3703 1113 3785 optimo
1141 3703 1228 3786 patri
1255 3722 1354 3768 curae
1407 3702 1579 3768 dammodo
1590 3704 1770 3786 profectum
1788 3724 1873 3783 esso;
1891 3724 1952 3768 nec
1969 3702 2106 3782 dubitat,
2126 3704 2153 3768 si
2164 3702 2382 3787 redarguitur,

376 3791 494 3868 simus,
528 3810 623 3872 quem
649 3789 800 3854 videmus
827 3787 867 3853 de
888 3788 997 3866 nobis,
1031 3788 1221 3871 priusquam
1241 3808 1354 3853 nasce·
1406 3811 1481 3854 cum
1497 3790 1571 3855 Deo
1591 3791 1661 3872 ipso
1683 3789 1821 3872 litigare,
1844 3789 2038 3872 culpamque
2060 3789 2095 3852 in
2117 3810 2193 3853 eum
2210 3789 2384 3855 transscri-

377 3895 502 3954 remur,
529 3876 630 3941 fuisse
652 3874 848 3940 sollicitum?
892 3873 1003 3955 Quam
1023 3875 1162 3956 impium
1185 3884 1270 3940 esset
1292 3873 1354 3937 dif·
1405 3877 1482 3941 bere
1504 3876 1597 3940 cuius
1614 3875 1730 3939 merito
1751 3896 1808 3939 rea
1830 3875 1948 3959 agitur.
1987 3876 2035 3940 Et
2055 3876 2111 3957 qui
2131 3874 2314 3959 religiosius
2335 3875 2384 3939 lo-

377 3960 513 4026 fidentia
534 3960 712 4044 trepidare,
740 3982 783 4025 ne
811 3959 985 4043 aliquando
1012 3981 1072 4024 nos
1099 3962 1134 4024 in
1160 3960 1353 4025 necessitate
1406 3962 1462 4044 qui
1485 3961 1525 4025 de
1547 3961 1682 4025 numine
1703 3959 1809 4026 videri
1832 3960 1961 4039 volunt,
1988 3961 2129 4025 libenter
2151 3969 2262 4025 tamen
2284 3983 2384 4027 excu-

378 4045 535 4112 destituat
562 4048 632 4112 eius
665 4047 864 4130 benignitas,
898 4066 995 4128 quam
1022 4045 1173 4111 videmus
1205 4045 1353 4110 nondum
1405 4047 1566 4112 sationem
1587 4047 1761 4128 pravitatis
1782 4068 1861 4111 suae
1883 4053 2017 4129 captant
2038 4068 2058 4111 a
2078 4055 2212 4126 natura,
2240 4068 2307 4111 non
2330 4067 2384 4112 oo-

373 4133 461 4197 natis
481 4154 558 4199 cum
580 4154 710 4198 summa
726 4133 885 4198 bonorum
903 4132 1050 4195 omnium
1068 4132 1237 4196 affluentia
1254 4132 1353 4196 fuisse
1405 4134 1548 4215 gitantes
1570 4153 1605 4196 se
1626 4132 1736 4196 Deum
1759 4153 1885 4215 quoque
1906 4132 1997 4217 (lieet
2013 4132 2196 4217 obso'un'us)
2219 4132 2383 4215 sugillare,

373 4218 578 4300 expositam?
623 4217 677 4282 Ad
700 4218 780 4283 haec
802 4216 952 4282 audimus
973 4238 1015 4281 ex
1037 4217 1130 4282 Mose
1143 4216 1242 4302 (Gon.
1265 4222 1291 4295 l,
1312 4220 1352 4280 28
1404 4219 1496 4284 euius
1517 4219 1552 4282 in
1575 4217 1805 4282 contumeliam
1827 4218 2000 4298 recideret,
2031 4218 2059 4282 si
2081 4218 2160 4301 quid
2182 4220 2252 4283 vitii
2275 4220 2382 4282 inesse

373 4314 408 4368 et
425 4309 460 4382 9,
480 4303 532 4388 2),
554 4305 649 4369 nobis
676 4306 747 4369 eius
773 4303 969 4367 liberalitate
993 4303 1174 4367 subiectum
1197 4302 1352 4385 quidquid
1405 4311 1544 4369 naturae
1566 4304 1767 4386 probaretur.
1813 4303 1926 4385 Quum
1954 4325 2032 4388 ergo
2053 4304 2223 4369 videamus
2250 4323 2381 4367 caruem

373 4391 506 4455 omnino
533 4412 644 4454 rerum
672 4397 722 4454 est
743 4391 778 4453 in
801 4399 869 4452 toto
891 4388 976 4453 orbe.
1022 4386 1160 4452 Certum
1193 4395 1257 4465 est,
1287 4409 1353 4452 non
1404 4391 1532 4455 inhiare
1559 4390 1772 4475 subterfugiis
1801 4391 1966 4468 omnibus,
1989 4391 2106 4472 quibus
2133 4397 2297 4468 uteunque
2325 4385 2381 4448 de-

372 4475 446 4540 ideo
467 4476 666 4557 fecisseque
688 4497 748 4541 nos
770 4473 898 4538 luderet
924 4475 1015 4538 inani
1041 4473 1135 4537 titulo
1158 4471 1351 4538 donationis.
1405 4476 1508 4541 rivari
1529 4477 1593 4541 alio
1616 4499 1636 4540 a
1657 4498 1692 4541 se
1713 4474 1875 4540 malorum
1897 4497 2032 4541 suorum
2053 4476 2181 4556 culpam
2205 4472 2381 4551 existimat,

373 4561 464 4645 Ergo
484 4562 568 4626 nihil
589 4583 735 4643 unquam
763 4562 857 4625 nobis
886 4559 1074 4624 defuturmn
1098 4568 1148 4623 est
1175 4559 1280 4641 quoad
1301 4581 1352 4624 sa·
1405 4563 1482 4627 huic
1503 4563 1648 4627 malitiae
1676 4561 1851 4644 diligenter
1878 4561 2076 4626 obviandum
2097 4567 2154 4623 est.
2199 4556 2312 4639 ltaque
2334 4558 2381 4623 sio

373 4646 452 4712 lutis
484 4654 616 4712 nostrae
644 4649 772 4712 referet.
819 4647 989 4728 Denique,
1029 4653 1068 4710 ut
1100 4644 1200 4710 semel
1228 4645 1351 4723 finiam,
1404 4648 1574 4713 tractanda
1595 4655 1645 4714 est
1666 4649 1804 4712 humani
1833 4648 1963 4731 generis
1985 4644 2169 4720 calamitas,
2196 4648 2235 4705 ut
2256 4643 2381 4724 praeci·

373 4733 501 4814 quoties
518 4734 628 4798 Deum
650 4735 857 4797 nominamus
879 4732 959 4796 coeli
981 4740 1014 4796 et
1036 4750 1142 4796 terrae
1163 4739 1352 4809 crantorem,
1405 4733 1502 4798 datur
1529 4736 1634 4799 omnis
1661 4735 1902 4817 tergiversatio,
1931 4740 1964 4796 et
1991 4730 2116 4794 iustitia
2136 4728 2199 4791 Dei
2229 4729 2269 4794 ab
2292 4729 2381 4793 omni

373 4818 473 4883 simul
494 4821 530 4883 in
551 4827 694 4883 mentem
717 4819 811 4884 nobis
832 4818 952 4897 veniat,
975 4839 1088 4883 eorum
1106 4817 1251 4882 omnium
1270 4838 1353 4899 quae
1404 4820 1648 4885 insimulatione
1669 4819 1862 4886 vindicetur.
1911 4817 2021 4881 Postea
2048 4834 2105 4878 seeo
2127 4814 2188 4879 loco
2208 4815 2382 4880 ademar

373 4887 527 4984 condidit,
551 4905 826 4987 dispensationem
846 4906 882 4970 in
899 4904 1001 4969 manu
1019 4925 1057 4969 ac
1074 4911 1233 4986 potestate
1251 4903 1353 4985 ipsius
1405 4927 1501 4986 quom
1528 4907 1614 4989 lorupc
1642 4906 1745 4970 obsint
1765 4904 1902 4969 domines
1929 4901 1967 4965 ob
1988 4920 2025 4963 eo
2041 4900 2182 4978 parma
2203 4921 2267 4981 quo
2288 4902 2383 4966 dono·

372 5011 459 5068 csse,
493 5012 554 5055 nos
587 5012 664 5056 vero
692 5013 763 5056 esse
789 4993 801 5055 i
842 4993 894 5056 ius
921 4991 1020 5069 filios,
1049 5011 1129 5073 quos
1158 4989 1291 5054 alendos
1321 4997 1354 5053 et
1405 4998 1455 5057 tus
1474 4993 1580 5073 scoot
1600 4991 1718 5057 Adam.
1761 4990 1811 5055 Ac
1832 4991 1938 5071 prium
1959 4986 2120 5049 eumcum
2140 4992 2198 5066 est,
2227 5007 2323 5068 quum
2344 5007 2383 5051 cu

373 5075 561 5141 educandos
588 5077 622 5141 in
650 5099 743 5141 suam
770 5079 793 5140 fi
817 5099 869 5142 em
901 5077 1145 5159 custodiamque
1178 5076 1337 5157 receperit
1344 5098 1352 5155 3
1405 5084 1489 5143 terro
1514 5084 1542 5142 et
1561 5080 1625 5143 luto
1646 5083 1791 5159 sumptus
1809 5076 1887 5157 fuit,
1920 5073 2067 5148 iniectum
2092 5072 2193 5153 fuisse
2218 5072 2383 5152 superbiae

375 5170 414 5226 ut
434 5162 593 5227 bonorum
614 5163 762 5226 omnium
784 5183 947 5227 summam
975 5164 1015 5227 ab
1038 5183 1076 5227 eo
1097 5182 1164 5226 uno
1186 5171 1353 5243 exspecte—
1404 5165 1566 5245 fraenum,
1592 5165 1667 5246 quio
1694 5162 1776 5226 nibil
1803 5160 1907 5240 mapis
1935 5157 2107 5223 absurdum
2135 5164 2178 5222 est
2205 5178 2300 5239 quom
2322 5177 2383 5220 mo

373 5269 465 5325 mus,
496 5269 534 5313 ac
560 5256 649 5314 certo
676 5267 843 5329 speremus
869 5249 963 5311 illum
987 5269 1157 5331 nunquam
1178 5268 1353 5330 passurum
1405 5251 1581 5315 excellentie
1607 5249 1742 5332 ploriori
1768 5246 1824 5325 qui
1851 5265 1912 5308 non
1938 5244 2039 5308 adum
2060 5244 2200 5308 debiant
2220 5243 2383 5325 tupurium

373 5355 434 5400 nos
461 5333 561 5399 rebus
590 5334 632 5398 ad
660 5333 800 5398 salutem
822 5334 1013 5397 necessariis
1034 5332 1197 5417 indigere,
1224 5355 1267 5396 ne
1294 5333 1353 5396 ali·
1405 5337 1536 5413 tuteum,
1570 5337 1623 5399 sed
1655 5335 1710 5414 qui
1741 5335 1815 5396 sunt
1846 5331 1911 5411 ipsi
1943 5351 1981 5396 ec
2007 5336 2103 5410 parte
2130 5335 2212 5394 terro
2239 5332 2267 5391 et
2292 5326 2381 5389 cium
2485 5350 2490 5365 ,

372 5418 464 5485 unde
485 5441 560 5503 spes
581 5428 694 5484 nostra
708 5416 850 5500 pendeat
856 5441 864 5496 3
887 5424 924 5481 ut
944 5417 1102 5500 quidquid
1121 5417 1353 5496 desideramus,

373 5503 418 5570 ad
456 5528 531 5571 eum
564 5513 640 5570 vota
671 5512 783 5569 nostra
815 5503 1007 5584 respiciant;
1047 5504 1267 5584 cuiuscunque
1306 5505 1353 5567 rei

372 5590 520 5656 ffflsslum
552 5591 782 5688 ΡΘῙὌῘΡῘῙῙῙῙΨΙ
806 5590 875 5654 ‘ilus
908 5608 978 5652 0⁸⁸⁰
1010 5588 1205 5652 beneficium
1238 5609 1354 5670 ³3⁰⁰&
1477 5619 1506 5684 1)
1527 5618 1597 5670 Fere
1615 5637 1726 5686 meum,
1745 5624 1924 5688 paucissimis
1946 5621 2064 5687 exceptis
2080 5634 2150 5688 quoe
2168 5633 2201 5669 ec
2219 5616 2384 5684 praeceden-

373 5696 503 5757 camus,
535 5686 570 5741 et
597 5697 672 5742 cum
699 5683 882 5760 gratiarum
910 5680 1034 5738 actone
1061 5672 1288 5754 profiteamur3
1317 5679 1356 5735 ut
1409 5688 1445 5739 as
1462 5688 1590 5740 editura
1610 5688 1675 5756 cap.
1687 5689 1730 5742 11.
1749 5691 1772 5756 ξ.
1784 5691 1809 5744 6.
1828 5690 1852 5744 7.
1871 5691 1912 5745 18.
1931 5690 1964 5743 19
1982 5689 2141 5755 deprompto
2158 5691 2229 5738 mut.

704 5803 712 5811 .
2142 5770 2177 5824 9*
