5600 6809
395 800 457 862 991
1041 789 1308 858 marmeno
1329 789 1436 858 REL.
1457 785 1640 856 etiamr.
1665 789 1758 855 1559.
1854 790 1860 802 ’
2345 791 2415 852 992

398 987 432 1061 3,
463 983 516 1065 5)..
551 981 648 1046 Unde
678 980 917 1046 ratiocinantur
942 979 1066 1046 nemini
1094 980 1158 1045 nisi
1186 1000 1301 1044 earum
1323 998 1375 1043 re-
1427 998 1557 1059 semper
1578 975 1672 1059 signo
1693 977 1821 1058 praeire
1843 973 1954 1039 velint
1992 975 2079 1040 Nam
2096 985 2130 1041 et
2147 976 2413 1044 circumcisionis

395 1088 471 1132 rum
497 1067 607 1149 capaci
634 1065 876 1131 conferendum.
928 1064 1106 1131 Sedenim
1128 1065 1222 1130 nobis
1243 1085 1286 1128 ex
1318 1064 1375 1128 ad·
1427 1063 1549 1128 veritas
1571 1061 1685 1125 eodem
1706 1061 1920 1126 conscientiae
1942 1062 2045 1125 bonae
2066 1061 2253 1127 testimonio
2275 1075 2412 1128 consta·

395 1173 490 1218 verso
530 1152 680 1235 excipere
714 1153 808 1231 licet,
850 1173 955 1234 neque
988 1144 1269 1216 circumcisionem
1301 1149 1374 1215 aliis
1427 1149 1490 1213 bat.
1536 1145 1634 1227 Quod
1652 1148 1681 1211 si
1699 1149 1881 1212 necessario
1902 1147 2097 1228 praecedere
2119 1147 2292 1227 debuisset,
2318 1172 2412 1213 nun·

394 1258 496 1321 quam
517 1239 719 1321 regeneratis
741 1239 841 1303 fiisse
863 1234 1109 1314 conserendam,
1133 1257 1215 1318 quae
1237 1256 1374 1319 regene-
1426 1254 1525 1316 quam
1561 1232 1704 1298 infantes
1742 1231 1807 1297 Dei
1845 1231 2000 1296 mandato
2035 1234 2175 1303 fuissent
2213 1235 2411 1301 circumcisi

394 1324 557 1388 rationem
583 1322 785 1406 designabat.
837 1325 946 1405 Atque
972 1323 1020 1387 ita
1048 1322 1114 1387 Dei
1141 1322 1331 1387 institutum
1353 1343 1373 1386 a
1425 1321 1554 1384 Verum
1575 1320 1644 1399 ipsc
1665 1319 1767 1383 bonae
1789 1318 2005 1382 conscientiae
2024 1319 2247 1385 testimonium
2262 1321 2411 1387 circum·

394 1409 490 1474 nobis
512 1409 792 1475 condemnabitur.
828 1407 971 1474 Proinde
995 1407 1181 1492 (quodiam
1203 1407 1372 1488 aliquoties
1425 1404 1557 1470 cisionis
1590 1405 1722 1469 veritati
1755 1405 1886 1470 subesse
1920 1403 2135 1482 ostendens,
2159 1405 2257 1471 simul
2289 1415 2411 1472 tamen

395 1495 591 1578 attigimus),
620 1515 832 1577 quaecunque
856 1492 898 1557 ad
924 1494 1203 1576 quatefeciendam
1233 1493 1373 1558 circum·
1425 1490 1629 1574 praecipiens
1655 1489 1809 1572 parvulos
1839 1489 2043 1568 circumcidi,
2071 1513 2110 1555 ea
2137 1502 2230 1573 parte
2256 1492 2292 1556 in
2314 1494 2411 1558 futu-

395 1581 552 1647 cisionem
580 1587 775 1664 argumenta
794 1579 971 1658 inclinant,
1001 1580 1070 1644 vim
1096 1579 1222 1643 nullam
1249 1578 1373 1642 habent
1425 1598 1501 1640 rum
1530 1582 1659 1657 tempus
1685 1576 1962 1640 circumcisionem
1989 1577 2130 1640 conferri
2157 1579 2237 1642 satis
2268 1577 2408 1644 indicat.

394 1666 432 1730 in
453 1664 672 1750 oppugnando
689 1665 858 1747 baptismo.
895 1665 1010 1747 Neque
1023 1665 1206 1742 elabuntur,
1230 1665 1258 1729 si
1280 1663 1372 1728 dixe·
1425 1660 1538 1742 Quare
1564 1661 1649 1724 nihil
1674 1661 1748 1743 plus
1774 1662 1810 1725 in
1836 1660 2101 1744 paedobaptismo
2127 1665 2310 1745 praesentis
2332 1665 2409 1730 effi-

394 1753 464 1817 rint
485 1758 608 1816 statum
626 1772 696 1816 esse
714 1751 807 1816 nobis
827 1772 865 1815 ac
882 1752 987 1815 fixum
1009 1750 1094 1833 quod
1115 1751 1179 1815 Dei
1198 1751 1380 1815 autoritate
1425 1749 1532 1813 caciae
1561 1746 1793 1829 requirendum
1822 1754 1885 1824 est,
1915 1767 2013 1828 quam
2040 1756 2078 1811 ut
2104 1749 2217 1813 foedus
2239 1771 2315 1814 cum
2336 1751 2407 1815 illis

395 1847 484 1903 certo
506 1838 634 1914 nititur,
663 1837 793 1901 etiamsi
820 1835 912 1901 nulla
941 1837 1011 1901 eius
1039 1836 1123 1901 ratio
1145 1843 1266 1913 exstet3
1287 1855 1372 1917 quae
1425 1833 1611 1897 aDomino
1632 1854 1823 1914 percussum
1854 1833 2006 1919 obfirmet
2027 1840 2061 1896 et
2082 1836 2214 1900 sanciat.
2259 1835 2408 1919 Reliqua

394 1922 579 1988 reverentia
598 1943 702 2003 neque
720 1920 984 2004 paedobaptismo
1003 1921 1148 1999 debetur,
1171 1942 1276 2003 neque
1298 1920 1371 1984 aliis
1425 1919 1495 1983 eius
1517 1919 1712 1985 sacramenti
1736 1919 1945 2002 significatio,
1968 1939 2031 2000 quo
2052 1925 2196 2002 tempore
2215 1921 2308 1986 Deus
2330 1922 2406 2004 ipse

394 2007 563 2084 similibus,
593 2029 677 2090 quae
698 2027 853 2090 expresso
876 2006 941 2071 Dei
962 2007 1062 2072 verbo
1090 2028 1158 2072 non
1180 2016 1257 2071 sunt
1279 2006 1371 2071 nobis
1424 2003 1614 2086 providerit,
1637 2011 1750 2085 postea
1771 2019 1998 2087 consequetur.

393 2092 630 2159 commendata:
677 2093 807 2175 quando
845 2092 907 2157 hoe
950 2091 1138 2157 dilemmate
1176 2091 1372 2176 deprehensi
1511 2093 1560 2154 22.
1605 2090 1780 2154 Neminem
1806 2091 1872 2153 iam
1899 2111 1970 2154 esse
1991 2098 2079 2170 puto,
2110 2092 2165 2172 qui
2188 2112 2253 2156 non
2275 2096 2406 2176 perspi-

393 2199 522 2262 semper
555 2186 717 2243 tenentur.
761 2180 838 2242 ³Ant
870 2179 958 2241 enim
991 2178 1175 2261 legitimum
1207 2177 1371 2260 nullisque
1423 2195 1484 2240 cue
1513 2183 1626 2240 cernat
1654 2196 1767 2240 omnes
1789 2175 1886 2241 huius
1912 2183 2008 2239 notae
2035 2177 2177 2241 rationes
2199 2198 2309 2243 meras
2330 2201 2405 2247 esse

393 2264 519 2331 cavillis
548 2265 742 2343 obnoxium,
780 2270 837 2328 aut
864 2264 1117 2346 reprehensione
1145 2263 1281 2347 dignum
1309 2263 1371 2326 fuit
1417 2262 1604 2343 scripturae
1625 2261 1835 2327 inversiones.
1880 2260 1974 2341 Quae
1997 2273 2174 2343 supersunt
2201 2263 2253 2328 his
2276 2265 2403 2346 affines,

394 2348 434 2414 de
467 2348 738 2415 circumcidendis
764 2350 943 2415 infantibus
970 2351 1036 2413 Dei
1063 2359 1281 2431 praeceptum.
1332 2346 1370 2413 Si
1424 2347 1546 2412 cursim
1578 2368 1821 2429 persequemur.
1876 2347 2085 2429 Baptismum
2124 2349 2160 2410 in
2192 2357 2404 2430 peccatorum
2444 2419 2447 2424 ,

393 2435 478 2500 nihil
504 2436 618 2500 absoni
645 2456 705 2501 nec
732 2434 865 2501 absurdi
892 2436 927 2498 in
955 2436 1012 2499 illo
1039 2437 1114 2513 fuit,
1145 2455 1206 2499 nec
1236 2436 1272 2498 in
1293 2455 1370 2516 pae-
1424 2433 1649 2497 remissionem
1683 2431 1754 2495 dari
1787 2432 1953 2498 obiiciunt.
2003 2431 2100 2512 Quod
2127 2432 2184 2497 ubi
2212 2456 2404 2503 conoessum

395 2520 593 2604 dobaptismi
631 2521 857 2585 observatione
896 2520 1064 2602 quidpiam
1097 2518 1230 2585 absurdi
1263 2519 1371 2584 notari
1423 2518 1542 2596 fuerit,
1582 2519 1763 2583 sententiae
1799 2528 1930 2583 nostrae
1964 2518 2094 2583 abunde
2132 2522 2402 2601 patrocinabitur.

393 2606 523 2688 poterit.
1422 2604 1615 2669 Peccatores
1637 2604 1727 2667 enim
1748 2624 1849 2685 quum
1872 2625 2054 2682 nascamur,
2077 2605 2268 2672 remissione
2290 2617 2323 2672 et
2344 2632 2403 2675 ve-

482 2693 532 2754 21.
577 2689 687 2770 Quam
708 2712 787 2755 vero
809 2697 969 2756 conantur
985 2691 1046 2756 hoc
1067 2691 1138 2756 loco
1160 2691 1292 2755 inurere
1315 2690 1370 2754 ab·
1423 2691 1480 2754 nia
1497 2691 1563 2755 iam
1582 2710 1601 2752 a
1617 2689 1734 2752 matris
1753 2699 1845 2753 utero
1867 2710 1948 2772 opus
1970 2689 2137 2754 habemus.
2173 2692 2278 2756 Porro
2296 2716 2403 2777 quum

394 2775 564 2841 surditatis
596 2777 776 2854 maculam,
811 2777 857 2842 sic
891 2776 1039 2841 eluimus.
1089 2775 1181 2857 Quos
1214 2777 1371 2841 electione
1424 2795 1515 2857 spem
1537 2775 1777 2840 misericordiae
1799 2775 1876 2839 huic
1898 2776 1998 2840 aetati
2018 2797 2085 2840 non
2107 2778 2276 2859 praecidat
2295 2780 2401 2860 Deus,

395 2883 455 2927 sua
478 2861 632 2945 dignatus
660 2868 712 2927 est
736 2863 913 2939 Dominus,
936 2862 963 2926 si
992 2872 1123 2946 accepto
1150 2862 1370 2945 regeneratio·
1423 2861 1481 2925 sed
1502 2860 1612 2943 potius
1633 2868 1757 2925 certam
1778 2861 1884 2939 faciat,
1908 2884 1967 2927 cur
1989 2863 2121 2945 signum
2142 2884 2178 2927 re
2199 2863 2270 2945 ipsa
2290 2867 2400 2931 multo

394 2947 446 3012 nis
467 2948 569 3030 signo,
592 2949 756 3029 praesenti
780 2950 848 3013 vita
870 2956 947 3012 ants
965 2948 1150 3031 demigrant
1171 2969 1272 3031 quam
1293 2947 1387 3010 ado?
1422 2947 1561 3011 inferius
1597 2947 1879 3029 praeriperemus?
1930 2946 2042 3027 Quare
2076 2948 2165 3029 quod
2189 2949 2223 3012 in
2252 2970 2311 3013 nos
2345 2953 2399 3014 vi-

394 3032 549 3110 leverint,
585 3054 640 3097 eos
670 3033 791 3097 virtute
819 3033 870 3099 sui
898 3034 1032 3116 spiritus
1060 3033 1155 3098 nobis
1188 3035 1370 3114 incompre-
1424 3033 1519 3097 brare
1548 3031 1746 3110 moliuntur,
1770 3033 1832 3098 hoo
1854 3034 1901 3096 ita
1922 3041 2149 3115 retorquemus
2170 3035 2204 3097 in
2221 3055 2276 3099 eos
2297 3036 2397 3118 ipsos.

395 3118 498 3183 hensa
525 3127 678 3196 renovat,
709 3139 772 3202 quo
792 3119 890 3183 modo
917 3119 1072 3202 expedire
1094 3119 1181 3184 solus
1203 3120 1273 3202 ipse
1294 3139 1369 3200 pro-
1423 3117 1560 3182 Parvuli
1582 3126 1791 3200 pcccatorum
1814 3119 2004 3183 remissione
2030 3119 2207 3184 donantur:
2230 3142 2307 3204 ergo
2330 3124 2399 3205 sig·

392 3203 493 3270 videt.
545 3201 582 3268 Si
608 3202 822 3287 grandescere
854 3205 889 3269 in
917 3214 1057 3270 aetatem
1089 3207 1273 3288 contingat,
1306 3226 1370 3286 qua
1423 3224 1466 3267 no
1499 3203 1653 3285 privandi
1689 3224 1755 3267 non
1782 3212 1867 3271 sunt
1917 3206 2095 3270 Proferunt
2123 3205 2222 3269 simul
2244 3207 2326 3270 illud
2356 3230 2401 3273 ex

393 3287 546 3371 baptismi
575 3290 749 3355 veritatem
777 3290 904 3355 edoceri
931 3300 1065 3374 queant,
1094 3291 1171 3356 hinc
1198 3291 1304 3374 magis
1329 3290 1370 3354 ad
1422 3289 1561 3371 epistola
1586 3288 1628 3352 ad
1655 3289 1818 3372 Ephesios
1840 3289 1889 3372 (5,
1914 3289 1987 3374 26),
2015 3291 2185 3356 ecclesiam
2208 3314 2228 3356 a
2254 3293 2401 3359 Domino

394 3376 614 3440 renovationis
644 3375 790 3440 studium
812 3376 1046 3455 accendentur,
1075 3378 1167 3442 cuius
1192 3384 1313 3441 tessera
1335 3398 1369 3441 se
1421 3374 1617 3439 mundatam
1643 3374 1774 3440 lavacro
1802 3397 1905 3459 aquae
1932 3377 1969 3440 in
1996 3378 2095 3442 verbo
2117 3379 2214 3443 vitae.
2260 3376 2401 3459 Quoad

395 3481 415 3525 a
442 3462 550 3543 prima
577 3463 689 3525 statim
712 3461 853 3527 infantia
879 3461 1014 3526 donatos
1044 3484 1114 3528 esse
1138 3462 1279 3540 discent,
1307 3483 1370 3544 quo
1422 3481 1567 3525 errorem
1594 3481 1708 3524 eorum
1736 3461 1948 3527 evertendum
1976 3463 2060 3526 nihil
2089 3465 2197 3546 aptius
2225 3464 2322 3529 citari
2342 3487 2401 3548 po-

394 3566 468 3610 eam
495 3553 562 3610 toto
591 3549 679 3612 vitae
706 3546 846 3613 decursu
873 3548 1119 3613 meditarentur.
1163 3548 1289 3613 Eodem
1318 3569 1369 3612 re-
1423 3553 1516 3610 terat.
1561 3547 1647 3610 Nam
1669 3546 1745 3611 inde
1766 3548 1861 3612 nobis
1882 3549 1986 3612 facilis
2013 3550 2160 3614 nascitur
2185 3548 2401 3630 probetiozsi

394 3632 520 3697 feratur
547 3630 634 3715 quod
656 3632 781 3697 duobus
804 3634 883 3698 locis
904 3633 1030 3698 Paulus
1052 3634 1161 3713 docet,
1190 3654 1250 3697 nos
1272 3631 1370 3698 Ohri-
1422 3639 1579 3697 testatam
1606 3631 1768 3714 baptismo
1801 3633 1874 3697 vult
1906 3633 2061 3699 Christus
2088 3634 2306 3714 ablutionem,
2336 3658 2401 3719 qua

395 3724 445 3781 sto
466 3739 526 3798 per
551 3718 752 3800 baptismum
781 3719 972 3802 consepeliri
995 3719 1106 3802 (Rom.
1131 3728 1166 3799 6,
1188 3726 1223 3798 43
1246 3718 1316 3784 Col
1340 3723 1369 3797 2,
1424 3717 1592 3782 ecclesiam
1628 3739 1723 3781 suam
1756 3719 1929 3798 emundat,
1964 3742 2105 3803 aequum
2137 3741 2203 3784 non
2231 3721 2336 3786 videri
2362 3732 2402 3787 ut

399 3801 462 3885 12).
511 3802 598 3867 Nam
627 3825 664 3868 eo
691 3826 757 3868 non
784 3805 956 3888 intelligit,
984 3807 1211 3888 consepultum
1237 3803 1370 3869 Christo
1424 3826 1483 3868 suo
1505 3804 1541 3866 in
1567 3803 1716 3885 parvulis
1733 3804 1920 3869 testimonio
1942 3814 2081 3884 careat,
2097 3806 2153 3888 qui
2180 3807 2216 3869 in
2244 3808 2401 3874 eeclesiae

395 3886 464 3951 iam
490 3889 582 3971 prius
610 3910 685 3953 eum
714 3910 784 3955 esse
812 3899 962 3974 oportere
984 3892 1039 3975 qui
1060 3890 1220 3974 baptismo
1242 3891 1287 3954 sit
1307 3891 1371 3953 ini-
1423 3896 1517 3971 parte
1538 3888 1610 3953 iure
1629 3896 1815 3968 censentur,
1833 3912 1934 3973 quum
1956 3892 2113 3957 haeredes
2134 3894 2227 3974 regni
2250 3895 2401 3961 coelestis

396 3972 543 4052 tiendus;
566 3973 623 4039 sed
645 3996 727 4057 quae
749 3975 910 4058 baptismo
932 3978 1044 4043 subest
1066 3976 1223 4056 doctrina,
1246 3976 1371 4059 simpli·
1423 3975 1491 4040 sint
1511 3975 1700 4058 nuncupati.
1744 3975 1942 4042 Universam
1971 3979 2060 4042 enim
2080 3977 2251 4043 ecclesiam
2272 3979 2399 4045 Paulus

395 4057 478 4124 citer
504 4059 662 4139 declarat,
691 4061 789 4144 idque
815 4063 882 4126 iam
909 4062 1095 4146 baptizatis3
1128 4071 1166 4127 ut
1192 4084 1234 4127 nc
1262 4063 1371 4126 insani
1425 4060 1664 4142 complectitur,
1701 4062 1757 4126 ubi
1791 4059 1869 4128 dicit
1902 4064 2095 4128 mundatam
2126 4063 2257 4129 lavacro
2286 4086 2397 4147 aquae.

394 4143 527 4226 quidem
545 4146 705 4228 baptismo
719 4150 849 4229 praeire
869 4170 910 4213 ex
928 4149 990 4214 boc
1012 4149 1081 4215 loco
1098 4149 1276 4233 pugnaturi
1294 4148 1369 4212 sint.
1423 4147 1537 4211 Nihilo
1559 4146 1665 4211 secius
1693 4156 1726 4211 et
1748 4167 1789 4211 ex
1818 4169 1856 4213 eo
1882 4149 1968 4231 quod
1990 4150 2067 4215 alibi
2089 4150 2168 4214 dicit
2190 4149 2222 4234 (l
2247 4149 2321 4215 Cor.
2348 4155 2397 4228 12,

394 4229 436 4293 In
477 4231 567 4296 hunc
605 4232 739 4296 modum
773 4234 883 4300 Moses
923 4243 956 4298 et
993 4235 1172 4317 prophetae
1212 4233 1371 4318 populum
1427 4231 1491 4316 13),
1515 4252 1575 4297 nos
1597 4233 1633 4295 in
1656 4230 1781 4297 (lhristi
1807 4256 1926 4318 corpus
1953 4257 2012 4317 per
2032 4237 2233 4318 baptismum
2254 4258 2323 4300 esse
2345 4237 2398 4299 in-

395 4314 622 4396 admonebant,
646 4318 723 4400 quid
746 4319 807 4384 sibi
828 4321 929 4385 vellet
948 4320 1160 4400 circumcisio,
1178 4340 1243 4403 qua
1260 4327 1370 4384 tamen
1423 4328 1542 4397 sartos,
1573 4318 1757 4402 colligimus
1782 4320 1940 4400 infantes,
1969 4343 2050 4404 quos
2072 4321 2227 4386 membris
2249 4323 2315 4385 suis
2336 4343 2397 4385 an·

394 4399 538 4466 infantes
561 4404 682 4486 signati
709 4404 849 4468 fuerant.
894 4405 1102 4471 Tantundem
1124 4406 1212 4471 valet
1231 4404 1317 4487 quod
1337 4412 1370 4469 et
1423 4413 1584 4482 numerat,
1607 4405 1820 4488 baptizandos
1842 4428 1926 4485 esse,
1954 4429 1996 4471 no
2018 4428 2038 4470 a
2060 4429 2118 4472 suo
2140 4429 2271 4490 corpore
2291 4404 2398 4472 divel-

395 4484 524 4550 Galatis
553 4489 666 4553 scribit
692 4488 742 4573 (3,
767 4489 837 4573 27),
867 4512 921 4556 eos
949 4491 1027 4555 dum
1049 4491 1205 4574 baptizati
1227 4492 1369 4569 fuerunt,
1422 4491 1542 4554 lantur.
1587 4491 1642 4554 En
1663 4513 1726 4573 quo
1752 4493 1877 4573 impetn
1904 4515 1979 4558 cum
2007 4499 2056 4557 tot
2082 4494 2243 4558 machinis
2263 4493 2300 4556 in
2320 4493 2400 4558 fidei

371 4569 568 4636 ‘Christum
588 4574 743 4639 induisse.
788 4574 953 4655 Quorsum
973 4577 1028 4641 id?
1071 4578 1198 4660 Nempe
1218 4585 1257 4641 ut
1273 4575 1371 4642 Ohri·
1423 4584 1554 4640 nostrae
1576 4576 1739 4657 praesidia
1760 4579 2006 4659 impressionem
2027 4578 2157 4643 faciant

397 4665 446 4722 sto
468 4659 503 4721 in
530 4665 698 4741 posterum
719 4661 884 4741 viverent,
913 4664 990 4745 quia
1016 4685 1077 4728 crore
1099 4675 1182 4729 ante'
1200 4664 1368 4729 vixissent.
1511 4666 1561 4725 23.
1616 4663 1690 4726 Iam
1721 4663 1763 4727 ad
1796 4664 1916 4729 saeculi
1949 4664 2114 4746 apostolici
2148 4665 2267 4746 praxin
2301 4672 2399 4746 atquo
2425 4718 2432 4726 .

395 4744 442 4806 Et
464 4765 650 4826 quanquam
671 4747 707 4809 in
728 4756 808 4811 natu
830 4749 1058 4831 grandioribus
1080 4750 1229 4835 mysterii
1251 4748 1370 4814 intelli·
1424 4746 1692 4811 consuetudinem
1719 4747 1936 4828 descendunt,
1972 4770 2036 4831 quo
2062 4772 2173 4828 nemo,
2209 4750 2273 4815 nisi
2300 4750 2401 4815 fidem

396 4832 541 4910 gentiam
575 4831 661 4914 signi
694 4833 855 4915 susceptio
889 4837 1041 4917 consequi
1073 4834 1180 4913 debet,
1218 4835 1370 4917 parvulos
1424 4841 1500 4898 ante
1529 4834 1828 4914 poenitentiamque
1849 4837 2027 4915 professus,
2057 4835 2100 4900 ad
2121 4836 2320 4917 baptismum
2342 4837 2400 4900 ad-

396 4919 507 4977 tamen
530 4914 593 4978 alio
614 4915 683 4979 loco
706 4939 743 4983 ac
764 4940 902 4984 numero
922 4921 1103 5000 habendos,
1130 4943 1207 4984 mox
1229 4941 1370 5002 expone-
1423 4921 1543 4983 missus
1565 4918 1771 4998 comperitur.
1816 4919 1903 4982 Nam
1932 4921 1987 4984 ubi
2009 4930 2145 5004 rogatur
2166 4922 2287 4986 Petrus
2310 4924 2399 5006 (Act.

396 5002 461 5062 tur.
493 4999 563 5063 Nec
580 5000 670 5064 aliud
687 5003 897 5069 statuendum
916 5015 966 5072 cst
984 5005 1023 5071 de
1041 5008 1102 5071 boo
1122 5007 1209 5070 Petri
1226 5004 1257 5088 (l
1280 5006 1369 5070 Petr.
1425 5009 1460 5082 2,
1485 5004 1541 5086 37)
1562 5001 1602 5065 ab
1624 5003 1664 5066 iis
1687 5004 1804 5085 quibus
1824 5015 1895 5068 erat
1916 5007 2127 5089 resipiscendi
2148 5008 2296 5086 animus,
2320 5009 2401 5091 quid

397 5085 430 5160 3,
456 5082 526 5165 21),
556 5085 591 5148 in
616 5107 680 5168 quo
708 5088 769 5153 sibi
796 5112 954 5174 magnum
983 5093 1182 5175 praesidium
1204 5097 1355 5155 statuunt
1362 5114 1370 5169 ;
1423 5091 1511 5153 factu
1533 5090 1576 5153 sit
1598 5110 1689 5170 opus,
1712 5097 1760 5153 ut·
1778 5091 2011 5172 poenitentiam
2033 5095 2177 5177 primum
2199 5102 2301 5177 agant
2323 5115 2401 5158 con-

395 5189 497 5251 quum
525 5169 613 5250 dicit,
643 5195 708 5237 non
739 5197 809 5240 esse
839 5177 1039 5242 ablutionem
1068 5178 1108 5243 ad
1137 5175 1371 5259 abstergendas
1424 5174 1517 5254 sulit,
1546 5174 1663 5239 deinde
1691 5182 1728 5239 ut
1752 5177 1962 5260 baptizentur
1983 5180 2018 5243 in
2039 5180 2264 5244 remissionem
2285 5200 2401 5261 pecca-

394 5256 538 5337 corporis
561 5257 681 5337 sordes,
704 5260 761 5325 sed
782 5263 885 5326 bonae
912 5265 1127 5329 conscientiae
1149 5262 1371 5329 testimonium
1423 5269 1540 5325 torum.
1577 5259 1737 5327 Similiter
1757 5262 1931 5346 Philippus
1954 5264 2041 5349 (Act
2062 5270 2090 5343 8,
2111 5265 2176 5349 37),
2196 5287 2297 5348 quum
2320 5265 2400 5346 bap·
2461 5308 2471 5324 .

395 5361 505 5406 coram
522 5341 604 5421 Deo,
623 5365 682 5426 per
700 5346 825 5410 Christi
842 5351 1120 5413 resurrectionem.
1161 5346 1373 5415 contendunt
1424 5347 1520 5411 tizari
1546 5348 1717 5413 eunuchus
1744 5348 1799 5413 ille
1826 5352 2020 5432 postularet,
2040 5350 2209 5434 respondit
2234 5350 2267 5415 id
2288 5351 2398 5430 licere,

394 5427 528 5507 quidem
566 5429 616 5493 illi
649 5450 691 5494 ex
724 5452 761 5494 eo
795 5432 879 5496 nihil
912 5434 1176 5517 paedobaptismo
1209 5435 1372 5518 reliquum
1423 5433 1520 5498 modo
1538 5442 1605 5497 toto
1628 5434 1723 5499 corde
1743 5435 1898 5501 crederet
1941 5432 2031 5501 Hinc
2053 5437 2115 5502 sibi
2137 5436 2282 5502 obtinere
2302 5456 2401 5518 posse

395 5512 482 5589 fieri,
511 5514 574 5579 nisi
596 5522 634 5578 ut
660 5517 770 5581 inanis
793 5517 837 5582 sit
858 5518 982 5598 t'umus;
1008 5542 1126 5603 nempe
1148 5541 1168 5584 a
1189 5541 1252 5603 quo
1273 5520 1371 5604 longe
1424 5519 1596 5598 videntur,
1620 5521 1831 5602 baptismum,
1854 5521 1918 5586 nisi
1939 5532 2118 5604 praeeunte
2140 5523 2205 5587 fido
2227 5545 2265 5588 ac
2286 5523 2400 5605 poeni-

396 5599 536 5678 seposita
570 5600 613 5663 sit
651 5601 732 5666 haec
771 5603 902 5668 veritas.
959 5606 1085 5670 Verum
1115 5606 1372 5672 hallucinatione
1426 5606 1536 5683 tentia,
1559 5608 1704 5686 cuquam
1726 5605 1858 5671 concedi
1879 5608 2012 5672 minime
2031 5608 2086 5689 fos
2106 5630 2178 5674 esse.
2207 5610 2399 5687 Enimvero,

395 5679 460 5745 ista
486 5682 665 5750 identidem
692 5697 844 5768 peccant,
875 5688 962 5771 quod
990 5712 1060 5756 rem
1082 5693 1236 5775 temporis
1258 5691 1372 5756 ordine
1425 5691 1454 5755 si
1475 5691 1560 5756 huic-
1574 5692 1692 5755 rationi
1713 5691 1820 5756 locum
1842 5691 1967 5770 damus,
1989 5694 2081 5776 prior
2101 5695 2206 5771 locus,
2230 5695 2286 5760 ubi
2307 5694 2404 5761 nulla
