5600 6809
438 771 500 833 ur
824 684 840 727 ⁴
876 823 884 839 .
1081 747 1346 825 msuruuuro
1368 758 1473 824 auu.
1497 757 1677 825 enarer.
1703 763 1795 824 1559.
2367 752 2441 827 'rte

437 978 512 1022 mus
540 963 651 1018 noster
679 973 713 1018 se
741 950 895 1027 reclinat,
930 956 964 1013 et
992 945 1110 1012 fiducia
1138 953 1251 1010 nostra
1279 946 1314 1009 in
1342 945 1413 1027 ipso
1464 947 1593 1027 conset,
1615 947 1694 1010 irater
1715 967 1748 1010 se
1768 952 1874 1011 mutuo
1894 949 2121 1013 mmmmmiccut.
2168 949 2234 1029 Quo
2255 955 2359 1014 tornea
2379 971 2442 1014 oon

439 1039 628 1125 acquiescit;
660 1036 747 1120 quod
779 1036 816 1099 in
849 1034 1019 1100 ecclesiam
1048 1053 1114 1096 non
1141 1032 1189 1095 ita
1214 1032 1411 1107 conveniret,
1464 1033 1582 1096 addar
1601 1033 1779 1115 pretiorum
1799 1033 1979 1110 diomedes,
2011 1035 2105 1098 acrei
2126 1035 2243 1100 scamas
2264 1036 2353 1100 oeric
2374 1037 2441 1101 otr-

438 1124 712 1212 quemadmcdum
733 1143 794 1187 nec
815 1121 852 1184 in
873 1119 1100 1184 remissionem
1116 1124 1331 1199 peccatorum,
1355 1123 1413 1180 aut
1463 1119 1561 1181 babai
1581 1119 1717 1199 spiritus
1735 1118 1833 1195 doma·
1862 1139 1957 1199 neque
1978 1120 2073 1183 etiem
2093 1119 2272 1184 convellitur
2293 1121 2366 1185 ordo
2382 1142 2441 1202 po

437 1212 547 1281 caruis
580 1209 861 1277 resurrectionem.
906 1206 1037 1286 Itaque,
1071 1203 1203 1267 tametsi
1236 1201 1339 1265 nolim
1372 1200 1412 1265 de
1465 1205 1584 1280 litans,
1612 1224 1671 1283 quo
1700 1224 1778 1268 saus
1798 1204 1964 1285 actuque
1983 1205 2149 1284 fomltctcs
2163 1207 2319 1285 privatim
2334 1209 2440 1287 posei-

437 1300 547 1366 verbis
568 1296 713 1380 litigare,
740 1293 853 1356 malim
875 1308 984 1355 tamen
1007 1286 1159 1370 loquendi
1180 1287 1412 1371 proprietatem
1464 1291 1535 1354 darc
1556 1290 1637 1366 lc'cet,
1665 1294 1699 1352 ct
1724 1309 1842 1354 maesse
1868 1295 1926 1367 est,
1949 1291 2043 1370 pacis
2064 1292 2144 1355 iuter
2164 1291 2301 1356 rumines
2321 1312 2441 1356 comer-

439 1384 548 1467 eequi,
576 1403 659 1465 quae
687 1380 792 1463 aptior
814 1378 856 1442 sit
877 1376 925 1440 rei
947 1372 1193 1456 exprimendae,
1222 1393 1321 1455 quam
1347 1372 1413 1435 for·
1464 1376 1586 1440 caudae
1611 1395 1723 1453 cocco,
1751 1395 1856 1439 rerum
1884 1375 2024 1438 mmioio
2050 1377 2131 1441 iuter
2152 1378 2239 1456 ipsos
2254 1379 2390 1459 proprio
2411 1384 2441 1443 ct

438 1471 546 1536 mulas
572 1468 725 1532 affectare
753 1463 869 1546 quibus
897 1483 950 1525 res
983 1461 1053 1525 sine
1085 1480 1185 1525 causa
1213 1459 1411 1523 obscuretur.
1464 1462 1609 1525 destincte
1626 1480 1698 1524 esse.
1729 1459 1791 1525 Sat
1808 1461 1962 1524 arcadem
1978 1463 2182 1526 commemo
2200 1463 2442 1542 qualemLocos

440 1556 537 1622 Frate
558 1559 660 1619 autern
681 1557 736 1629 cst,
764 1554 798 1612 ot
818 1549 970 1623 sciemus,
998 1545 1143 1627 quemuis
1163 1545 1206 1609 od
1227 1543 1413 1608 diruendam
1464 1546 1608 1611 dcccmbit
1635 1545 1724 1628 (Act
1748 1552 1778 1623 4,
1802 1546 1874 1630 32),
1907 1547 1989 1627 qaod
2015 1547 2227 1611 multitudiuis
2252 1549 2441 1621 cncdartta'am

442 1640 561 1708 Claram
591 1639 727 1722 pretium
759 1654 861 1700 omues
892 1631 1014 1714 amca
1046 1635 1165 1695 moveat
1195 1629 1352 1707 diobolae,
1385 1632 1414 1693 ct
1465 1637 1541 1696 essm
1569 1651 1620 1695 cor
1646 1652 1745 1695 auum
1770 1637 1800 1696 ct
1818 1633 1926 1695 occ'mo
1947 1653 2028 1710 uou;
2057 1633 2232 1696 etPoclos
2253 1653 2350 1714 quam
2370 1634 2440 1699 bor·

440 1728 543 1794 eodem
568 1726 661 1790 aiom
684 1723 827 1803 ferantur
848 1738 959 1783 ccccmo
980 1719 1097 1798 impeto
1117 1714 1183 1780 Dcc'
1208 1713 1322 1792 boam,
1351 1733 1413 1777 ooo
1465 1722 1550 1782 lotar
1572 1717 1727 1799 prcsim
1747 1717 1792 1800 (4,
1812 1715 1847 1801 4)
1870 1722 1903 1780 ct
1924 1718 1988 1781 sim
2009 1737 2108 1782 mrum
2128 1738 2353 1799 corpocrates
2375 1721 2441 1801 spi·

437 1832 530 1897 posse
548 1815 650 1875 tomm
671 1805 837 1888 maioque,
858 1824 912 1868 uec
932 1802 1065 1866 caiam
1077 1820 1171 1882 porse
1187 1799 1277 1864 reddi
1296 1798 1414 1864 corase
1464 1804 1554 1881 ritca
1576 1804 1671 1866 sicam
1691 1802 1788 1867 vocati
1810 1806 1883 1867 mm
1903 1803 1939 1866 im
1959 1823 2025 1867 cmo
2045 1823 2108 1882 spe.
2145 1803 2253 1884 Neque
2269 1806 2353 1869 emmo
2367 1805 2440 1886 ficri

440 1897 640 1979 scropebam,
674 1893 753 1973 quim
776 1892 915 1973 fractum
941 1888 1076 1968 aliquem
1097 1887 1260 1966 producat·
1305 1884 1359 1947 Ita
1386 1889 1414 1948 ci
1459 1893 1574 1970 potest,
1606 1891 1635 1953 ei
1666 1910 1735 1952 cere
1762 1889 1912 1970 persuasi
1939 1889 2003 1952 siut
2029 1888 2135 1953 Deam
2162 1909 2350 1955 commemor
2377 1890 2440 1954 cibi

440 2000 559 2049 crocco
584 1980 687 2045 ecoe
713 1977 777 2044 Dcc'
803 1981 831 2041 et
856 1972 1126 2040 racemorum
1152 1971 1321 2052 spectando
1353 1974 1413 2033 cal:
1464 1974 1607 2039 amabar
1631 1979 1757 2055 potam
1787 1994 1867 2052 csse,
1901 1978 1930 2036 c
1958 1972 2117 2039 Christum
2147 1993 2305 2040 ccmmm
2335 1981 2438 2059 rapat,

439 2068 517 2151 quio
537 2066 622 2131 eolus
642 2064 726 2128 accc
747 2063 802 2144 qai
823 2063 876 2124 cai
896 2061 969 2136 sict,
990 2063 1017 2122 a
1037 2059 1095 2122 aro
1113 2056 1290 2140 emacula,
1312 2059 1347 2118 ct
1369 2055 1411 2120 lc·
1458 2061 1542 2141 ‘qam
1567 2060 1706 2140 fraterno
1732 2061 1812 2124 ica
1837 2079 1870 2124 se
1896 2079 2001 2123 amore
2026 2059 2181 2125 malcomi
2201 2060 2285 2127 altro
2305 2062 2440 2145 ciboque

440 2154 548 2237 cador
577 2150 702 2216 Paulus
734 2147 933 2232 (arima,
959 2143 1029 2227 19),
1062 2143 1197 2208 inclusos
1222 2146 1316 2204 terret:
1346 2141 1413 2204 misi
1463 2167 1525 2211 sua
1541 2147 1766 2210 communicent.
1794 2144 1867 2208 lam
1879 2145 2056 2226 plurimam
2074 2155 2187 2210 nostra
2203 2146 2342 2212 interest
2358 2150 2439 2213 seire

439 2239 521 2323 qood
541 2236 683 2318 imsipac‘o
703 2235 926 2316 anapestum,
947 2229 1061 2312 quibus
1082 2229 1303 2311 dipuoscoutar
1323 2248 1346 2292 a
1366 2246 1413 2290 ro
1464 2232 1536 2314 quis
1565 2230 1642 2296 inde
1670 2229 1711 2296 ad
1739 2252 1799 2295 nos
1826 2231 1951 2295 fructus
1984 2228 2105 2295 redeat.
2157 2230 2229 2296 Hoc
2263 2234 2346 2297 cubo
2376 2233 2440 2315 ope

436 2323 554 2408 probis.
600 2321 662 2385 Sed
688 2320 765 2400 quio
790 2319 924 2401 amycus
952 2335 1101 2380 omnermo
1127 2319 1154 2377 et
1180 2310 1413 2391 &acupictile
1463 2317 1620 2384 credimus
1645 2316 1815 2393 ccdcciam,
1845 2321 1881 2378 ut
1906 2321 1984 2380 certo
1999 2319 2151 2397 peccori
2172 2318 2274 2383 simeo
2294 2340 2351 2384 uos
2371 2339 2438 2384 carc

439 2403 903 2488 mammaemammal
917 2422 1022 2486 promo
1038 2400 1135 2464 tritici
1147 2418 1253 2479 pauca
1270 2402 1414 2479 1191411114
1464 2405 1532 2468 cius
1557 2403 1703 2469 mmor.
1747 2402 1815 2467 Hoc
1841 2402 1924 2467 cuim
1949 2402 2037 2467 modo
2064 2402 2182 2466 nititur
2210 2403 2299 2468 salus
2325 2414 2438 2469 nostra

434 2496 548 2578 patae
564 2492 708 2575 cooperte,
731 2489 791 2554 coli
808 2488 877 2554 Deo
893 2487 1101 2570 pemilteodo
1122 2490 1166 2549 eet
1186 2483 1316 2567 coemtio
1335 2502 1413 2547 succ
1464 2490 1562 2554 certis
1588 2488 1762 2571 solidisque
1786 2487 1913 2564 fulcris,
1942 2493 1980 2551 ut
2006 2488 2133 2552 etiamsi
2161 2497 2231 2553 tcta
2257 2490 2345 2554 orbis
2364 2510 2437 2554 ma-

440 2580 594 2657 ccclcsiea
616 2578 709 2657 cuius
727 2575 965 2657 foudomeolmn
985 2577 1030 2638 eet
1049 2591 1170 2636 arcam
1190 2569 1281 2635 illics
1301 2568 1413 2634 4164110·
1464 2575 1564 2641 china
1588 2575 1814 2652 labefactetur,
1844 2592 1993 2638 corruere
2024 2574 2097 2655 ipsa
2124 2581 2158 2638 et
2184 2575 2353 2640 concidere
2379 2598 2438 2641 ne·

442 2667 509 2731 Nec
521 2664 546 2748 ¹)
567 2682 638 2728 cero
659 2662 739 2726 sutis
759 2666 804 2726 est
824 2661 985 2726 coemam
1004 2656 1127 2722 turbem
1145 2656 1324 2739 tertiatione
1344 2654 1414 2717 aar}
1465 2667 1570 2743 queat.
1615 2661 1766 2725 Primum
1792 2665 1859 2722 stat
1884 2679 1957 2724 cum
1987 2657 2052 2722 Dei
2079 2659 2250 2740 electione,
2283 2683 2343 2727 nec
2373 2662 2438 2726 nisi

440 2770 549 2832 moqac
575 2747 742 2828 complecti,
768 2747 835 2811 cist
861 2747 955 2810 talem
975 2743 1116 2809 ecclcsiae
1136 2743 1286 2805 coccam
1305 2740 1413 2822 corile-
1463 2768 1539 2812 cum
1568 2754 1701 2811 aeterna
1727 2745 1816 2809 illius
1841 2742 2047 2826 providentia
2073 2746 2202 2810 variare
2222 2754 2280 2811 aut
2301 2747 2438 2812 deficere

440 2856 520 2914 mcc,
541 2835 577 2898 io
603 2853 698 2915 quom
724 2853 781 2896 coe
806 2852 872 2896 csse
899 2832 1009 2895 emmor
1035 2848 1105 2893 carc
1131 2828 1233 2892 amtor
1254 2825 1413 2906 coruom.
1463 2838 1578 2915 potest
1614 2831 1743 2896 Deinde
1763 2827 2000 2913 quodammodo
2021 2831 2192 2895 coniuncta
2212 2842 2263 2896 est
2284 2853 2359 2897 cum
2379 2835 2438 2897 fir-

442 2921 521 2987 Nat
544 2920 627 2985 euim
652 2917 709 2982 aab
735 2918 836 2998 ccpde
856 2914 1106 2981 marcelasco
1125 2912 1291 2978 maducat
1312 2912 1414 2974 senas
1463 2917 1625 2982 mitudine
1646 2916 1786 2994 Christi;
1815 2917 1871 2998 qui
1898 2935 1964 2979 non
1991 2917 2096 2998 magis
2124 2917 2267 3000 patietur
2288 2938 2308 2981 a
2328 2938 2363 2980 se
2385 2918 2437 2980 di-

439 3007 573 3088 reliquis
592 3003 734 3068 omnem
753 3002 912 3080 membris,
938 3001 1030 3066 collo
1049 3019 1108 3064 occ
1127 3002 1231 3062 meaa
1250 3016 1321 3078 spec
1342 2994 1414 3060 boo·
1464 3003 1542 3069 velli
1568 3023 1644 3068 suos
1671 3001 1798 3080 fideles,
1832 3021 1933 3084 quam
1957 3000 2105 3066 membra
2136 3023 2195 3069 sua
2227 3001 2364 3084 discerpi
2397 3023 2437 3069 ac

439 3092 583 3159 radiare
602 3090 737 3171 flaturae.
770 3087 846 3154 Ideo
867 3087 1027 3153 catholica
1049 3084 1178 3162 dicitur,
1200 3103 1259 3147 seu
1279 3081 1413 3147 univer·
1464 3088 1624 3154 dilaniari.
1657 3087 1794 3154 Accedit
1814 3086 1902 3170 quod
1923 3087 2105 3165 veritatem,
2128 3088 2208 3152 dum
2227 3089 2262 3153 in
2282 3088 2438 3154 ecclesiae

334 3196 337 3203 ’
439 3178 533 3255 sdic,
562 3175 733 3258 quianon
761 3174 844 3238 duae
872 3187 930 3239 aut
954 3179 1021 3237 tres
1048 3169 1197 3236 invenire
1217 3167 1315 3232 liceat
1334 3168 1414 3248 quio
1464 3175 1540 3239 sinu
1566 3175 1788 3252 continemur,
1818 3193 1946 3256 semper
1972 3172 2066 3238 nobis
2087 3180 2309 3241 constaturam
2330 3175 2438 3239 securi

439 3266 638 3344 discerpatur
661 3257 820 3325 Olorem:
841 3259 923 3340 quod
940 3257 1013 3338 ficri
1032 3275 1096 3320 ooo
1111 3258 1218 3337 potcst-
1252 3251 1343 3333 Quin
1364 3253 1412 3317 flio
1464 3281 1586 3325 sumus.
1625 3261 1796 3326 Postremo
1817 3258 1903 3341 quod
1923 3258 2154 3341 promissiones
2175 3261 2255 3325 istas
2277 3261 2438 3326 sentimus

439 3351 533 3417 electi
555 3345 620 3412 Dei
640 3367 753 3410 omnes
775 3347 810 3409 in
829 3344 964 3410 Ohristc
984 3347 1059 3406 sum
1079 3341 1216 3418 maaca,
1239 3347 1278 3402 ut
1298 3358 1413 3420 quem·
1464 3345 1506 3410 ed
1527 3367 1586 3411 nos
1607 3346 1785 3428 pertinere:
1807 3345 1899 3409 aalma
1915 3345 1975 3408 crit
1992 3345 2026 3407 iu
2045 3343 2139 3426 Sicca·
2160 3346 2252 3410 Deus
2273 3348 2309 3410 in
2331 3355 2437 3410 aeter·

440 3434 617 3504 admodum
635 3434 676 3498 ab
693 3453 759 3496 uno
777 3431 882 3513 capite
899 3426 1053 3512 pendent,
1073 3428 1121 3491 ita
1141 3427 1178 3489 in
1198 3445 1302 3489 unum
1323 3423 1414 3489 velut
1463 3451 1545 3495 num
1566 3429 1819 3496 commorabitur
1839 3431 1876 3493 in
1896 3429 1998 3496 modio
2018 3429 2211 3510 Ierusalem,
2239 3452 2277 3497 ae
2297 3452 2438 3512 mrqmum

438 3519 776 3605 commaculassent,
800 3517 1004 3582 sainterse
1025 3532 1181 3595 compage
1202 3511 1413 3607 cohaerentes
1463 3522 1686 3582 cormnooeator
1717 3515 1867 3600 (loeta,
1892 3519 1948 3594 32;
1982 3511 2085 3580 Obad
2112 3522 2150 3579 17
2156 3540 2166 3596 3
2198 3517 2285 3583 Psal.
2309 3522 2366 3595 46,
2391 3517 2435 3601 6).

438 3629 505 3692 qua
526 3603 673 3671 eiusdem
692 3603 836 3685 corporis
851 3601 1012 3680 membra;
1035 3619 1112 3665 vere
1128 3617 1231 3662 unum
1248 3595 1334 3672 lach,
1355 3596 1413 3676 qui
1464 3602 1608 3666 uanam
1628 3610 1736 3684 potest
1757 3601 1909 3667 ecclesiae
1930 3601 2151 3684 participatio,
2173 3610 2213 3666 ut
2233 3624 2292 3668 nos
2313 3604 2350 3667 in
2371 3604 2438 3668 Dei

440 3713 509 3759 una
528 3691 602 3770 fide,
625 3711 692 3773 spe,
714 3689 858 3766 1111111116,
882 3686 996 3752 1101111111
1017 3680 1411 3780 9611111111111111111111·
1463 3689 1615 3753 societate
1641 3689 1814 3753 contineat
1857 3687 1900 3751 In
1924 3687 1996 3768 ipso
2024 3709 2150 3771 quoque
2182 3690 2316 3753 nomine
2347 3709 2437 3755 com·

441 3786 539 3856 vimt,
561 3797 628 3840 non
649 3776 685 3838 in
705 3772 842 3856 eandem
863 3772 959 3838 modo
980 3771 1069 3837 vitae
1089 3777 1241 3834 aeternae
1262 3765 1412 3831 haeredi-
1463 3773 1626 3838 munionis
1647 3773 1827 3857 plurimum
1847 3780 1899 3837 est
1919 3773 2162 3838 consolationis:
2183 3775 2270 3857 quod
2291 3775 2370 3840 dum
2393 3774 2437 3840 ad

440 3869 559 3938 tatem,
583 3860 697 3926 sedin
716 3860 815 3924 unius
836 3857 902 3923 Dei
924 3878 962 3923 ac
982 3856 1108 3922 Christi
1129 3854 1412 3937 participationem
1462 3879 1523 3924 nos
1545 3859 1708 3941 pertinere
1729 3860 1834 3924 fixum
1859 3866 1925 3937 est,
1952 3858 2110 3941 quidquid
2131 3861 2287 3926 membris
2307 3861 2375 3926 suis
2397 3881 2437 3925 ac

441 3948 542 4014 etium
572 3944 688 4010 vocati.
735 3945 887 4026 Quamuis
918 3962 988 4027 erpo
1017 3942 1120 4006 tristis
1150 3940 1299 4016 codam,
1332 3958 1413 4020 quae
1461 3945 1583 4009 nostris
1599 3945 1740 4029 largitur
1756 3945 1929 4023 Dominus,
1951 3944 2101 4012 omnibus
2118 3965 2233 4011 eorum
2250 3946 2343 4012 bonis
2360 3968 2437 4029 spes

438 4031 529 4100 uobis
555 4031 693 4110 undiquc
719 4032 865 4108 ocumrd,
881 4029 973 4117 ,amc
1001 4027 1143 4092 melcolm
1162 4025 1325 4090 residuum
1346 4045 1412 4090 csse
1462 4038 1575 4095 nostra
1595 4032 1814 4095 confirmatur.
1859 4029 2035 4097 Caeterum
2061 4031 2376 4115 adamplexandam
2397 4054 2438 4098 eo

437 4119 556 4195 clamet
574 4116 713 4182 sciemus
727 4115 920 4196 fructuosam
937 4111 1131 4179 corcolmum
1147 4116 1283 4190 mortem
1294 4109 1410 4177 Deum
1462 4115 1558 4180 modo
1579 4116 1734 4182 eeclesiae
1755 4117 1926 4196 unitatem,
1948 4116 2041 4197 nihil,
2064 4123 2098 4182 ut
2113 4119 2263 4197 dicimus,
2285 4140 2367 4200 opus
2385 4129 2439 4184 est

436 4224 496 4287 qao
522 4200 710 4268 mirabiliter
735 4200 893 4265 meletiam
919 4219 1011 4266 caum
1031 4199 1126 4280 quasi
1145 4198 1183 4262 im
1201 4195 1328 4262 latebris
1348 4217 1412 4262 eer-
1462 4201 1633 4268 ecclesiam
1649 4203 1755 4287 ipsam
1771 4202 1873 4268 oculis
1890 4223 2032 4282 cernere,
2050 4203 2104 4270 vel
2120 4203 2269 4269 manibus
2285 4204 2422 4286 palpare
2429 4228 2437 4282 ;

436 4311 518 4356 omo.
564 4287 675 4353 Sicci·
692 4284 788 4351 blico
813 4285 931 4351 didam
955 4290 1014 4350 cst:
1045 4284 1168 4349 semum
1194 4282 1274 4346 umbi
1298 4287 1412 4364 sepum
1462 4289 1542 4370 quin
1563 4289 1671 4371 potius
1692 4308 1744 4366 eo,
1772 4289 1859 4370 quod
1885 4287 1921 4351 in
1947 4288 2013 4353 fide
2040 4291 2103 4355 sita
2128 4296 2190 4365 est,
2219 4289 2437 4352 admonemur

437 4375 542 4441 mallia
569 4374 710 4438 ommam
739 4372 795 4453 qm?
820 4391 882 4436 mon
903 4373 1057 4451 lkrmmot
1083 4389 1165 4453 qcmu
1192 4387 1297 4433 coram
1323 4367 1412 4432 Bocl
1462 4373 1566 4437 nihilo
1592 4374 1701 4439 minus
1728 4374 1936 4458 cogitandam
1961 4395 2047 4453 esse,
2075 4374 2154 4439 dum
2179 4372 2436 4455 intelligentiam
2481 4421 2483 4425 -

437 4461 471 4548 (1
494 4461 599 4544 Regg.
626 4456 763 4542 11118).
1462 4467 1610 4524 nostram
1628 4461 1793 4542 praeterit,
1815 4469 1915 4542 quam
1936 4460 1965 4525 si
1984 4460 2094 4542 palam
2114 4467 2277 4541 appareat
2317 4457 2435 4540 Neque

524 4550 558 4610 3.·
599 4544 628 4628 ²)
643 4544 830 4625 Qcmquom
850 4542 1004 4608 micalus
1029 4538 1159 4623 symboli
1185 4538 1227 4604 od
1252 4542 1412 4602 munem
1461 4543 1535 4609 ideo
1563 4544 1704 4610 deterior
1729 4553 1781 4609 est
1807 4545 1889 4611 fides
1911 4553 2023 4611 nostra
2043 4542 2129 4627 quod
2149 4544 2352 4627 incognitam
2373 4565 2433 4628 ap-

436 4651 555 4715 qaoquc
575 4630 734 4697 maesiam
760 4630 961 4710 aliquatenus
983 4626 1131 4710 pertimet
1158 4630 1194 4688 ut
1221 4644 1254 4688 se
1280 4624 1412 4705 quisque
1461 4630 1651 4713 prehendit:
1684 4629 1813 4713 quando
1845 4631 1899 4697 hic
1931 4651 1998 4696 non
2028 4628 2181 4695 iubemur
2207 4632 2361 4713 reprobos
2390 4630 2433 4695 ab

436 4722 577 4782 mosomo
604 4717 639 4779 ic
662 4716 803 4796 fraterno
824 4733 973 4779 mosoma
994 4731 1064 4778 cum
1084 4710 1226 4775 mmmm
1246 4708 1311 4807 Dei
1330 4709 1410 4790 filie
1462 4715 1573 4782 elecfis
1583 4715 1767 4782 discernam
1779 4715 1880 4800 (quod
1889 4716 1953 4780 Dei
1971 4724 2022 4780 ost
2038 4714 2149 4794 solius,
2172 4736 2239 4780 non
2256 4717 2432 4800 nostrum),

437 4804 603 4882 conducam
629 4801 771 4866 ecclcsiae
791 4801 912 4882 deferet
930 4819 1026 4880 quom
1045 4802 1178 4861 mererer
1199 4799 1410 4875 crematam
1462 4802 1520 4867 sed
1541 4809 1630 4867 certo
1651 4808 1795 4866 statuere
1816 4803 1853 4865 in
1873 4801 1992 4866 animis
2013 4801 2142 4880 nostris
2165 4823 2277 4866 omnes
2299 4823 2353 4867 eos
2375 4804 2432 4885 qui

436 4887 568 4966 domim
595 4906 628 4950 sc
654 4887 700 4950 c'to
724 4890 814 4969 perot
839 4891 873 4949 m
904 4886 970 4950 eois
1000 4905 1038 4948 cc
1067 4903 1164 4966 prece.
1207 4880 1311 4961 Atque
1342 4882 1410 4946 idco
1461 4886 1527 4952 Dei
1551 4888 1654 4969 patris
1680 4885 1852 4951 clementia
1878 4906 1936 4968 per
1962 4887 2097 4970 spiritus
2124 4889 2227 4953 sancti
2254 4889 2433 4954 efficaciam

437 4970 623 5052 mquar
650 4977 825 5035 emmeram
852 4971 1093 5036 communem.
1140 4968 1224 5049 Quae
1247 4968 1410 5046 commodo
1461 4974 1498 5036 in
1519 4971 1644 5037 (lhristi
1671 4971 1952 5053 participationem
1979 4981 2155 5054 venerunt,
2184 4975 2220 5038 in
2242 4974 2307 5039 Dei
2333 4994 2432 5057 pecu·

438 5056 508 5123 licet
527 5075 549 5119 a
569 5054 720 5118 amatas
739 5056 804 5138 fere
821 5055 1045 5136 praetercursa
1065 5055 1122 5132 sit,
1150 5072 1211 5118 ooo
1237 5057 1339 5118 tameo
1360 5074 1410 5118 ue·
1460 5058 1542 5122 lium
1562 5077 1600 5122 ac
1620 5054 1786 5139 propriam
1802 5058 2039 5139 possessionem
2056 5068 2253 5144 segregatos,
2275 5081 2313 5125 ac
2330 5080 2432 5142 quum

435 5141 583 5227 plicando
602 5143 653 5216 cst,
676 5141 752 5222 quic
768 5141 911 5207 molestor
927 5141 1108 5222 eododem
1123 5140 1234 5221 optineo
1250 5140 1408 5222 exprimit.
1460 5143 1563 5208 simus
1588 5142 1625 5205 in
1651 5162 1764 5206 eorum
1791 5164 1943 5223 numero,
1977 5152 2089 5212 tantae
2121 5147 2246 5231 gratiae
2273 5165 2333 5211 nos
2359 5164 2431 5209 esse

441 5227 542 5309 Quart
567 5225 683 5290 dimon
708 5230 784 5290 csso
811 5226 869 5290 bec
896 5228 960 5311 lece
979 5226 1144 5310 cpqrcqori
1164 5229 1287 5291 candos
1304 5226 1341 5290 io
1361 5245 1409 5288 so
1460 5235 1634 5293 consortes.

436 5314 574 5379 eidam
597 5309 730 5389 ctam,
758 5315 1010 5396 aequoreaeque
1029 5313 1065 5378 m
1080 5331 1135 5384 ,eoa
1156 5309 1299 5391 beneficio
1319 5309 1409 5376 Dm
1521 5340 1525 5353 ¹
1546 5317 1576 5378 4.
1618 5313 1732 5379 chcm
1749 5316 1827 5397 qaia
1842 5335 1926 5402 eum
1941 5318 1979 5382 dc
1995 5317 2115 5383 otacili
2134 5316 2259 5382 melesio
2278 5317 2430 5381 diesem

920 5476 923 5482 Ι
1454 5401 1651 5481 propositum
1667 5405 1720 5479 aa,
1740 5401 1901 5467 discamus
1917 5403 1966 5468 ccl
1982 5403 2075 5486 ιθιοῑ)
2092 5402 2205 5466 motis
2222 5401 2317 5484 docio
2333 5421 2432 5483 quom

439 5487 641 5497 -ῇ

507 5600 536 5668 1)
565 5600 641 5655 Herc
683 5603 746 5656 aulo
768 5604 847 5657 aliter
867 5604 1022 5671 locabantur
1044 5603 1107 5655 clr'm
1136 5601 1202 5671 Gap.
1225 5598 1310 5653 VIII.
1336 5601 1359 5666 ξ.
1381 5599 1408 5654 8.
1520 5576 1664 5582 ....--

438 5667 469 5735 2)
486 5669 564 5722 Haec
576 5671 647 5736 pao
675 5687 721 5724 am
737 5677 842 5753 matura
859 5686 893 5725 ec
912 5669 977 5740 (lap.
1003 5670 1087 5724 VIII.
1103 5671 1126 5737 5.
1144 5669 1169 5724 6.
1530 5673 1559 5737 1)
1578 5690 1631 5727 uno
1648 5673 1722 5726 dcent
1736 5675 1768 5726 m
1783 5673 1843 5728 cdd.
1860 5689 1926 5729 recu.
1942 5676 2099 5730 mmmm.
