5600 6809
443 748 503 808 119
1080 739 1346 807 0000100010
1369 742 1474 807 aaa.
1498 738 1680 808 000100.
1708 746 1800 806 1559.
1819 713 1823 722 ’
2387 742 2447 804 rao

440 933 638 1014 aspiritum
658 929 746 996 nobis
761 931 906 1012 0000001,
929 952 967 995 ne
988 931 1087 995 alium
1103 930 1209 995 Deum
1229 931 1419 996 somniemus
1471 951 1549 1011 pore
1582 930 1635 994 vel
1668 929 1782 993 ordine
1814 951 1878 1011 quo
1904 930 2005 996 creati
2038 929 2175 1005 fuerint,
2204 929 2447 993 contentionem

440 1038 665 1168 eepuvsp
683 1015 1334 1183 11021111110211110
1354 1102 1419 1166 0.
1470 1036 1739 1165 tttttit
1761 1036 2049 1184 1111111101
2048 1036 2084 1179 ‚3¹
2084 1036 2117 1165 {i
2127 1034 2247 1164 lillis
2258 1013 2447 1181 ‘¹3¹3de
2510 1172 2518 1189 ,

440 1210 541 1255 serere
567 1189 733 1271 incipiam,
764 1188 886 1268 aliquid
913 1188 951 1251 dc
978 1187 1097 1271 0000110
1123 1187 1258 1251 inserere
1286 1192 1418 1268 operum
1470 1187 1655 1251 cumomni
1678 1187 1824 1252 exercitu
1845 1208 1967 1264 eorum,
1985 1194 2100 1251 narrat
2116 1185 2225 1250 Moses
2244 1184 2445 1269 (110021).

440 1277 517 1358 qaia
538 1276 595 1338 etsi
617 1274 736 1352 Moses,
762 1273 848 1356 00101
868 1273 1001 1337 ruditati
1027 1294 1060 1338 se
1084 1273 1328 1351 accommodam,
1357 1294 1418 1337 non
1470 1269 1559 1351 Quid
1577 1274 1694 1336 attinet
1712 1273 1809 1336 anxie
1829 1273 2014 1355 percontari
2028 1278 2123 1353 quoto
2140 1271 2202 1349 dic,
2220 1276 2446 1352 praetercstra

440 1363 507 1427 alia
527 1360 591 1426 Dei
613 1381 707 1441 opera
729 1363 939 1424 commemorat
958 1361 993 1422 in
1014 1359 1149 1424 bistoria
1169 1358 1335 1423 creationis
1352 1359 1418 1422 nisi
1470 1363 1498 1421 et
1514 1359 1669 1439 01000100,
1687 1356 1747 1422 alii
1764 1378 1881 1439 quoque
1897 1359 2000 1441 meeis
2016 1358 2161 1421 reconditi
2179 1357 2333 1422 coelestes
2351 1378 2447 1421 exer-

440 1469 520 1528 quae
541 1446 639 1511 oculis
666 1446 782 1509 rustris
807 1449 980 1520 occurrunt,
1008 1445 1062 1508 ubi
1081 1449 1183 1508 100000
1198 1448 1307 1524 postea
1328 1464 1419 1526 0090-
1470 1445 1554 1508 01100
1575 1464 1645 1509 esse
1666 1444 1852 1526 coeperint?
1887 1444 1937 1508 Nc
1958 1443 2087 1526 longior
2108 1444 2179 1522 sim,
2201 1443 2447 1508 meminerimus

439 1535 485 1597 los
513 1531 576 1597 Dei
603 1533 763 1595 ministros
789 1529 921 1607 inducit,
952 1530 1090 1613 collipere
1109 1530 1201 1610 facile
1222 1530 1291 1594 licet
1311 1549 1419 1594 eorum
1470 1529 1536 1608 hic,
1567 1530 1666 1593 utin
1694 1536 1764 1594 tota
1790 1530 1957 1613 religionis
1986 1528 2148 1606 doctrina,
2178 1528 2353 1592 tenendam
2375 1550 2448 1594 0000

440 1639 505 1685 esse
532 1619 729 1694 conditorem,
763 1617 815 1679 eui
843 1635 935 1679 suam
966 1636 1091 1696 operam
1112 1619 1140 1679 01
1167 1615 1272 1696 officia
1300 1616 1417 1697 imperi·
1469 1636 1570 1679 unam
1590 1614 1767 1680 modestiae
1787 1623 1821 1680 et
1842 1614 2025 1680 sobrietatis
2047 1614 2203 1698 regulam,
2226 1635 2268 1678 ne
2291 1613 2448 1679 derebus

439 1708 526 1772 dunt.
574 1703 724 1784 Quamuis
751 1719 821 1782 erpo
849 1700 954 1764 Moses
975 1701 1174 1784 populariter
1194 1701 1333 1781 loquens,
1355 1721 1417 1765 non
1468 1701 1615 1765 obscuris
1636 1700 1725 1764 alind
1743 1701 1796 1766 vel
1813 1703 1992 1782 loquamur,
2011 1701 2065 1766 vel
2082 1700 2270 1778 sentiamus,
2292 1699 2346 1765 vel
2363 1700 2448 1765 scire

438 1791 545 1856 statim
572 1810 593 1852 0
614 1788 734 1869 primis
761 1786 947 1851 rudimentis
973 1788 1096 1870 angelos
1123 1788 1310 1850 recensuerit
1337 1788 1417 1851 inter
1468 1787 1567 1851 etiam
1586 1794 1786 1869 appotamus,
1810 1808 1909 1868 quam
1925 1787 2012 1869 quod
2029 1787 2095 1851 Dei
2114 1787 2216 1850 verbo
2235 1786 2334 1850 fuerit
2351 1786 2448 1852 nobis

439 1877 503 1941 Dei
530 1880 704 1950 creaturas,
733 1872 816 1936 nibil
842 1878 944 1936 tomen
965 1878 1045 1937 cetat
1073 1874 1237 1953 qmmiiius
1255 1873 1368 1937 dicam
1389 1876 1416 1935 et
1467 1871 1634 1936 traditum.
1689 1872 1856 1950 Alterum,
1889 1880 1927 1936 ut
1957 1874 1993 1936 in
2025 1873 2163 1937 lectione
2197 1872 2377 1954 scripturae
2404 1872 2447 1936 110

439 1961 586 2043 replicate
617 1961 654 2023 de
685 1958 751 2022 illis
777 1950 941 2022 irridemus
967 1979 1046 2039 quae
1074 1958 1151 2022 alibi
1177 1959 1302 2038 possim
1334 1959 1417 2022 docet
1467 1958 1672 2022 continenter
1699 1957 1894 2040 quaerendis
1925 1977 1964 2023 ac
1992 1957 2189 2023 meditandis
2221 1959 2446 2036 immoremur,
2496 2029 2499 2035 ,

439 2049 611 2128 00010100ος
639 2045 716 2141 quia
743 2044 773 2106 si
800 2044 905 2108 Deum
932 2064 970 2106 ecc
996 2045 1140 2125 operibm
1161 2045 1229 2107 suis
1255 2063 1416 2126 agnoscere
1467 2064 1549 2126 quae
1582 2042 1623 2105 ed
1656 2043 1915 2142 aedificationem
1951 2045 2129 2143 pertinent,
2168 2065 2235 2107 non
2267 2043 2450 2143 curiositati

438 2129 1417 2298 111111οέ1110111111101101110111111101
1467 2128 2449 2297 1101111011“1“1101111111111111111011111

438 2304 527 2369 caldo
555 2302 731 2367 necessario
753 2304 797 2364 001
824 2300 897 2366 baec
920 2321 1002 2383 pars
1028 2301 1192 2366 doctrinae.
1242 2298 1416 2363 Multorum
1466 2299 1535 2364 lida
1556 2301 1686 2383 pictate,
1710 2300 1828 2365 timore
1850 2301 1992 2366 nominis
2014 2301 2076 2379 sui,
2097 2322 2177 2365 vera
2198 2299 2327 2379 fiducia,
2350 2320 2447 2367 sanc-

438 2395 552 2455 mmtes
579 2390 624 2452 ita
651 2387 840 2469 perstrincit
873 2387 1028 2470 ampelicae
1055 2391 1187 2450 naturae
1209 2387 1415 2467 praestantia,
1467 2386 1572 2450 titatis
1595 2385 1709 2451 officiis
1737 2386 1866 2450 erudire
1887 2407 1947 2450 nos
1970 2387 2086 2463 voluit,
2116 2387 2152 2450 in
2171 2407 2211 2450 ea
2232 2387 2369 2451 scientia
2391 2407 2448 2452 ao-

438 2481 474 2541 01
490 2478 638 2557 pataram
667 2473 734 2536 illis
760 2471 915 2536 iniuriam
940 2471 1013 2552 deri
1034 2473 1064 2537 si
1085 2473 1180 2536 unius
1199 2471 1263 2536 Dei
1283 2472 1416 2552 imperio
1467 2473 1680 2555 quiescamus.
1731 2469 1968 2552 Quamobrem,
1997 2474 2025 2536 si
2052 2473 2115 2536 rite
2142 2492 2255 2555 sapore
2282 2472 2447 2552 volumus,

438 2561 565 2626 subiecti
591 2559 684 2640 quasi
709 2559 746 2621 in
772 2557 911 2621 ordinem
939 2563 1123 2640 capereretur.
1167 2556 1254 2621 Hinc
1280 2557 1348 2620 illis
1369 2557 1417 2638 at·
1468 2557 1682 2638 relinquenda
1703 2566 1781 2621 sunt
1802 2558 1896 2622 nobis
1917 2558 1975 2622 illa
1993 2557 2209 2637 0000010000,
2238 2578 2321 2640 qnae
2349 2565 2383 2621 et
2405 2557 2448 2624 ab

438 2646 512 2728 ficta
538 2644 697 2708 divinitas.
745 2641 886 2707 Ernersit
912 2644 1005 2707 diam
1027 2642 1234 2707 Manicbams
1260 2662 1330 2706 cum
1356 2663 1417 2706 sua
1468 2644 1579 2707 otiosis
1605 2643 1793 2707 hominibus
1821 2643 1861 2708 de
1889 2644 2080 2728 angelorum
2106 2652 2239 2721 natura,
2268 2641 2448 2723 ordinibus,

439 2736 529 2810 secta,
551 2730 607 2811 qui
628 2728 689 2793 sibi
710 2729 771 2792 duo
793 2729 956 2812 principia
976 2729 1151 2810 fabricauit,
1174 2728 1279 2792 Deum
1299 2733 1327 2791 et
1348 2729 1418 2792 dia·
1468 2728 1691 2806 multitudine,
1714 2729 1836 2810 absque
1853 2728 1918 2794 Dei
1935 2731 2035 2796 verbo
2052 2728 2236 2794 traduntur.
2271 2726 2347 2794 Soio
2365 2729 2451 2796 haec

440 2817 550 2882 bolum
594 2814 644 2878 Ac
665 2814 733 2881 Deo
754 2816 877 2894 quidem
897 2815 1046 2879 tribuebat
1067 2815 1216 2879 bonarum
1232 2834 1339 2877 rerum
1356 2814 1417 2877 ori·
1468 2813 1617 2897 cupidius
1650 2834 1670 2876 a
1701 2814 1813 2878 multis
1840 2816 1955 2897 arripi,
1985 2824 2018 2880 et
2044 2815 2159 2880 maiori
2186 2814 2350 2897 voluptati
2374 2836 2450 2880 0000

437 2904 559 2988 910000,
579 2900 682 2964 malus
702 2903 805 2964 001000
824 2905 958 2966 naturas
976 2901 1019 2965 ad
1040 2900 1197 2964 diabolum
1217 2904 1418 2964 0010000000-
1469 2920 1569 2983 quam
1590 2921 1673 2983 quae
1694 2901 1729 2964 in
1750 2922 1813 2964 000
1834 2900 2021 2982 quotidiano
2049 2909 2128 2964 sunt
2148 2901 2263 2985 posita.
2308 2901 2448 2980 Verum,

438 2989 564 3072 ferebat.
594 2985 676 3050 'Hoc
702 2985 851 3050 tautum
879 2986 1047 3052 0100000100
1074 2991 1199 3050 nostras
1224 2989 1333 3050 1000001
1359 2986 1418 3048 im
1469 2988 1535 3050 nisi
1563 2985 1688 3051 Christi
1721 2984 1897 3069 discipulos
1929 3008 2000 3052 esse
2027 3008 2087 3051 nos
2113 2988 2218 3070 piget,
2246 3008 2318 3052 eam
2346 3007 2450 3070 quam

434 3075 581 3159 plicitos,
613 3092 674 3135 non
707 3072 951 3137 0000100011)οο
976 3092 1036 3137 000
1063 3073 1098 3135 in
1124 3072 1235 3136 mundi
1267 3073 1418 3136 creatione
1469 3074 1539 3155 ipse
1568 3071 1761 3136 methodum
1793 3073 2002 3155 praescripsit
2029 3073 2121 3155 sequi
2153 3094 2197 3137 no
2224 3073 2343 3156 pigeat
2394 3072 2452 3136 Ita

439 3160 549 3246 ploria.
595 3158 683 3222 11000
713 3176 809 3237 qaum
839 3158 920 3223 nibil
951 3159 1053 3242 magis
1085 3157 1149 3222 Dei
1175 3159 1344 3239 propmam
1375 3156 1419 3221 sit
1468 3160 1526 3223 fiet
1547 3158 1675 3222 ateius
1696 3158 1887 3241 magisterio
1909 3160 2068 3238 contenti,
2097 3158 2349 3241 asupcrvaouis
2372 3178 2450 3242 spc-

440 3266 535 3328 quam
555 3245 723 3310 aeternitas
745 3242 938 3315 0101000010,
961 3245 996 3308 id
1013 3247 1065 3322 est,
1088 3263 1162 3308 000
1183 3244 1251 3323 1000
1273 3244 1419 3308 00010100-
1471 3242 1696 3322 culationibus,
1720 3264 1740 3308 a
1763 3244 1881 3326 quibus
1902 3265 1962 3308 nos
1983 3251 2123 3323 revocat,
2147 3265 2216 3308 non
2236 3250 2367 3321 tantum
2390 3243 2451 3308 ab·

439 3335 499 3410 tio,
532 3336 567 3396 ut
593 3331 639 3394 ita
668 3331 792 3410 loquor,
824 3331 881 3412 qui
909 3329 1029 3394 diabolo
1055 3328 1110 3394 tce
1135 3328 1288 3407 10110001,
1320 3348 1419 3393 nonne
1470 3330 1659 3409 stineamus,
1674 3329 1732 3394 sed
1748 3330 1847 3393 ctiam
1860 3328 2101 3395 abhorreamus.
2129 3331 2327 3415 Dionysium
2340 3329 2449 3408 illum,

441 3417 663 3502 quodammodo
691 3436 761 3480 0000
788 3416 963 3480 diuinitatis
983 3420 1095 3480 000001
1115 3415 1227 3513 titulo?
1247 3501 1252 3513 ¹
1270 3413 1419 3512 Iamabi
1470 3416 1656 3514 quicunque
1676 3415 1904 3514 1000110000
1921 3417 2092 3515 negaverit
2109 3416 2214 3480 multa
2232 3414 2397 3480 subtiliter
2415 3423 2451 3516 et

439 3500 2450 3671 111110001010000100000000000
2516 3645 2520 3652 ,

440 3675 577 3757 quatur?
631 3674 718 3754 Quod
750 3679 853 3739 001000
887 3673 1015 3737 arricum
1045 3672 1153 3737 labent
1181 3672 1419 3753 fundamerdum
1470 3694 1596 3738 meram
1616 3692 1687 3737 0000
1709 3671 1943 3756 garrulitatem.
1972 3673 2137 3757 Theologo
2155 3680 2265 3738 autem
2285 3693 2351 3737 non
2368 3693 2450 3756 gar-

443 3759 633 3838 Manictaei,
656 3760 745 3840 nefas
761 3780 826 3824 esse
845 3758 983 3824 adscribi
1001 3758 1074 3822 bono
1088 3757 1157 3822 Deo
1174 3758 1273 3824 ullius
1289 3758 1337 3823 rei
1353 3778 1419 3822 ma·
1469 3757 1583 3822 riendo
1612 3778 1707 3823 aures
1728 3758 1903 3837 oblectare,
1936 3759 1994 3824 sed
2021 3781 2113 3836 vera,
2142 3765 2246 3837 certa,
2273 3758 2367 3822 utilia
2387 3757 2450 3823 do-

441 3846 489 3911 100
519 3845 714 3923 creationem,
748 3845 783 3910 id
811 3845 1009 3910 orthodoxam
1039 3843 1133 3925 0101000
1160 3845 1287 3908 minime
1314 3844 1417 3921 laedit,
1470 3843 1587 3922 cando,
1616 3844 1831 3909 conscientias
1858 3845 2051 3910 confirmare
2079 3845 2282 3928 propositum
2303 3850 2362 3909 est
2409 3840 2453 3910 Si

440 3952 521 4014 quae
542 3951 604 3994 non
631 3931 764 3994 admittit
785 3932 925 4012 aliquam
945 3951 1010 3996 esse
1030 3932 1065 3994 in
1085 3931 1196 3994 mundi
1216 3931 1419 3994 universitate
1469 3930 1592 3994 librum
1610 3929 1705 3993 illum
1726 3929 1833 4014 legas,
1856 3938 1953 4013 putes
1974 3931 2140 3996 hominem
2163 3930 2203 3995 de
2224 3929 2313 3996 coelo
2335 3928 2452 4013 delap-

440 4017 558 4081 malam
584 4020 747 4093 naturam;
775 4017 1022 4098 quandoquidem
1042 4036 1096 4080 nec
1111 4018 1257 4098 praedm
1278 4022 1306 4081 01
1326 4016 1419 4081 mali
1470 4037 1544 4080 sum
1566 4016 1688 4080 referre
1710 4037 1775 4080 non
1798 4037 1881 4098 quae
1903 4015 2025 4096 didicit,
2047 4017 2104 4082 sed
2126 4037 2209 4099 quae
2231 4015 2333 4082 oculis
2354 4015 2452 4081 vidit

440 4104 486 4167 tia
508 4107 573 4165 lum
594 4101 737 4179 bmninis,
759 4106 825 4166 tum
842 4102 967 4180 diaboli,
989 4108 1045 4166 out
1062 4123 1140 4183 quae
1157 4103 1229 4168 iride
1245 4107 1419 4166 noscantur
1470 4102 1572 4184 Atqui
1593 4101 1727 4178 Paulus,
1750 4101 1806 4184 qui
1828 4110 1922 4167 extra
1942 4104 2078 4188 tertium
2098 4103 2227 4168 coelum
2248 4110 2361 4184 raptus
2378 4101 2453 4167 fue-

436 4193 576 4272 pcccata,
606 4192 785 4251 00001000
806 4193 892 4266 0001,
920 4188 974 4252 scd
1000 4209 1038 4260 aa
1058 4193 1190 4253 naturae
1211 4190 1418 4270 corruptione5
1470 4195 1523 4252 rat
1544 4188 1579 4273 (2
1599 4186 1674 4252 (lor.
1697 4191 1744 4266 12,
1767 4192 1781 4250 1
1804 4189 1922 4271 seqq),
1949 4210 2015 4253 non
2043 4189 2140 4253 modo
2167 4187 2251 4252 nihil
2278 4187 2344 4251 tale
2371 4207 2454 4269 pro·

440 4295 494 4340 nec
514 4275 688 4356 quidqumn
707 4274 830 4338 omnino
860 4274 899 4337 ab
929 4274 1020 4337 initio
1049 4274 1178 4353 00011111,
1206 4275 1241 4338 in
1267 4295 1326 4356 quo
1356 4294 1418 4339 000
1470 4273 1563 4354 didit,
1585 4272 1644 4338 scd
1665 4279 1804 4338 testatus
1826 4294 1951 4357 quoque
1969 4281 2028 4355 001,
2049 4275 2141 4339 nefas
2163 4294 2233 4339 csso
2254 4273 2379 4337 homini
2402 4272 2455 4338 lo-

440 4360 709 4443 etsapierdiaeet
734 4360 874 4424 iustitiae
894 4379 970 4423 suae
995 4359 1147 4438 specimen
1168 4360 1297 4424 ediderit
1319 4361 1417 4425 Deus.
1469 4360 1525 4442 qui
1547 4380 1631 4442 quae
1662 4359 1791 4424 viderat
1822 4380 1950 4425 arcana.
2000 4361 2064 4424 Illa
2090 4382 2168 4443 ergo
2194 4359 2369 4442 nugatoria
2396 4379 2453 4424 sa-

441 4447 506 4512 1110
526 4467 596 4530 erqo
618 4446 779 4529 0000000010
806 4445 981 4509 commentis
1001 4449 1037 4508 ut
1057 4444 1176 4507 obviam
1197 4450 1298 4525 eatur,
1321 4446 1418 4528 altius
1469 4446 1594 4528 pientia
1615 4445 1724 4510 valere
1746 4447 1844 4523 iussa,
1872 4467 1913 4509 ex
1936 4446 2074 4527 simplici
2097 4446 2278 4530 scripturae
2300 4443 2453 4509 doctrina

441 4535 563 4598 animos
596 4532 731 4598 attollere
757 4550 876 4596 necesse
903 4535 947 4595 001
975 4551 1068 4611 quam
1096 4530 1176 4593 omli
1203 4533 1302 4595 nostri
1325 4552 1418 4612 pem·
1470 4530 1712 4596 consideremus
1734 4530 1819 4614 quod
1841 4530 1882 4595 de
1904 4531 2030 4613 angelis
2054 4533 2122 4596 suis
2146 4532 2228 4596 scire
2250 4551 2310 4595 nos
2329 4528 2453 4593 Domi-

441 4622 525 4682 10001.
573 4618 639 4698 Quo
661 4617 787 4684 consilio
808 4616 976 4681 0001010110
997 4615 1187 4694 astabitis
1215 4616 1418 4698 0000101001-
1469 4638 1532 4681 nus
1553 4616 1664 4681 ioluit.
2443 4648 2449 4658 ·

441 4723 532 4767 caeno
560 4710 684 4768 occatur
712 4703 802 4768 Deus
823 4703 962 4767 00001000
989 4702 1138 4780 amtor,
1172 4722 1223 4767 000
1246 4703 1418 4767 invisibiles
1559 4708 1586 4766 5.
1632 4702 1778 4785 Angelos
1799 4722 1870 4766 csse
1892 4701 2046 4767 coelestes
2068 4703 2202 4785 spiritus
2224 4720 2364 4785 quorum
2384 4701 2452 4764 mi·

439 4788 540 4870 fuisse
560 4810 729 4870 expressas.
762 4788 895 4854 Medum
916 4794 1026 4865 tamea,
1044 4808 1133 4868 quem
1148 4789 1334 4870 praesmibit
1349 4789 1419 4870 pic-
1470 4788 1607 4852 nisterio
1630 4795 1664 4851 01
1684 4787 1836 4869 obsequio
1858 4787 1963 4850 utitur
1979 4788 2072 4852 Dcus
2091 4787 2132 4852 ad
2154 4785 2362 4870 exsequanda
2378 4807 2452 4851 om-

442 4874 654 4956 10110009010,
675 4880 773 4939 100000
794 4895 888 4939 carae
910 4872 983 4952 erit,
1006 4894 1044 4938 ne
1065 4874 1161 4938 altius
1181 4895 1276 4954 quam
1297 4875 1419 4955 expedit
1469 4875 1526 4938 nia
1547 4894 1631 4955 quae
1650 4872 1805 4951 decrevit,
1828 4873 2004 4956 pascimin
2026 4873 2337 4957 scripturalegitur;
2359 4871 2451 4938 unde

442 4959 628 5040 speculando
653 4960 774 5025 lectores
795 4983 817 5025 a
840 4960 917 5041 fidei
944 4959 1140 5040 simplicitate
1167 4960 1289 5024 abducti
1310 4980 1418 5043 capam
1469 4966 1502 5024 01
1524 4957 1584 5024 hoc
1606 4958 1671 5022 illis
1692 4978 1813 5022 nomen
1834 4958 2028 5022 attributum
2050 4966 2114 5038 ast,
2137 4959 2222 5042 quod
2243 4958 2317 5023 illos
2339 4957 2445 5024 veluti

443 5050 503 5109 tur.
547 5043 592 5108 Et
610 5050 700 5124 certe,
728 5067 824 5127 qaum
844 5047 964 5111 utiliter
985 5065 1104 5128 semper
1121 5066 1177 5110 000
1198 5047 1301 5110 doceat
1322 5046 1419 5127 spiri
1469 5045 1689 5108 internuntios
1718 5042 1852 5108 adhibet
1877 5044 1970 5107 Deus
2003 5044 2045 5107 ad
2071 5066 2105 5110 sc
2136 5044 2321 5109 hominibus
2340 5044 2448 5107 mani-

442 5136 502 5210 100,
525 5130 560 5194 in
582 5131 693 5211 quibus
712 5152 782 5196 0000
803 5153 922 5212 porum
943 5137 987 5196 est
1007 5132 1149 5196 morienti
1170 5132 1213 5196 ad
1232 5132 1419 5212 aedificatio-
1469 5127 1663 5194 fostandum.
1709 5129 1804 5194 Aliae
1826 5129 1927 5193 etiam
1949 5129 2066 5212 quibus
2087 5132 2313 5214 insigniuntur
2334 5128 2447 5212 appel·

442 5237 510 5282 nem
532 5216 578 5280 ael
599 5216 744 5281 subticeat
764 5237 899 5298 prorsus
918 5219 965 5282 cel
986 5217 1091 5282 1000100
1110 5221 1232 5281 tantum
1252 5223 1280 5281 01
1301 5218 1419 5280 cursim
1468 5214 1617 5292 lotiones,
1641 5236 1683 5279 ex
1705 5215 1803 5279 simili
1823 5215 1952 5280 ratione
1974 5224 2124 5299 sumptae
2145 5223 2231 5281 sunt.
2271 5215 2449 5280 Exercitus

443 5305 587 5387 attingat,
620 5303 718 5368 nostri
751 5322 868 5383 qaoque
894 5304 991 5385 officii
1024 5308 1081 5382 cst,
1117 5303 1244 5368 libenter
1275 5305 1419 5386 10000000
1471 5307 1641 5379 vocantur,
1666 5302 1743 5383 quia
1763 5307 1801 5364 ut
1822 5300 1978 5366 satellites
1995 5303 2175 5386 principem
2193 5323 2290 5367 suum
2308 5301 2448 5366 circum·

443 5409 521 5469 qaae
543 5409 604 5453 aon
625 5389 804 5454 conducunt.
1472 5387 1561 5464 dant,
1585 5387 1655 5450 eius
1676 5388 1880 5451 maiestatem
1902 5395 2064 5452 exornant
2085 5396 2118 5453 et
2139 5388 2348 5469 conspicuam
2372 5384 2449 5450 red·

529 5479 558 5538 4.
603 5475 749 5558 Angelos
779 5494 871 5551 sane,
899 5496 1000 5556 quum
1020 5476 1085 5540 Dei
1114 5476 1181 5539 sint
1206 5475 1349 5539 ministri
1377 5472 1419 5537 ad
1472 5471 1570 5550 dunt,
1594 5479 1628 5537 et
1654 5473 1761 5536 instar
1781 5473 1924 5537 militum
1952 5473 1994 5537 ad
2022 5474 2153 5557 signum
2176 5472 2266 5537 ducis
2288 5473 2339 5537 sui
2362 5492 2448 5537 sem·

444 5560 532 5623 iussa
560 5561 629 5624 eius
657 5558 865 5642 exsequenda
891 5559 1046 5640 ordinati,
1080 5582 1150 5626 esse
1178 5582 1304 5643 quoque
1331 5559 1420 5624 illius
1472 5579 1531 5641 per
1551 5558 1671 5623 intenti
1699 5567 1791 5637 sunt,
1819 5567 1854 5624 ct
1878 5559 1926 5623 ita
1946 5560 2053 5641 parati
2078 5566 2156 5623 sunt
2181 5580 2219 5624 ao
2240 5557 2384 5640 expediti
2405 5555 2449 5622 ad

444 5652 619 5720 creaturas,
642 5652 737 5709 extra
757 5644 1012 5709 controversiam
1034 5666 1105 5711 csse
1127 5645 1231 5712 debet.
1263 5647 1316 5710 De
1336 5651 1420 5708 tem·
1472 5643 1670 5726 capessenda
1696 5644 1785 5710 illius
1813 5644 1918 5723 iussa,
1945 5651 1984 5707 ut
2005 5644 2101 5708 simul
2123 5665 2161 5710 ac
2182 5646 2337 5709 annuerit
2357 5642 2450 5726 operi
