5600 6809
419 711 483 776 aaa
1063 703 1332 772 msmrumo
1353 704 1459 772 aaa.
1480 701 1661 771 caman
1687 710 1780 772 1559.
2294 755 2298 771 .
2329 778 2333 788 ,
2368 707 2437 768 sss

424 908 493 965 tam
511 900 596 964 hanc
607 898 671 963 Dei
688 895 927 960 institutionem
940 895 1083 959 furiosae
1101 892 1400 975 quaedambelluae
1453 893 1638 978 spirituales
1664 894 1765 959 finisse
1792 900 1826 958 et
1853 893 1894 958 ad
1923 900 2091 957 aeternam
2113 892 2215 957 vitam
2238 883 2437 975 respexisse.

424 987 650 1068 impeterenon
663 989 801 1047 cessant.
830 979 1173 1065 Principi0,quoniam
1186 977 1401 1043 similitudine
1454 980 1540 1044 Tum
1567 981 1711 1046 vicissim
1735 1002 1755 1044 a
1782 979 1930 1062 patribus
1958 979 2188 1061 spiritualiter,
2210 984 2249 1042 ut
2268 999 2329 1061 par
2351 984 2437 1054 erat,

425 1070 577 1152 baptismi
595 1077 629 1134 et
646 1068 899 1133 circumcisionis
917 1067 1004 1130 ultra
1024 1062 1158 1129 modum
1172 1065 1284 1148 urgeri
1307 1086 1341 1130 se
1364 1086 1402 1129 ac
1454 1071 1611 1149 acceptas,
1630 1086 1694 1149 quo
1711 1066 1862 1130 fiduciam
1881 1064 1958 1129 iude
1976 1065 2183 1148 conciperent
2192 1064 2321 1128 futurae
2332 1064 2438 1142 vitae,
2531 1094 2536 1102 ·

425 1155 606 1239 constringi
618 1154 775 1231 sentiunt,
796 1154 894 1237 longo
912 1150 1099 1217 discrimine
1117 1150 1302 1215 distrahere
1320 1151 1401 1218 haec
1453 1150 1611 1234 adquam
1628 1158 1697 1216 tcto
1714 1152 1816 1215 animi
1839 1152 1957 1216 affectu
1975 1151 2167 1232 aspirarent.
2197 1150 2334 1214 Interim
2354 1157 2440 1215 iero

424 1240 487 1306 duo
514 1242 609 1324 signa
636 1238 852 1317 contendunt,
881 1259 923 1303 ne
951 1235 1030 1321 quid
1062 1237 1158 1301 alteri
1191 1257 1266 1300 cum
1299 1236 1402 1300 altero
1453 1258 1659 1319 nequaquam
1676 1238 1865 1315 infitiamur,
1883 1239 1961 1319 quin
1979 1257 2074 1301 suam
2091 1235 2157 1300 illis
2169 1235 2440 1300 benevolentiam

424 1347 597 1394 commune
615 1347 686 1391 esse
706 1324 865 1390 videatur.
899 1324 985 1395 Nam
1008 1330 1042 1387 et
1061 1343 1115 1386 res
1137 1322 1261 1405 signari
1282 1323 1401 1400 varias,
1454 1325 1595 1387 terrenis
1623 1343 1660 1388 ac
1680 1323 1869 1388 carnalibus
1886 1323 2052 1388 beneficiis
2075 1327 2214 1386 testatus
2236 1323 2287 1400 ait,
2314 1319 2439 1403 quibus

425 1419 458 1478 et
473 1410 588 1478 foedus
606 1413 738 1476 omniuo
757 1411 934 1488 diversum,
957 1417 991 1473 et
1012 1408 1263 1491 appellationem
1286 1429 1403 1491 puero·
1455 1409 1555 1473 etiam
1573 1408 1711 1474 dicimus
1727 1430 1819 1491 spem
1835 1408 1924 1472 illam
1944 1408 2196 1490 promissionum
2214 1406 2441 1489 spiritualium

424 1520 497 1563 rum
532 1519 601 1561 non
626 1497 771 1584 ⁸eandem
802 1516 872 1560 esse
905 1494 1027 1559 dicunt.
1072 1494 1174 1576 Atqui
1209 1493 1288 1557 dum
1318 1493 1403 1558 illud
1456 1495 1556 1559 fiiissa
1578 1496 1813 1560 confirmatam.
1851 1493 1926 1574 Quo
1948 1493 2045 1557 modo
2066 1494 2123 1557 ubi
2145 1501 2312 1557 aeternam
2328 1493 2441 1557 beati·

352 1616 356 1629 ‹
423 1585 567 1667 primam
595 1584 773 1648 instituunt
799 1581 957 1664 probare,
974 1580 1254 1646 circumcisionem
1288 1581 1404 1645 obten-
1455 1578 1602 1645 tudinem
1631 1600 1726 1645 servo
1754 1581 1812 1645 suo
1834 1579 1988 1644 Abrahae
2010 1578 2176 1663 pollicitus
2197 1585 2256 1657 est,
2279 1599 2343 1660 quo
2364 1599 2440 1642 ma-

425 1669 510 1734 dunt
542 1668 802 1733 mortificationis
834 1687 900 1731 non
931 1666 1086 1748 baptismi
1118 1666 1219 1729 fuisse
1251 1667 1401 1748 figuram.
1455 1666 1613 1730 nifastum
1631 1667 1752 1731 fatoris
1770 1666 1820 1730 sui
1838 1665 1996 1730 indicium
2013 1665 2061 1728 illi
2079 1665 2120 1729 ob
2140 1664 2250 1729 oculos
2273 1663 2440 1742 subiiciat,

426 1753 524 1836 Quod
545 1755 688 1838 profecto
710 1752 925 1818 libentissime
942 1752 1008 1816 illis
1031 1751 1155 1816 damus.
1189 1751 1293 1816 Nobis
1315 1751 1401 1815 enim
1456 1751 1547 1816 addit
1574 1752 1712 1815 alteram
1741 1751 1781 1815 de
1807 1751 2010 1834 possessione
2039 1758 2147 1813 terrac
2174 1749 2337 1814 Chanaan
2359 1771 2441 1833 pro-

426 1841 547 1923 cptimc
569 1839 800 1922 patrocinatur.
845 1838 960 1920 Neque
983 1837 1048 1901 alia
1069 1838 1249 1901 sentcntiae
1271 1843 1403 1901 nostrae
1456 1838 1654 1903 missionem.
1689 1837 1731 1900 In
1749 1838 1838 1902 hunc
1857 1835 1990 1901 modum
2007 1837 2152 1919 accipere
2163 1837 2315 1901 convenit
2335 1856 2442 1918 quae-

424 1926 616 2009 probationc
637 1925 762 1988 utimur
783 1945 880 2006 quam
902 1923 1101 2006 baptismum
1124 1930 1158 1986 et
1185 1922 1403 1988 circumcisio·
1456 1944 1584 2005 cunque
1613 1924 1702 2007 genti
1730 1923 1878 1988 iudaicae
1903 1931 2055 2009 terrenae
2085 1922 2317 2005 promissiones
2339 1920 2441 1985 datae

424 2032 498 2076 nem
522 2009 782 2075 mortificationis
804 2030 875 2075 esse
896 2010 1000 2093 signa.
1045 2008 1135 2073 Hinc
1164 2008 1402 2085 constituimus,
1456 2017 1547 2074 sunt:
1576 2017 1614 2072 ut
1641 2009 1821 2091 spiritualis
1853 2008 2039 2091 promissio,
2073 2028 2134 2072 ceu
2166 2016 2278 2091 caput,
2310 2007 2441 2089 primas

422 2097 458 2160 in
479 2097 578 2161 huius
600 2096 704 2160 vicem
726 2095 820 2159 illum
843 2116 913 2160 esec
942 2095 1130 2172 suffectum,
1154 2114 1217 2176 quo
1240 2093 1274 2157 id
1296 2094 1404 2176 ipsum
1457 2116 1585 2177 semper
1623 2101 1732 2159 teneat
1772 2115 1835 2176 quc
1867 2093 1943 2157 illae
1980 2094 2174 2158 referantur.
2219 2093 2325 2173 Atque
2364 2093 2442 2158 baec

424 2183 517 2247 nobis
545 2188 770 2264 repraesentet
797 2181 882 2264 quod
907 2181 985 2245 olim
1004 2178 1136 2244 Iudaeis
1159 2180 1316 2263 signabat.
1361 2179 1403 2242 In
1456 2183 1605 2262 quoniam
1629 2181 1757 2244 uberim
1783 2182 1818 2243 ia
1850 2180 2032 2243 discrimine
2063 2181 2135 2243 aovi
2162 2184 2190 2242 et
2214 2179 2327 2244 vacis
2347 2184 2442 2243 tasta-

426 2267 600 2332 asserenda
622 2266 760 2331 foederis
778 2265 963 2330 differentia
983 2286 1082 2347 quam
1104 2265 1245 2331 barbara
1266 2263 1405 2330 audacia
1456 2268 1553 2330 menti
1575 2268 1721 2345 tractavi,
1743 2285 1826 2330 aare
1851 2265 1949 2330 haias
1965 2265 2151 2348 parisiago.

425 2353 620 2436 scripturam
650 2353 811 2434 dissipant
832 2359 866 2416 et
897 2352 1128 2434 corrumpunt!
1153 2372 1258 2434 neque
1280 2372 1346 2414 unc
1368 2352 1403 2413 in
1546 2355 1593 2415 12.
1638 2352 1680 2415 In
1701 2372 1879 2434 puerorum
1902 2350 2119 2433 appellatione
2141 2350 2226 2413 hauc
2243 2350 2438 2414 varietatem

423 2438 504 2518 loco,
533 2438 590 2502 sed
619 2438 665 2502 ita
693 2445 731 2501 ut
757 2436 841 2500 nihil
869 2437 998 2502 salvum
1026 2444 1083 2501 aut
1109 2438 1276 2519 integrum
1305 2437 1405 2500 relin-
1457 2438 1640 2519 reperiunt:
1663 2438 1747 2502 filios
1769 2437 1924 2501 Abrahae
1947 2436 2008 2500 sub
2029 2436 2134 2500 veteri
2151 2443 2349 2500 testamento
2368 2434 2439 2502 dic-

426 2532 536 2607 quant.
581 2521 721 2587 Iudaeos
750 2523 838 2586 enim
866 2522 947 2586 adeo
985 2522 1133 2587 carnales
1166 2521 1258 2586 uobis
1291 2520 1405 2604 depin-
1458 2531 1507 2587 tcs
1530 2524 1587 2605 qui
1615 2523 1655 2588 ab
1684 2525 1755 2587 eius
1777 2523 1900 2586 semine
1923 2522 2083 2604 originem
2101 2521 2272 2600 ducerent;
2292 2521 2354 2586 hoc
2377 2542 2437 2586 nc·

425 2616 523 2692 gunt,
551 2614 591 2671 ut
618 2608 779 2689 pecudum
807 2608 979 2672 similiores
1001 2608 1068 2672 sint
1096 2627 1193 2690 quam
1216 2607 1404 2671 hominum:
1457 2611 1546 2673 minc
1568 2630 1655 2673 nunc
1673 2608 1829 2691 appellari
1847 2609 1903 2690 qui
1919 2606 2018 2672 fidem
2041 2609 2111 2671 eius
2132 2607 2314 2671 imitantur.
2354 2605 2437 2672 Ideo

426 2693 619 2777 quibuscum
639 2693 760 2759 scilicet
782 2714 972 2775 percussum
998 2692 1111 2757 foedus
1134 2693 1223 2757 ultra
1240 2700 1405 2776 tempora·
1456 2695 1630 2758 infantiam
1647 2694 1738 2758 illam
1760 2694 1934 2770 carnalem,
1957 2713 2039 2775 quae
2060 2694 2097 2757 in
2118 2693 2304 2757 societatem
2326 2693 2438 2758 foede-

426 2780 511 2843 riam
540 2780 643 2845 vitam
669 2801 735 2843 non
763 2779 932 2861 procedat,
955 2779 1071 2861 quibus
1100 2779 1196 2843 datae
1217 2780 1406 2861 promissio·
1457 2782 1503 2844 ris
1524 2802 1583 2863 per
1605 2780 1883 2845 circumcisionem
1904 2779 2123 2856 inserebatur,
2149 2779 2336 2860 spirituales
2356 2781 2437 2844 novi

426 2886 486 2930 nes
518 2866 553 2929 in
580 2862 674 2928 bonis
702 2863 928 2947 praesentibus
957 2878 998 2930 ac
1024 2866 1189 2947 corporeis
1223 2863 1404 2930 subsidant.
1458 2869 1646 2930 testamenti
1663 2867 1805 2930 infantes
1823 2867 1990 2949 figurasse,
2013 2866 2069 2946 qui
2090 2864 2156 2928 Dei
2176 2865 2275 2929 verbo
2297 2886 2437 2946 regene-

428 2949 524 3030 Quod
542 2949 659 3033 dogma
677 2951 705 3013 si
724 2949 876 3029 obtineat,
909 2949 987 3032 quid
1009 2956 1112 3014 restat
1129 2951 1192 3015 nisi
1215 2956 1252 3014 ut
1273 2959 1405 3033 gentem
1458 2952 1522 3015 rati
1550 2952 1616 3015 sint
1643 2952 1685 3016 ad
1712 2953 1814 3017 vitam
1841 2951 2068 3015 immortalem.
2114 2951 2154 3014 In
2181 2951 2296 3033 quibus
2323 2951 2437 3015 verbis

403 3035 588 3108 ⁴iudaicam
610 3035 711 3100 fuisse
733 3034 775 3098 ad
796 3043 926 3119 tempus
947 3034 1012 3098 Dei
1035 3034 1190 3101 beneficio
1213 3043 1405 3113 saturatam,
1458 3038 1609 3120 exiguam
1640 3037 1772 3120 quidem
1804 3038 1953 3103 veritatis
1975 3036 2152 3102 scintillam
2173 3037 2351 3100 intuemur:
2375 3036 2438 3100 sed

426 3142 494 3185 non
526 3141 618 3185 secus
651 3141 688 3185 ac
716 3141 889 3202 porcorum
917 3142 1051 3205 gregem
1079 3123 1114 3185 in
1137 3121 1219 3186 hara
1243 3123 1404 3204 saginant,
1458 3124 1494 3186 in
1527 3122 1588 3188 hoc
1620 3125 1766 3206 graviter
1795 3131 1933 3206 peccant
1959 3122 2048 3187 leves
2075 3122 2131 3185 isti
2165 3123 2311 3204 spiritus,
2345 3123 2437 3203 quod

426 3213 466 3271 ut
494 3212 627 3270 aeterno
656 3206 789 3271 demum
816 3207 916 3272 exitio
943 3206 1085 3289 periret?
1115 3205 1223 3272 Simul
1251 3209 1340 3271 enim
1368 3226 1406 3271 ac
1459 3209 1536 3272 dum
1564 3209 1728 3291 arripiunt
1749 3207 1906 3291 quidquid
1927 3209 2032 3290 primo
2065 3209 2099 3272 in
2127 3230 2262 3272 manum
2290 3207 2355 3272 illis
2376 3230 2436 3272 ve·

427 3291 708 3359 circumcisionem
727 3293 819 3374 eique
837 3313 984 3357 annexas
1001 3293 1233 3374 promissiones
1255 3294 1405 3371 citamus,
1459 3295 1518 3374 nit,
1548 3294 1604 3359 ubi
1626 3295 1716 3359 ultra
1742 3292 2017 3378 progrediendum
2043 3294 2141 3371 foret,
2165 3305 2198 3358 et
2217 3293 2325 3358 multa
2348 3293 2437 3358 inter

427 3377 707 3444 circumcisionem
739 3378 866 3443 literale
897 3379 1040 3461 signum,
1074 3380 1305 3460 promissiones
1336 3379 1406 3443 eius
1460 3401 1494 3446 se
1523 3380 1727 3457 conferenda,
1750 3381 1786 3443 in
1814 3378 1951 3445 verbum
1972 3400 2077 3443 unum
2098 3380 2311 3462 pertinaciter
2338 3380 2436 3445 insis-

428 3465 575 3529 carnales
596 3463 697 3528 fuisse
719 3464 926 3546 respondent.
1458 3473 1544 3530 tunt.
1584 3466 1681 3535 Unde
1701 3466 1774 3530 fieri
1796 3466 1893 3530 aliter
1914 3465 2037 3548 nequit,
2060 3466 2141 3547 quin
2169 3464 2305 3529 subinde
2327 3465 2438 3529 hallu·

516 3554 564 3612 ll.
611 3546 700 3614 Sane
727 3549 756 3614 si
785 3549 911 3614 hterale
943 3549 1076 3633 signum
1104 3558 1174 3613 erat
1195 3549 1406 3628 circumcisio,
1459 3553 1627 3617 sinentur:
1655 3552 1732 3634 quia
1758 3552 1793 3614 in
1821 3551 1943 3616 nullius
1971 3552 2019 3614 rei
2047 3550 2184 3615 solidam
2216 3552 2438 3634 cognitionem

429 3635 534 3699 nihilo
557 3635 662 3700 secius
685 3635 725 3699 dc
746 3635 908 3718 baptismo
931 3633 1130 3702 censendum
1153 3642 1211 3700 est.
1249 3633 1407 3715 Quando·
1459 3637 1662 3702 incumbunt.
1706 3639 1866 3702 Fatemur
1887 3645 1975 3701 certe
1995 3636 2126 3702 carnale
2147 3636 2301 3700 Abrahae
2324 3659 2438 3702 semen

428 3719 559 3802 quidem
587 3722 751 3803 apostolus
769 3721 853 3805 (Col.
873 3725 902 3799 2,
925 3721 979 3806 ll)
1001 3721 1106 3786 nihilo
1133 3722 1239 3806 magis
1266 3721 1406 3785 alterum
1459 3723 1568 3788 locum
1597 3723 1638 3786 ad
1665 3731 1795 3805 tempus
1816 3724 1961 3787 tenuisse
1983 3722 2160 3805 spiritualis
2181 3723 2325 3802 seminis,
2349 3724 2437 3805 quod

430 3805 533 3870 altero
561 3806 730 3887 spirituale
759 3808 844 3872 facit.
889 3806 982 3873 Dicit
1009 3809 1097 3872 enim
1126 3828 1188 3872 nos
1216 3808 1251 3872 in
1274 3805 1407 3871 Christo
1459 3830 1519 3891 per
1546 3808 1645 3872 fidem
1670 3809 1719 3873 illi
1751 3809 1918 3872 inseritur.
1962 3809 2058 3873 Illius
2078 3809 2165 3873 enim
2186 3808 2246 3871 filii
2267 3830 2438 3891 nuncupa-

429 3891 635 3956 circumciscs
657 3893 900 3958 circumcisione
922 3915 988 3957 non
1011 3893 1233 3971 manufacta,
1262 3892 1407 3975 deposito
1460 3915 1544 3972 mur,
1562 3901 1730 3977 utcunque
1748 3894 1840 3958 nulla
1858 3916 1933 3959 cum
1950 3895 2007 3959 illo
2024 3895 2119 3958 nobis
2137 3893 2300 3958 naturalis
2317 3916 2439 3978 cogna-

430 3996 563 4058 corpore
596 3979 720 4058 peccati
759 3978 845 4060 quod
877 3980 913 4043 in
945 4001 1043 4044 carne
1075 3985 1189 4043 nostra
1222 3978 1405 4044 habitabat:
1461 3981 1506 4045 tio
1527 3980 1717 4045 intercedat.
1761 3980 1890 4043 Verum
1913 3982 1940 4045 si
1963 3981 2160 4064 intelligunt,
2183 3979 2270 4061 quod
2291 4001 2358 4044 non
2380 3982 2439 4046 cb-

429 4081 529 4144 quam
556 4063 837 4127 circumcisionem
865 4064 991 4130 Christi
1017 4071 1120 4129 vocat
1166 4066 1248 4130 Post
1274 4065 1309 4128 iu
1338 4066 1407 4128 eius
1461 4086 1555 4131 saure
1572 4065 1806 4144 demonstrant,
1826 4066 1950 4130 carnali
1963 4066 2118 4131 Abrahae
2132 4066 2250 4130 semini
2266 4087 2439 4148 nunquam

303 4170 306 4179 “
430 4149 612 4212 sentcntiae
639 4148 890 4231 explicationem
918 4150 1099 4233 subiungit,
1123 4172 1183 4215 nos
1204 4171 1263 4233 per
1284 4150 1408 4233 baptis·
1460 4152 1665 4234 spiritualem
1686 4154 1751 4217 Dei
1774 4150 2031 4218 benedictionem
2053 4153 2261 4234 promissam,
2284 4152 2338 4217 hic
2359 4174 2440 4217 vero

429 4254 521 4297 mum
544 4232 676 4298 Christo
699 4235 913 4316 consepultos.
955 4235 1043 4316 Quid
1066 4236 1128 4301 sibi
1148 4236 1221 4302 vult
1242 4236 1314 4301 istis
1335 4258 1409 4301 ver·
1460 4239 1557 4321 longe
1583 4238 1750 4302 falluntur.
1794 4238 1939 4302 Proinde
1967 4239 2003 4302 in
2024 4238 2194 4302 meliorem
2216 4257 2349 4320 scopum
2371 4239 2439 4302 col-

428 4318 488 4397 bis,
512 4319 575 4382 nisi
596 4318 749 4401 baptismi
774 4321 1050 4405 complementum
1077 4328 1111 4385 et
1133 4323 1303 4387 veritatem
1338 4343 1408 4387 esse
1460 4324 1575 4388 limare
1602 4344 1659 4388 aco
1687 4330 1817 4404 oportet:
1850 4325 1892 4387 ad
1924 4345 2014 4405 qaam
2046 4325 2225 4388 certissimo
2258 4324 2441 4404 scripturae

430 4405 604 4468 veritatem
643 4406 741 4470 simul
763 4413 797 4470 et
835 4407 1108 4489 complementum
1144 4408 1407 4486 circumcisionis,
1462 4410 1561 4474 ductu
1583 4410 1765 4493 dirigimur.
1807 4411 1971 4475 Dominus
1993 4431 2070 4493 ergo
2091 4409 2247 4474 Abrahae
2268 4407 2444 4491 pollicetur

430 4491 584 4571 quoniam
617 4512 685 4555 rem
723 4513 825 4556 unam
857 4493 1022 4576 figurent?
1052 4494 1287 4558 Demonstrare
1320 4495 1408 4557 euim
1461 4496 1612 4559 futurum
1632 4495 1681 4559 illi
1703 4517 1816 4560 semen
1837 4498 1873 4560 iu
1895 4517 1960 4578 quc
1982 4495 2221 4560 benedicendae
2243 4496 2309 4560 sint
2326 4515 2443 4561 omnes

431 4576 598 4640 contendit
624 4598 694 4641 esse
716 4577 750 4641 id
772 4577 971 4643 Christianis
993 4579 1201 4661 baptismum,
1225 4579 1311 4661 quod
1332 4587 1409 4643 ante
1462 4587 1569 4645 terrae
1591 4581 1757 4660 nationes,
1788 4603 1826 4647 ac
1848 4582 1946 4646 simul
1976 4581 2074 4645 fidem
2100 4581 2171 4659 dat,
2195 4603 2230 4645 se
2257 4581 2306 4644 illi
2332 4588 2366 4644 et
2390 4602 2443 4645 se-

430 4661 538 4726 fuerat
558 4661 690 4726 Iudaeis
712 4663 921 4729 circumcisio
963 4662 1129 4745 Quoniam
1147 4671 1257 4729 autem
1279 4666 1345 4729 iam
1367 4664 1409 4728 ad
1461 4667 1544 4731 mini
1565 4669 1635 4731 cius
1656 4668 1691 4730 in
1701 4667 1810 4731 Deum
1833 4668 1910 4732 fore.
1941 4666 2135 4748 Quicunque
2154 4666 2326 4731 Christum
2342 4667 2443 4731 bene-

429 4745 591 4828 liquidum
617 4749 836 4830 exposuimus,
864 4750 1096 4832 promissiones
1123 4751 1294 4833 utriusque
1323 4750 1409 4836 signi
1462 4752 1612 4818 dictionis
1634 4762 1782 4817 autorem
1804 4752 1868 4816 fide
1891 4753 2068 4835 recipiunt,
2091 4752 2190 4817 huius
2217 4752 2444 4834 promissionis

431 4837 567 4912 atquae
590 4833 655 4897 illis
677 4844 969 4916 repraesentantur
990 4838 1148 4921 mysteria
1169 4837 1255 4900 iuter
1276 4857 1311 4900 se
1333 4856 1409 4902 con-
1462 4846 1540 4902 sunt
1561 4838 1731 4903 haeredes:
1755 4837 1891 4919 ideoque
1911 4838 2065 4902 Abrahae
2087 4839 2147 4901 filii
2169 4841 2389 4902 nominantur.

431 4919 553 4995 venire,
572 4917 703 5001 longius
720 4921 755 4982 in
774 4942 930 5002 praesens
947 4944 1012 4987 non
1031 4922 1287 4987 immorabimur.
1321 4923 1409 4987 Tan·
1551 4927 1599 4986 13.
1645 4922 1843 5004 Quanquam
1862 4931 1973 4987 autem
1991 4931 2065 5005 post
2083 4923 2209 4989 Christi
2231 4924 2444 4989 resurrectio-

431 5007 504 5064 tum
531 5001 644 5066 fideles
667 5004 857 5082 admonebo,
885 5029 938 5072 me
967 5016 1096 5074 tacente
1119 5015 1157 5072 ut
1179 5029 1289 5072 secum
1312 5030 1410 5091 repu—
1463 5029 1548 5086 nem,
1570 5010 1653 5073 fines
1675 5009 1768 5090 regni
1791 5006 1856 5072 Dei
1877 5009 1974 5092 louge
1996 5009 2125 5092 lateque
2142 5011 2179 5073 in
2201 5010 2362 5092 quaslibet
2381 5031 2445 5074 na-

432 5092 505 5150 tent
535 5108 578 5150 an
600 5094 770 5154 terrenum
792 5114 830 5158 ac
851 5093 978 5159 literale
1001 5092 1189 5159 habendum
1212 5093 1256 5158 sit
1277 5093 1411 5176 signum
1464 5095 1570 5159 tiones
1596 5093 1882 5158 indiscriminatim
1911 5097 2081 5177 prorogari
2110 5105 2303 5178 coeperunt,
2331 5103 2370 5159 ut
2391 5117 2444 5160 se-
2531 5116 2532 5121 ’

432 5172 486 5237 cui
513 5172 597 5236 nihil
620 5175 731 5239 subest
751 5178 815 5242 nisi
837 5180 1006 5262 spirituale
1028 5188 1061 5245 et
1083 5179 1228 5246 coeleste.
1273 5178 1410 5257 Verum,
1463 5179 1608 5244 cundum
1638 5178 1758 5245 Christi
1785 5183 1968 5246 sententiam
1990 5182 2124 5263 (Matth.
2144 5186 2173 5259 8,
2201 5181 2254 5265 11)
2274 5180 2444 5263 undequa-

432 5279 474 5322 ne
496 5259 602 5324 fumos
619 5281 695 5325 suos
712 5262 913 5345 simplicibus
934 5265 1089 5344 vendant,
1113 5264 1275 5331 obiectum
1295 5286 1411 5342 unum,
1462 5287 1525 5350 que
1537 5265 1650 5331 fideles
1668 5267 1910 5350 colligerentur,
1923 5269 1979 5351 qui
1996 5269 2030 5331 in
2043 5268 2148 5351 gloria
2164 5267 2295 5333 coelesti
2311 5286 2442 5331 accum-

432 5363 495 5442 quo
523 5344 843 5428 impudentissimum
876 5350 938 5414 hoc
965 5352 1174 5417 mendacium
1203 5357 1409 5434 praetexunt,
1463 5352 1580 5418 herent
1600 5375 1677 5419 cum
1694 5353 1882 5431 Abraham,
1902 5354 1995 5418 Isaac
2013 5361 2047 5417 et
2064 5354 2177 5432 Iacob,
2195 5353 2311 5418 multis
2328 5360 2444 5416 tamma

431 5448 468 5525 in
494 5436 686 5496 transcursu
714 5431 884 5499 diluemus.
930 5436 1029 5502 Certo
1057 5439 1180 5504 certius
1208 5445 1266 5516 est,
1288 5438 1410 5520 prima·
1463 5446 1541 5503 ante
1568 5440 1707 5505 saeculis
1735 5446 1828 5503 tanta
1854 5439 1913 5504 illa
1939 5438 2165 5505 misericordia
2185 5438 2327 5503 Iudaeos
2356 5456 2444 5501 ccm-

432 5533 499 5612 nas
517 5517 757 5598 promissiones,
770 5519 889 5600 quibus
911 5522 1138 5588 continebatur
1159 5523 1246 5604 quod
1272 5524 1332 5589 sub
1353 5545 1411 5589 va·
1462 5524 1579 5607 plexus
1611 5526 1727 5589 fuerat.
1772 5527 1819 5589 Et
1852 5525 1942 5608 quia,
1977 5525 2104 5591 cuncfis
2145 5525 2217 5590 aliis
2243 5524 2443 5607 praeteritis,

429 5602 498 5662 ten
519 5608 715 5667 testamento
736 5625 811 5668 cum
833 5605 990 5672 Israelitis
1012 5608 1125 5674 foedus
1146 5607 1239 5674 Dens
1261 5606 1411 5692 sanci'vit,
1463 5631 1565 5674 unam
1587 5610 1672 5674 hanc
1693 5620 1826 5694 gentem
1849 5611 2019 5696 selegerat,
2041 5613 2078 5675 in
2098 5631 2163 5695 qua
2183 5611 2325 5695 gratiam
2346 5630 2445 5675 suam
