<?xml version="1.0" encoding="UTF-8"?>
<!DOCTYPE html PUBLIC "-//W3C//DTD XHTML 1.0 Transitional//EN"
    "http://www.w3.org/TR/xhtml1/DTD/xhtml1-transitional.dtd">
<html xmlns="http://www.w3.org/1999/xhtml" xml:lang="en" lang="en">
 <head>
  <title>
</title>
<meta http-equiv="Content-Type" content="text/html;charset=utf-8" />
  <meta name='ocr-system' content='tesseract 3.04.00' />
  <meta name='ocr-capabilities' content='ocr_page ocr_carea ocr_par ocr_line ocrx_word'/>
</head>
<body>
  <div class='ocr_page' id='page_1' title='image "./ioanniscalvinio10calvgoog_0284.png"; bbox 0 0 5600 6809; ppageno 0'>
   <div class='ocr_carea' id='block_1_1' title="bbox 400 754 2403 827">
    <p class='ocr_par' dir='ltr' id='par_1_1' title="bbox 400 754 2403 827">
     <span class='ocr_line' id='line_1_1' title="bbox 400 754 2403 827; baseline -0.002 -1"><span class='ocrx_word' id='word_1_1' title='bbox 400 766 462 827; x_wconf 80' lang='lat'>599</span> <span class='ocrx_word' id='word_1_2' title='bbox 1044 757 1310 826; x_wconf 58' lang='lat' dir='ltr'>mantuano</span> <span class='ocrx_word' id='word_1_3' title='bbox 1331 757 1436 821; x_wconf 73' lang='lat' dir='ltr'>Rau.</span> <span class='ocrx_word' id='word_1_4' title='bbox 1459 754 1640 822; x_wconf 74' lang='lat' dir='ltr'>oflmsr.</span> <span class='ocrx_word' id='word_1_5' title='bbox 1666 758 1758 821; x_wconf 77' lang='lat'>1559.</span> <span class='ocrx_word' id='word_1_6' title='bbox 2340 758 2403 821; x_wconf 83' lang='lat'>600</span> 
     </span>
    </p>
   </div>
   <div class='ocr_carea' id='block_1_2' title="bbox 391 943 2469 5653">
    <p class='ocr_par' dir='ltr' id='par_1_2' title="bbox 391 943 2404 4711">
     <span class='ocr_line' id='line_1_2' title="bbox 402 943 2404 1028; baseline -0.002 -14"><span class='ocrx_word' id='word_1_7' title='bbox 402 947 573 1013; x_wconf 86' lang='lat' dir='ltr'>Abraham</span> <span class='ocrx_word' id='word_1_8' title='bbox 595 943 674 1022; x_wconf 91' lang='lat' dir='ltr'>fide,</span> <span class='ocrx_word' id='word_1_9' title='bbox 704 967 771 1009; x_wconf 93' lang='lat' dir='ltr'>non</span> <span class='ocrx_word' id='word_1_10' title='bbox 794 944 959 1028; x_wconf 78' lang='lat' dir='ltr'>operibus,</span> <span class='ocrx_word' id='word_1_11' title='bbox 987 946 1148 1009; x_wconf 90' lang='lat' dir='ltr'>iustitiam</span> <span class='ocrx_word' id='word_1_12' title='bbox 1175 945 1274 1008; x_wconf 86' lang='lat' dir='ltr'>fuisse</span> <span class='ocrx_word' id='word_1_13' title='bbox 1301 963 1378 1008; x_wconf 88' lang='lat' dir='ltr'>eon·</span> <span class='ocrx_word' id='word_1_14' title='bbox 1520 948 1567 1008; x_wconf 78' lang='lat'>12.</span> <span class='ocrx_word' id='word_1_15' title='bbox 1612 943 1769 1008; x_wconf 86' lang='lat' dir='ltr'>Nondum</span> <span class='ocrx_word' id='word_1_16' title='bbox 1798 965 1930 1028; x_wconf 92' lang='lat' dir='ltr'>scopum</span> <span class='ocrx_word' id='word_1_17' title='bbox 1954 943 2136 1025; x_wconf 88' lang='lat' dir='ltr'>attigimus,</span> <span class='ocrx_word' id='word_1_18' title='bbox 2164 944 2226 1008; x_wconf 91' lang='lat' dir='ltr'>nisi</span> <span class='ocrx_word' id='word_1_19' title='bbox 2251 943 2404 1009; x_wconf 81' lang='grc'><strong>11000110·</strong></span> 
     </span>
     <span class='ocr_line' id='line_1_3' title="bbox 402 1028 2403 1120; baseline -0.001 -22"><span class='ocrx_word' id='word_1_20' title='bbox 402 1040 593 1114; x_wconf 81' lang='lat' dir='ltr'>sequutum3</span> <span class='ocrx_word' id='word_1_21' title='bbox 628 1051 687 1095; x_wconf 92' lang='lat' dir='ltr'>nos</span> <span class='ocrx_word' id='word_1_22' title='bbox 721 1052 849 1114; x_wconf 91' lang='grc'><strong>000000</strong></span> <span class='ocrx_word' id='word_1_23' title='bbox 880 1031 945 1096; x_wconf 92' lang='lat' dir='ltr'>fide</span> <span class='ocrx_word' id='word_1_24' title='bbox 978 1029 1131 1095; x_wconf 91' lang='lat' dir='ltr'>docemus</span> <span class='ocrx_word' id='word_1_25' title='bbox 1163 1050 1276 1094; x_wconf 89' lang='lat' dir='ltr'>omnes</span> <span class='ocrx_word' id='word_1_26' title='bbox 1309 1030 1379 1094; x_wconf 92' lang='lat' dir='ltr'>sinc</span> <span class='ocrx_word' id='word_1_27' title='bbox 1430 1051 1505 1093; x_wconf 90' lang='lat' dir='ltr'>mus</span> <span class='ocrx_word' id='word_1_28' title='bbox 1532 1040 1566 1094; x_wconf 90' lang='lat' dir='ltr'>et</span> <span class='ocrx_word' id='word_1_29' title='bbox 1592 1029 1733 1120; x_wconf 62' lang='lat' dir='ltr'>alterum</span> <span class='ocrx_word' id='word_1_30' title='bbox 1760 1030 2030 1115; x_wconf 78' lang='lat' dir='ltr'>paralogismum:</span> <span class='ocrx_word' id='word_1_31' title='bbox 2061 1028 2221 1111; x_wconf 88' lang='lat' dir='ltr'>siquidem</span> <span class='ocrx_word' id='word_1_32' title='bbox 2247 1029 2403 1096; x_wconf 87' lang='lat' dir='ltr'>iustifica-</span> 
     </span>
     <span class='ocr_line' id='line_1_4' title="bbox 401 1114 2403 1201; baseline -0.001 -20"><span class='ocrx_word' id='word_1_33' title='bbox 401 1116 554 1200; x_wconf 90' lang='lat' dir='ltr'>operibus</span> <span class='ocrx_word' id='word_1_34' title='bbox 583 1117 664 1201; x_wconf 87' lang='lat' dir='ltr'>legis</span> <span class='ocrx_word' id='word_1_35' title='bbox 694 1117 872 1182; x_wconf 89' lang='lat' dir='ltr'>iustificari.</span> <span class='ocrx_word' id='word_1_36' title='bbox 923 1117 1013 1181; x_wconf 83' lang='lat' dir='ltr'><strong>Idem</strong></span> <span class='ocrx_word' id='word_1_37' title='bbox 1042 1116 1177 1198; x_wconf 87' lang='lat' dir='ltr'>spiritus</span> <span class='ocrx_word' id='word_1_38' title='bbox 1204 1137 1263 1198; x_wconf 93' lang='grc'>001</span> <span class='ocrx_word' id='word_1_39' title='bbox 1290 1114 1377 1178; x_wconf 87' lang='lat' dir='ltr'>lacc-</span> <span class='ocrx_word' id='word_1_40' title='bbox 1429 1115 1528 1179; x_wconf 90' lang='lat' dir='ltr'>tionis</span> <span class='ocrx_word' id='word_1_41' title='bbox 1561 1123 1687 1198; x_wconf 86' lang='lat' dir='ltr'>partem</span> <span class='ocrx_word' id='word_1_42' title='bbox 1718 1117 1752 1181; x_wconf 94' lang='lat' dir='ltr'>in</span> <span class='ocrx_word' id='word_1_43' title='bbox 1779 1115 1932 1200; x_wconf 89' lang='lat' dir='ltr'>operibus</span> <span class='ocrx_word' id='word_1_44' title='bbox 1953 1114 2091 1179; x_wconf 89' lang='lat' dir='ltr'>Iacobus</span> <span class='ocrx_word' id='word_1_45' title='bbox 2124 1116 2259 1196; x_wconf 90' lang='lat' dir='ltr'>reponit</span> <span class='ocrx_word' id='word_1_46' title='bbox 2304 1114 2342 1180; x_wconf 81' lang='lat' dir='ltr'>si</span> <span class='ocrx_word' id='word_1_47' title='bbox 2369 1124 2403 1179; x_wconf 91' lang='lat' dir='ltr'>et</span> 
     </span>
     <span class='ocr_line' id='line_1_5' title="bbox 401 1200 2403 1283; baseline 0 -17"><span class='ocrx_word' id='word_1_48' title='bbox 401 1203 482 1267; x_wconf 89' lang='lat' dir='ltr'>bum</span> <span class='ocrx_word' id='word_1_49' title='bbox 510 1201 624 1281; x_wconf 82' lang='lat' dir='ltr'>tradit,</span> <span class='ocrx_word' id='word_1_50' title='bbox 655 1209 688 1266; x_wconf 90' lang='lat' dir='ltr'>et</span> <span class='ocrx_word' id='word_1_51' title='bbox 709 1202 863 1266; x_wconf 87' lang='lat' dir='ltr'>Abrahae</span> <span class='ocrx_word' id='word_1_52' title='bbox 890 1210 923 1267; x_wconf 87' lang='lat' dir='ltr'>et</span> <span class='ocrx_word' id='word_1_53' title='bbox 949 1209 1096 1266; x_wconf 91' lang='lat' dir='ltr'>nostram</span> <span class='ocrx_word' id='word_1_54' title='bbox 1123 1201 1279 1265; x_wconf 89' lang='lat' dir='ltr'>iustitiam</span> <span class='ocrx_word' id='word_1_55' title='bbox 1302 1221 1377 1282; x_wconf 89' lang='grc'><strong>000-</strong></span> <span class='ocrx_word' id='word_1_56' title='bbox 1429 1200 1562 1283; x_wconf 91' lang='lat' dir='ltr'>reliquis</span> <span class='ocrx_word' id='word_1_57' title='bbox 1584 1201 1769 1283; x_wconf 90' lang='lat' dir='ltr'>scripturis,</span> <span class='ocrx_word' id='word_1_58' title='bbox 1797 1209 1830 1266; x_wconf 89' lang='lat' dir='ltr'>et</span> <span class='ocrx_word' id='word_1_59' title='bbox 1855 1202 1918 1266; x_wconf 86' lang='lat' dir='ltr'>sibi</span> <span class='ocrx_word' id='word_1_60' title='bbox 1945 1201 2008 1283; x_wconf 92' lang='lat' dir='ltr'>ipsi</span> <span class='ocrx_word' id='word_1_61' title='bbox 2036 1208 2290 1265; x_wconf 87' lang='lat' dir='ltr'>consentaneum</span> <span class='ocrx_word' id='word_1_62' title='bbox 2311 1201 2403 1266; x_wconf 91' lang='lat' dir='ltr'>Iacc-</span> 
     </span>
     <span class='ocr_line' id='line_1_6' title="bbox 401 1284 2403 1368; baseline -0.001 -15"><span class='ocrx_word' id='word_1_63' title='bbox 401 1289 507 1366; x_wconf 88' lang='lat' dir='ltr'>ribus,</span> <span class='ocrx_word' id='word_1_64' title='bbox 536 1310 602 1353; x_wconf 89' lang='lat' dir='ltr'>non</span> <span class='ocrx_word' id='word_1_65' title='bbox 629 1288 693 1352; x_wconf 88' lang='lat' dir='ltr'>fide</span> <span class='ocrx_word' id='word_1_66' title='bbox 722 1296 849 1351; x_wconf 91' lang='lat' dir='ltr'>tantum</span> <span class='ocrx_word' id='word_1_67' title='bbox 876 1294 1033 1352; x_wconf 72' lang='lat' dir='ltr'>constare.</span> <span class='ocrx_word' id='word_1_68' title='bbox 1079 1286 1240 1368; x_wconf 78' lang='lat' dir='ltr'>Spiritum</span> <span class='ocrx_word' id='word_1_69' title='bbox 1266 1306 1377 1351; x_wconf 91' lang='lat' dir='ltr'>seeum</span> <span class='ocrx_word' id='word_1_70' title='bbox 1430 1284 1508 1349; x_wconf 93' lang='lat' dir='ltr'>bum</span> <span class='ocrx_word' id='word_1_71' title='bbox 1530 1287 1636 1351; x_wconf 86' lang='lat' dir='ltr'>facere</span> <span class='ocrx_word' id='word_1_72' title='bbox 1658 1287 1754 1363; x_wconf 84' lang='lat' dir='ltr'>velis,</span> <span class='ocrx_word' id='word_1_73' title='bbox 1777 1287 1995 1353; x_wconf 89' lang='lat' dir='ltr'>necessarium</span> <span class='ocrx_word' id='word_1_74' title='bbox 2019 1292 2082 1362; x_wconf 87' lang='lat' dir='ltr'>est,</span> <span class='ocrx_word' id='word_1_75' title='bbox 2112 1286 2308 1350; x_wconf 90' lang='lat' dir='ltr'>iustificandi</span> <span class='ocrx_word' id='word_1_76' title='bbox 2327 1308 2403 1350; x_wconf 87' lang='grc'><strong>101-</strong></span> 
     </span>
     <span class='ocr_line' id='line_1_7' title="bbox 400 1369 2401 1457; baseline -0 -19"><span class='ocrx_word' id='word_1_77' title='bbox 400 1395 468 1438; x_wconf 91' lang='lat' dir='ltr'>non</span> <span class='ocrx_word' id='word_1_78' title='bbox 491 1394 654 1457; x_wconf 84' lang='lat' dir='ltr'>pugnare,</span> <span class='ocrx_word' id='word_1_79' title='bbox 683 1382 806 1438; x_wconf 91' lang='lat' dir='ltr'>eertum</span> <span class='ocrx_word' id='word_1_80' title='bbox 835 1381 892 1436; x_wconf 85' lang='lat' dir='ltr'>est.</span> <span class='ocrx_word' id='word_1_81' title='bbox 938 1370 1032 1452; x_wconf 79' lang='lat' dir='ltr'>Quae</span> <span class='ocrx_word' id='word_1_82' title='bbox 1059 1374 1121 1436; x_wconf 92' lang='lat' dir='ltr'>erit</span> <span class='ocrx_word' id='word_1_83' title='bbox 1141 1393 1218 1454; x_wconf 87' lang='lat' dir='ltr'>ergo</span> <span class='ocrx_word' id='word_1_84' title='bbox 1240 1373 1378 1436; x_wconf 89' lang='lat' dir='ltr'>istorum</span> <span class='ocrx_word' id='word_1_85' title='bbox 1430 1371 1507 1435; x_wconf 93' lang='lat' dir='ltr'>bum</span> <span class='ocrx_word' id='word_1_86' title='bbox 1537 1372 1600 1436; x_wconf 90' lang='lat' dir='ltr'>alio</span> <span class='ocrx_word' id='word_1_87' title='bbox 1628 1372 1812 1455; x_wconf 85' lang='lat' dir='ltr'>significatu</span> <span class='ocrx_word' id='word_1_88' title='bbox 1839 1373 1984 1456; x_wconf 90' lang='lat' dir='ltr'>accipere</span> <span class='ocrx_word' id='word_1_89' title='bbox 2011 1392 2108 1453; x_wconf 91' lang='lat' dir='ltr'>quam</span> <span class='ocrx_word' id='word_1_90' title='bbox 2137 1369 2223 1453; x_wconf 89' lang='lat' dir='ltr'>apud</span> <span class='ocrx_word' id='word_1_91' title='bbox 2248 1371 2401 1437; x_wconf 90' lang='lat' dir='ltr'>Paulum.</span> 
     </span>
     <span class='ocr_line' id='line_1_8' title="bbox 402 1457 2404 1539; baseline -0.002 -13"><span class='ocrx_word' id='word_1_92' title='bbox 402 1459 596 1526; x_wconf 84' lang='lat' dir='ltr'>eoncordia?</span> <span class='ocrx_word' id='word_1_93' title='bbox 631 1458 826 1523; x_wconf 84' lang='lat' dir='ltr'>advorsariis</span> <span class='ocrx_word' id='word_1_94' title='bbox 859 1457 988 1524; x_wconf 92' lang='lat' dir='ltr'>abunde</span> <span class='ocrx_word' id='word_1_95' title='bbox 1020 1465 1070 1522; x_wconf 88' lang='lat' dir='ltr'>est</span> <span class='ocrx_word' id='word_1_96' title='bbox 1098 1458 1125 1521; x_wconf 93' lang='lat' dir='ltr'>si</span> <span class='ocrx_word' id='word_1_97' title='bbox 1154 1458 1376 1534; x_wconf 88' lang='lat' dir='ltr'>convellerint,</span> <span class='ocrx_word' id='word_1_98' title='bbox 1429 1457 1607 1523; x_wconf 89' lang='lat' dir='ltr'>Iustiticari</span> <span class='ocrx_word' id='word_1_99' title='bbox 1636 1458 1723 1521; x_wconf 91' lang='lat' dir='ltr'>enim</span> <span class='ocrx_word' id='word_1_100' title='bbox 1746 1457 1886 1523; x_wconf 76' lang='lat' dir='ltr'>dicimur</span> <span class='ocrx_word' id='word_1_101' title='bbox 1914 1457 2074 1534; x_wconf 90' lang='lat' dir='ltr'>aPaulo,</span> <span class='ocrx_word' id='word_1_102' title='bbox 2105 1478 2205 1539; x_wconf 90' lang='lat' dir='ltr'>quum</span> <span class='ocrx_word' id='word_1_103' title='bbox 2231 1457 2404 1522; x_wconf 89' lang='lat' dir='ltr'>obliterata</span> 
     </span>
     <span class='ocr_line' id='line_1_9' title="bbox 401 1542 2404 1627; baseline -0.001 -18"><span class='ocrx_word' id='word_1_104' title='bbox 401 1566 501 1627; x_wconf 92' lang='lat' dir='ltr'>quam</span> <span class='ocrx_word' id='word_1_105' title='bbox 534 1565 589 1609; x_wconf 85' lang='lat' dir='ltr'>aes</span> <span class='ocrx_word' id='word_1_106' title='bbox 621 1544 786 1609; x_wconf 80' lang='lat' dir='ltr'><strong>altissimis</strong></span> <span class='ocrx_word' id='word_1_107' title='bbox 818 1542 983 1609; x_wconf 78' lang='lat' dir='ltr'>radicibus</span> <span class='ocrx_word' id='word_1_108' title='bbox 1016 1544 1194 1608; x_wconf 80' lang='lat' dir='ltr'>stabilitam</span> <span class='ocrx_word' id='word_1_109' title='bbox 1229 1543 1377 1609; x_wconf 85' lang='lat' dir='ltr'>volumus</span> <span class='ocrx_word' id='word_1_110' title='bbox 1429 1543 1609 1608; x_wconf 90' lang='lat' dir='ltr'>iniustitiae</span> <span class='ocrx_word' id='word_1_111' title='bbox 1631 1550 1762 1608; x_wconf 92' lang='lat' dir='ltr'>nostrae</span> <span class='ocrx_word' id='word_1_112' title='bbox 1783 1545 1940 1608; x_wconf 87' lang='lat' dir='ltr'>memoria</span> <span class='ocrx_word' id='word_1_113' title='bbox 1961 1543 2039 1607; x_wconf 92' lang='lat' dir='ltr'>iusti</span> <span class='ocrx_word' id='word_1_114' title='bbox 2058 1549 2257 1624; x_wconf 90' lang='lat' dir='ltr'>reputamur.</span> <span class='ocrx_word' id='word_1_115' title='bbox 2301 1544 2353 1606; x_wconf 81' lang='lat' dir='ltr'>Eo</span> <span class='ocrx_word' id='word_1_116' title='bbox 2375 1545 2404 1608; x_wconf 92' lang='lat' dir='ltr'>si</span> 
     </span>
     <span class='ocr_line' id='line_1_10' title="bbox 401 1627 2401 1712; baseline -0.001 -18"><span class='ocrx_word' id='word_1_117' title='bbox 401 1630 479 1694; x_wconf 90' lang='lat' dir='ltr'>fidei</span> <span class='ocrx_word' id='word_1_118' title='bbox 507 1631 680 1707; x_wconf 82' lang='lat' dir='ltr'>iustitiam3</span> <span class='ocrx_word' id='word_1_119' title='bbox 707 1651 801 1693; x_wconf 91' lang='lat' dir='ltr'>suam</span> <span class='ocrx_word' id='word_1_120' title='bbox 829 1640 938 1694; x_wconf 82' lang='lat' dir='ltr'>autem</span> <span class='ocrx_word' id='word_1_121' title='bbox 965 1630 1171 1695; x_wconf 76' lang='lat' dir='ltr'>conscientiis</span> <span class='ocrx_word' id='word_1_122' title='bbox 1192 1629 1377 1711; x_wconf 89' lang='lat' dir='ltr'>tranquilli·</span> <span class='ocrx_word' id='word_1_123' title='bbox 1430 1636 1608 1710; x_wconf 87' lang='lat' dir='ltr'>spectasset</span> <span class='ocrx_word' id='word_1_124' title='bbox 1620 1627 1767 1706; x_wconf 90' lang='lat' dir='ltr'>Iacobus,</span> <span class='ocrx_word' id='word_1_125' title='bbox 1786 1637 1994 1712; x_wconf 88' lang='lat' dir='ltr'>praepostere</span> <span class='ocrx_word' id='word_1_126' title='bbox 2005 1629 2136 1693; x_wconf 89' lang='lat' dir='ltr'>citasset</span> <span class='ocrx_word' id='word_1_127' title='bbox 2145 1627 2281 1692; x_wconf 76' lang='lat' dir='ltr'>illud‘ex</span> <span class='ocrx_word' id='word_1_128' title='bbox 2294 1628 2401 1693; x_wconf 87' lang='lat' dir='ltr'>Mose:</span> 
     </span>
     <span class='ocr_line' id='line_1_11' title="bbox 401 1711 2401 1800; baseline -0.001 -20"><span class='ocrx_word' id='word_1_129' title='bbox 401 1722 504 1780; x_wconf 87' lang='lat' dir='ltr'>tatem</span> <span class='ocrx_word' id='word_1_130' title='bbox 525 1716 669 1793; x_wconf 85' lang='lat' dir='ltr'>reddere,</span> <span class='ocrx_word' id='word_1_131' title='bbox 693 1736 758 1779; x_wconf 94' lang='lat' dir='ltr'>non</span> <span class='ocrx_word' id='word_1_132' title='bbox 780 1736 920 1800; x_wconf 85' lang='lat' dir='ltr'>magnae</span> <span class='ocrx_word' id='word_1_133' title='bbox 941 1735 1037 1781; x_wconf 88' lang='lat' dir='ltr'>curae</span> <span class='ocrx_word' id='word_1_134' title='bbox 1056 1724 1113 1779; x_wconf 88' lang='lat' dir='ltr'>cst.</span> <span class='ocrx_word' id='word_1_135' title='bbox 1147 1714 1245 1780; x_wconf 91' lang='lat' dir='ltr'>Unde</span> <span class='ocrx_word' id='word_1_136' title='bbox 1266 1715 1378 1780; x_wconf 83' lang='lat' dir='ltr'>videas</span> <span class='ocrx_word' id='word_1_137' title='bbox 1429 1714 1567 1779; x_wconf 89' lang='lat' dir='ltr'>credidit</span> <span class='ocrx_word' id='word_1_138' title='bbox 1598 1714 1767 1779; x_wconf 81' lang='lat' dir='ltr'>Abraham</span> <span class='ocrx_word' id='word_1_139' title='bbox 1798 1715 1885 1791; x_wconf 88' lang='lat' dir='ltr'>Deo,</span> <span class='ocrx_word' id='word_1_140' title='bbox 1918 1722 1977 1779; x_wconf 88' lang='lat' dir='ltr'>ete.</span> <span class='ocrx_word' id='word_1_141' title='bbox 2032 1711 2089 1778; x_wconf 83' lang='lat' dir='ltr'>Sic</span> <span class='ocrx_word' id='word_1_142' title='bbox 2120 1715 2208 1778; x_wconf 91' lang='lat' dir='ltr'>enim</span> <span class='ocrx_word' id='word_1_143' title='bbox 2240 1715 2401 1779; x_wconf 73' lang='lat' dir='ltr'>contexit:</span> 
     </span>
     <span class='ocr_line' id='line_1_12' title="bbox 402 1799 2402 1884; baseline 0 -20"><span class='ocrx_word' id='word_1_144' title='bbox 402 1799 534 1884; x_wconf 92' lang='lat' dir='ltr'>quidem</span> <span class='ocrx_word' id='word_1_145' title='bbox 561 1822 615 1864; x_wconf 86' lang='lat' dir='ltr'>eos</span> <span class='ocrx_word' id='word_1_146' title='bbox 635 1799 712 1864; x_wconf 90' lang='lat' dir='ltr'>fidei</span> <span class='ocrx_word' id='word_1_147' title='bbox 733 1801 997 1864; x_wconf 87' lang='lat' dir='ltr'>iustificationem</span> <span class='ocrx_word' id='word_1_148' title='bbox 1024 1801 1189 1878; x_wconf 89' lang='lat' dir='ltr'>arrodere,</span> <span class='ocrx_word' id='word_1_149' title='bbox 1219 1800 1277 1864; x_wconf 90' lang='lat' dir='ltr'>sed</span> <span class='ocrx_word' id='word_1_150' title='bbox 1303 1800 1377 1864; x_wconf 92' lang='lat' dir='ltr'>nul-</span> <span class='ocrx_word' id='word_1_151' title='bbox 1429 1799 1598 1864; x_wconf 82' lang='lat' dir='ltr'>Abraham</span> <span class='ocrx_word' id='word_1_152' title='bbox 1627 1799 1779 1883; x_wconf 88' lang='lat' dir='ltr'>operibus</span> <span class='ocrx_word' id='word_1_153' title='bbox 1807 1822 1867 1865; x_wconf 91' lang='lat' dir='ltr'>con</span> <span class='ocrx_word' id='word_1_154' title='bbox 1923 1807 2024 1863; x_wconf 91' lang='lat' dir='ltr'>uutus</span> <span class='ocrx_word' id='word_1_155' title='bbox 2046 1807 2096 1862; x_wconf 86' lang='lat' dir='ltr'>est</span> <span class='ocrx_word' id='word_1_156' title='bbox 2116 1799 2288 1877; x_wconf 87' lang='lat' dir='ltr'>iustitiam,</span> <span class='ocrx_word' id='word_1_157' title='bbox 2318 1799 2402 1883; x_wconf 90' lang='lat' dir='ltr'>quod</span> 
     </span>
     <span class='ocr_line' id='line_1_13' title="bbox 399 1884 2403 1968; baseline 0.001 -19"><span class='ocrx_word' id='word_1_158' title='bbox 399 1886 467 1950; x_wconf 91' lang='lat' dir='ltr'>lam</span> <span class='ocrx_word' id='word_1_159' title='bbox 498 1887 628 1949; x_wconf 83' lang='lat' dir='ltr'>interim</span> <span class='ocrx_word' id='word_1_160' title='bbox 662 1887 858 1950; x_wconf 90' lang='lat' dir='ltr'>constituere</span> <span class='ocrx_word' id='word_1_161' title='bbox 891 1886 1035 1950; x_wconf 89' lang='lat' dir='ltr'>iustitiae</span> <span class='ocrx_word' id='word_1_162' title='bbox 1067 1894 1189 1950; x_wconf 89' lang='lat' dir='ltr'>metam</span> <span class='ocrx_word' id='word_1_163' title='bbox 1216 1887 1272 1951; x_wconf 94' lang='lat' dir='ltr'>ubi</span> <span class='ocrx_word' id='word_1_164' title='bbox 1300 1908 1377 1952; x_wconf 92' lang='lat' dir='ltr'>con·</span> <span class='ocrx_word' id='word_1_165' title='bbox 1428 1885 1535 1949; x_wconf 92' lang='lat' dir='ltr'>filium</span> <span class='ocrx_word' id='word_1_166' title='bbox 1551 1886 1730 1964; x_wconf 90' lang='lat' dir='ltr'>immolare,</span> <span class='ocrx_word' id='word_1_167' title='bbox 1753 1887 1884 1950; x_wconf 84' lang='lat' dir='ltr'>iubente</span> <span class='ocrx_word' id='word_1_168' title='bbox 1936 1907 1982 1962; x_wconf 89' lang='lat' dir='ltr'>co,</span> <span class='ocrx_word' id='word_1_169' title='bbox 2003 1905 2069 1948; x_wconf 93' lang='lat' dir='ltr'>uon</span> <span class='ocrx_word' id='word_1_170' title='bbox 2091 1884 2260 1949; x_wconf 86' lang='lat' dir='ltr'>dubitavit.</span> <span class='ocrx_word' id='word_1_171' title='bbox 2296 1886 2403 1968; x_wconf 80' lang='lat' dir='ltr'>Atque</span> 
     </span>
     <span class='ocr_line' id='line_1_14' title="bbox 400 1969 2403 2055; baseline 0 -20"><span class='ocrx_word' id='word_1_172' title='bbox 400 1971 555 2035; x_wconf 90' lang='lat' dir='ltr'>scientiae</span> <span class='ocrx_word' id='word_1_173' title='bbox 577 1972 744 2036; x_wconf 82' lang='lat' dir='ltr'>sistantur.</span> <span class='ocrx_word' id='word_1_174' title='bbox 780 1971 1000 2052; x_wconf 79' lang='lat' dir='ltr'>&#39;Pn&#39;umphent</span> <span class='ocrx_word' id='word_1_175' title='bbox 1021 1991 1099 2055; x_wconf 86' lang='lat' dir='ltr'>ergo</span> <span class='ocrx_word' id='word_1_176' title='bbox 1117 1970 1259 2051; x_wconf 88' lang='lat' dir='ltr'>utlibet,</span> <span class='ocrx_word' id='word_1_177' title='bbox 1281 1972 1377 2035; x_wconf 91' lang='lat' dir='ltr'>modo</span> <span class='ocrx_word' id='word_1_178' title='bbox 1428 1972 1475 2034; x_wconf 91' lang='lat' dir='ltr'>ita</span> <span class='ocrx_word' id='word_1_179' title='bbox 1496 1971 1631 2054; x_wconf 85' lang='lat' dir='ltr'>impleta</span> <span class='ocrx_word' id='word_1_180' title='bbox 1652 1979 1702 2036; x_wconf 90' lang='lat' dir='ltr'>est</span> <span class='ocrx_word' id='word_1_181' title='bbox 1723 1972 1893 2055; x_wconf 91' lang='lat' dir='ltr'>scriptura,</span> <span class='ocrx_word' id='word_1_182' title='bbox 1916 1991 1998 2053; x_wconf 87' lang='lat' dir='ltr'>quae</span> <span class='ocrx_word' id='word_1_183' title='bbox 2021 1969 2101 2036; x_wconf 92' lang='lat' dir='ltr'>dicit</span> <span class='ocrx_word' id='word_1_184' title='bbox 2117 1970 2211 2035; x_wconf 91' lang='lat' dir='ltr'>illum</span> <span class='ocrx_word' id='word_1_185' title='bbox 2228 1969 2403 2036; x_wconf 84' lang='lat' dir='ltr'>credidisse</span> 
     </span>
     <span class='ocr_line' id='line_1_15' title="bbox 399 2053 2402 2140; baseline 0 -20"><span class='ocrx_word' id='word_1_186' title='bbox 399 2078 465 2120; x_wconf 93' lang='lat' dir='ltr'>non</span> <span class='ocrx_word' id='word_1_187' title='bbox 495 2057 592 2121; x_wconf 85' lang='lat' dir='ltr'>aliam</span> <span class='ocrx_word' id='word_1_188' title='bbox 619 2057 741 2121; x_wconf 89' lang='lat' dir='ltr'>iactare</span> <span class='ocrx_word' id='word_1_189' title='bbox 763 2056 933 2122; x_wconf 81' lang='lat' dir='ltr'>victoriam</span> <span class='ocrx_word' id='word_1_190' title='bbox 954 2059 1094 2140; x_wconf 88' lang='lat' dir='ltr'>possint,</span> <span class='ocrx_word' id='word_1_191' title='bbox 1122 2078 1223 2140; x_wconf 91' lang='lat' dir='ltr'>quam</span> <span class='ocrx_word' id='word_1_192' title='bbox 1247 2079 1376 2122; x_wconf 89' lang='lat' dir='ltr'>omnem</span> <span class='ocrx_word' id='word_1_193' title='bbox 1428 2057 1516 2133; x_wconf 88' lang='lat' dir='ltr'>Deo,</span> <span class='ocrx_word' id='word_1_194' title='bbox 1550 2064 1583 2121; x_wconf 90' lang='lat' dir='ltr'>et</span> <span class='ocrx_word' id='word_1_195' title='bbox 1609 2058 1807 2139; x_wconf 90' lang='lat' dir='ltr'>imputatmn</span> <span class='ocrx_word' id='word_1_196' title='bbox 1835 2057 1864 2121; x_wconf 89' lang='lat' dir='ltr'>ei</span> <span class='ocrx_word' id='word_1_197' title='bbox 1888 2056 1929 2121; x_wconf 91' lang='lat' dir='ltr'>ad</span> <span class='ocrx_word' id='word_1_198' title='bbox 1951 2056 2118 2121; x_wconf 89' lang='lat' dir='ltr'>iustitiam.</span> <span class='ocrx_word' id='word_1_199' title='bbox 2164 2053 2201 2127; x_wconf 79' lang='lat' dir='ltr'>si</span> <span class='ocrx_word' id='word_1_200' title='bbox 2225 2054 2402 2120; x_wconf 87' lang='lat' dir='ltr'>absurdum</span> 
     </span>
     <span class='ocr_line' id='line_1_16' title="bbox 399 2141 2402 2223; baseline 0 -18"><span class='ocrx_word' id='word_1_201' title='bbox 399 2143 542 2207; x_wconf 90' lang='lat' dir='ltr'>iustitiae</span> <span class='ocrx_word' id='word_1_202' title='bbox 575 2143 804 2207; x_wconf 85' lang='lat' dir='ltr'>certitudinem</span> <span class='ocrx_word' id='word_1_203' title='bbox 836 2164 871 2207; x_wconf 93' lang='lat' dir='ltr'>se</span> <span class='ocrx_word' id='word_1_204' title='bbox 905 2143 1083 2208; x_wconf 91' lang='lat' dir='ltr'>sustulisse.</span> <span class='ocrx_word' id='word_1_205' title='bbox 1140 2144 1189 2208; x_wconf 80' lang='lat' dir='ltr'>Ac</span> <span class='ocrx_word' id='word_1_206' title='bbox 1222 2145 1375 2209; x_wconf 89' lang='lat' dir='ltr'>miseram</span> <span class='ocrx_word' id='word_1_207' title='bbox 1429 2141 2132 2223; x_wconf 63' lang='grc'><strong>0010100100]00000010010001101001,</strong></span> <span class='ocrx_word' id='word_1_208' title='bbox 2155 2141 2402 2207; x_wconf 86' lang='lat' dir='ltr'>autfalsotes·</span> 
     </span>
     <span class='ocr_line' id='line_1_17' title="bbox 397 2226 2402 2311; baseline 0 -20"><span class='ocrx_word' id='word_1_209' title='bbox 397 2227 531 2310; x_wconf 92' lang='lat' dir='ltr'>quidem</span> <span class='ocrx_word' id='word_1_210' title='bbox 561 2228 646 2292; x_wconf 90' lang='lat' dir='ltr'>hanc</span> <span class='ocrx_word' id='word_1_211' title='bbox 680 2228 851 2292; x_wconf 87' lang='lat' dir='ltr'>victoriam</span> <span class='ocrx_word' id='word_1_212' title='bbox 884 2228 1091 2306; x_wconf 92' lang='lat' dir='ltr'>obtinebunt,</span> <span class='ocrx_word' id='word_1_213' title='bbox 1125 2230 1180 2295; x_wconf 90' lang='lat' dir='ltr'>ubi</span> <span class='ocrx_word' id='word_1_214' title='bbox 1215 2230 1376 2293; x_wconf 83' lang='lat' dir='ltr'>exstincta</span> <span class='ocrx_word' id='word_1_215' title='bbox 1429 2235 1520 2292; x_wconf 89' lang='lat' dir='ltr'>tatur</span> <span class='ocrx_word' id='word_1_216' title='bbox 1535 2229 1647 2293; x_wconf 88' lang='lat' dir='ltr'>Moses</span> <span class='ocrx_word' id='word_1_217' title='bbox 1668 2248 1707 2292; x_wconf 93' lang='grc'>00</span> <span class='ocrx_word' id='word_1_218' title='bbox 1726 2228 1796 2294; x_wconf 92' lang='lat' dir='ltr'>loco</span> <span class='ocrx_word' id='word_1_219' title='bbox 1812 2229 2007 2311; x_wconf 88' lang='lat' dir='ltr'>imputatam</span> <span class='ocrx_word' id='word_1_220' title='bbox 2023 2226 2286 2293; x_wconf 77' lang='lat' dir='ltr'>firisseAbrtthae</span> <span class='ocrx_word' id='word_1_221' title='bbox 2302 2227 2402 2293; x_wconf 89' lang='lat' dir='ltr'>fidem</span> 
     </span>
     <span class='ocr_line' id='line_1_18' title="bbox 397 2312 2401 2396; baseline 0 -18"><span class='ocrx_word' id='word_1_222' title='bbox 397 2314 545 2378; x_wconf 87' lang='lat' dir='ltr'>veritatis</span> <span class='ocrx_word' id='word_1_223' title='bbox 565 2314 637 2377; x_wconf 91' lang='lat' dir='ltr'>luce</span> <span class='ocrx_word' id='word_1_224' title='bbox 670 2312 914 2378; x_wconf 85' lang='lat' dir='ltr'>mendaciorum</span> <span class='ocrx_word' id='word_1_225' title='bbox 935 2314 1087 2379; x_wconf 87' lang='lat' dir='ltr'>tenebras</span> <span class='ocrx_word' id='word_1_226' title='bbox 1120 2314 1288 2379; x_wconf 88' lang='lat' dir='ltr'>offundere</span> <span class='ocrx_word' id='word_1_227' title='bbox 1308 2315 1375 2380; x_wconf 89' lang='lat' dir='ltr'>illis</span> <span class='ocrx_word' id='word_1_228' title='bbox 1427 2314 1462 2377; x_wconf 93' lang='lat' dir='ltr'>in</span> <span class='ocrx_word' id='word_1_229' title='bbox 1484 2313 1651 2392; x_wconf 88' lang='lat' dir='ltr'>iustitiam,</span> <span class='ocrx_word' id='word_1_230' title='bbox 1673 2322 1730 2378; x_wconf 90' lang='lat' dir='ltr'>aut</span> <span class='ocrx_word' id='word_1_231' title='bbox 1751 2332 1793 2377; x_wconf 85' lang='lat' dir='ltr'>ex</span> <span class='ocrx_word' id='word_1_232' title='bbox 1809 2334 1849 2378; x_wconf 86' lang='lat' dir='ltr'>ea</span> <span class='ocrx_word' id='word_1_233' title='bbox 1865 2333 1963 2395; x_wconf 89' lang='lat' dir='ltr'>quam</span> <span class='ocrx_word' id='word_1_234' title='bbox 1980 2314 2017 2376; x_wconf 91' lang='lat' dir='ltr'>in</span> <span class='ocrx_word' id='word_1_235' title='bbox 2027 2312 2401 2396; x_wconf 85' lang='lat' dir='ltr'>Isaacofferendoprae·</span> 
     </span>
     <span class='ocr_line' id='line_1_19' title="bbox 396 2398 2401 2481; baseline 0 -19"><span class='ocrx_word' id='word_1_236' title='bbox 396 2398 560 2463; x_wconf 91' lang='lat' dir='ltr'>Dominus</span> <span class='ocrx_word' id='word_1_237' title='bbox 591 2400 767 2480; x_wconf 87' lang='lat' dir='ltr'>permittet.</span> <span class='ocrx_word' id='word_1_238' title='bbox 813 2399 1007 2481; x_wconf 90' lang='lat' dir='ltr'>Ubicunque</span> <span class='ocrx_word' id='word_1_239' title='bbox 1039 2407 1149 2463; x_wconf 89' lang='lat' dir='ltr'>autem</span> <span class='ocrx_word' id='word_1_240' title='bbox 1182 2399 1281 2464; x_wconf 90' lang='lat' dir='ltr'>stabit</span> <span class='ocrx_word' id='word_1_241' title='bbox 1310 2399 1376 2463; x_wconf 91' lang='lat' dir='ltr'>Dei</span> <span class='ocrx_word' id='word_1_242' title='bbox 1427 2400 1511 2464; x_wconf 91' lang='lat' dir='ltr'>stitit</span> <span class='ocrx_word' id='word_1_243' title='bbox 1531 2399 1714 2464; x_wconf 90' lang='lat' dir='ltr'>obedientia</span> <span class='ocrx_word' id='word_1_244' title='bbox 1734 2399 1893 2464; x_wconf 82' lang='lat' dir='ltr'>iustitiam</span> <span class='ocrx_word' id='word_1_245' title='bbox 1910 2399 2266 2481; x_wconf 86' lang='lat' dir='ltr'>nonfuitpromeritus.</span> <span class='ocrx_word' id='word_1_246' title='bbox 2309 2399 2401 2463; x_wconf 91' lang='lat' dir='ltr'>Non-</span> 
     </span>
     <span class='ocr_line' id='line_1_20' title="bbox 397 2482 2402 2568; baseline 0.001 -21"><span class='ocrx_word' id='word_1_247' title='bbox 397 2485 528 2563; x_wconf 86' lang='lat' dir='ltr'>veritas,</span> <span class='ocrx_word' id='word_1_248' title='bbox 551 2483 634 2547; x_wconf 91' lang='lat' dir='ltr'>nihil</span> <span class='ocrx_word' id='word_1_249' title='bbox 655 2484 832 2565; x_wconf 87' lang='lat' dir='ltr'>proficient.</span> <span class='ocrx_word' id='word_1_250' title='bbox 866 2483 959 2567; x_wconf 90' lang='lat' dir='ltr'>Nego</span> <span class='ocrx_word' id='word_1_251' title='bbox 980 2486 1090 2567; x_wconf 90' lang='lat' dir='ltr'>itaque</span> <span class='ocrx_word' id='word_1_252' title='bbox 1111 2485 1220 2550; x_wconf 90' lang='lat' dir='ltr'>Iacobi</span> <span class='ocrx_word' id='word_1_253' title='bbox 1243 2493 1375 2550; x_wconf 89' lang='lat' dir='ltr'>senten·</span> <span class='ocrx_word' id='word_1_254' title='bbox 1428 2484 1506 2549; x_wconf 92' lang='lat' dir='ltr'>dum</span> <span class='ocrx_word' id='word_1_255' title='bbox 1523 2493 1676 2568; x_wconf 93' lang='lat' dir='ltr'>concepto</span> <span class='ocrx_word' id='word_1_256' title='bbox 1689 2485 1838 2562; x_wconf 88' lang='lat' dir='ltr'>Ismaele,</span> <span class='ocrx_word' id='word_1_257' title='bbox 1859 2485 1916 2568; x_wconf 94' lang='lat' dir='ltr'>qui</span> <span class='ocrx_word' id='word_1_258' title='bbox 1937 2485 2003 2548; x_wconf 89' lang='lat' dir='ltr'>iam</span> <span class='ocrx_word' id='word_1_259' title='bbox 2024 2482 2210 2549; x_wconf 86' lang='lat' dir='ltr'>adoleverat</span> <span class='ocrx_word' id='word_1_260' title='bbox 2226 2492 2402 2567; x_wconf 90' lang='lat' dir='ltr'>autequam</span> 
     </span>
     <span class='ocr_line' id='line_1_21' title="bbox 396 2568 2400 2656; baseline 0.002 -25"><span class='ocrx_word' id='word_1_261' title='bbox 396 2569 486 2645; x_wconf 88' lang='lat' dir='ltr'>tiam,</span> <span class='ocrx_word' id='word_1_262' title='bbox 509 2590 607 2650; x_wconf 89' lang='lat' dir='ltr'>quam</span> <span class='ocrx_word' id='word_1_263' title='bbox 627 2568 756 2633; x_wconf 88' lang='lat' dir='ltr'>assidue</span> <span class='ocrx_word' id='word_1_264' title='bbox 779 2577 933 2651; x_wconf 89' lang='lat' dir='ltr'>tanquam</span> <span class='ocrx_word' id='word_1_265' title='bbox 947 2570 1088 2635; x_wconf 87' lang='lat' dir='ltr'>Achillis</span> <span class='ocrx_word' id='word_1_266' title='bbox 1109 2571 1259 2656; x_wconf 82' lang='lat' dir='ltr'>clypeum</span> <span class='ocrx_word' id='word_1_267' title='bbox 1281 2570 1374 2636; x_wconf 91' lang='lat' dir='ltr'>nobis</span> <span class='ocrx_word' id='word_1_268' title='bbox 1425 2569 1519 2635; x_wconf 89' lang='lat' dir='ltr'>Isaac</span> <span class='ocrx_word' id='word_1_269' title='bbox 1539 2578 1739 2648; x_wconf 89' lang='lat' dir='ltr'>nasceretur,</span> <span class='ocrx_word' id='word_1_270' title='bbox 1761 2569 1826 2635; x_wconf 89' lang='lat' dir='ltr'>fide</span> <span class='ocrx_word' id='word_1_271' title='bbox 1847 2591 1907 2635; x_wconf 90' lang='lat' dir='ltr'>aua</span> <span class='ocrx_word' id='word_1_272' title='bbox 1927 2570 2122 2635; x_wconf 83' lang='lat' dir='ltr'>iustificatus</span> <span class='ocrx_word' id='word_1_273' title='bbox 2142 2569 2204 2633; x_wconf 86' lang='lat' dir='ltr'>fuit</span> <span class='ocrx_word' id='word_1_274' title='bbox 2222 2570 2400 2635; x_wconf 82' lang='lat' dir='ltr'>Abraham.</span> 
     </span>
     <span class='ocr_line' id='line_1_22' title="bbox 395 2644 2402 2739; baseline 0.001 -22"><span class='ocrx_word' id='word_1_275' title='bbox 395 2653 592 2730; x_wconf 90' lang='lat' dir='ltr'>obtendunt,</span> <span class='ocrx_word' id='word_1_276' title='bbox 626 2654 691 2717; x_wconf 91' lang='lat' dir='ltr'>illis</span> <span class='ocrx_word' id='word_1_277' title='bbox 726 2655 776 2718; x_wconf 88' lang='lat' dir='ltr'>vel</span> <span class='ocrx_word' id='word_1_278' title='bbox 808 2653 973 2719; x_wconf 89' lang='lat' dir='ltr'>tantillum</span> <span class='ocrx_word' id='word_1_279' title='bbox 1007 2656 1189 2738; x_wconf 85' lang='lat' dir='ltr'>suffragari.</span> <span class='ocrx_word' id='word_1_280' title='bbox 1235 2644 1279 2721; x_wconf 84' lang='grc'>11</span> <span class='ocrx_word' id='word_1_281' title='bbox 1308 2677 1373 2739; x_wconf 92' lang='grc'>000</span> <span class='ocrx_word' id='word_1_282' title='bbox 1427 2654 1596 2736; x_wconf 79' lang='lat' dir='ltr'>Quomodo</span> <span class='ocrx_word' id='word_1_283' title='bbox 1613 2656 1715 2738; x_wconf 82' lang='lat' dir='ltr'>igitur</span> <span class='ocrx_word' id='word_1_284' title='bbox 1732 2655 1878 2738; x_wconf 88' lang='lat' dir='ltr'>dicemus</span> <span class='ocrx_word' id='word_1_285' title='bbox 1901 2654 2084 2720; x_wconf 88' lang='lat' dir='ltr'>obedientia</span> <span class='ocrx_word' id='word_1_286' title='bbox 2102 2654 2159 2719; x_wconf 93' lang='lat' dir='ltr'>diu</span> <span class='ocrx_word' id='word_1_287' title='bbox 2175 2662 2250 2737; x_wconf 90' lang='lat' dir='ltr'>post</span> <span class='ocrx_word' id='word_1_288' title='bbox 2265 2664 2402 2738; x_wconf 90' lang='lat' dir='ltr'>sequuta</span> 
     </span>
     <span class='ocr_line' id='line_1_23' title="bbox 395 2738 2397 2825; baseline 0.001 -23"><span class='ocrx_word' id='word_1_289' title='bbox 395 2739 533 2820; x_wconf 88' lang='lat' dir='ltr'>planum</span> <span class='ocrx_word' id='word_1_290' title='bbox 549 2740 616 2819; x_wconf 90' lang='lat' dir='ltr'>fiat,</span> <span class='ocrx_word' id='word_1_291' title='bbox 638 2738 816 2804; x_wconf 91' lang='lat' dir='ltr'>intuendus</span> <span class='ocrx_word' id='word_1_292' title='bbox 861 2740 982 2805; x_wconf 87' lang='lat' dir='ltr'>rimum</span> <span class='ocrx_word' id='word_1_293' title='bbox 1005 2742 1068 2804; x_wconf 88' lang='lat' dir='ltr'>erit</span> <span class='ocrx_word' id='word_1_294' title='bbox 1089 2742 1223 2824; x_wconf 91' lang='lat' dir='ltr'>apostoli</span> <span class='ocrx_word' id='word_1_295' title='bbox 1243 2763 1372 2825; x_wconf 83' lang='lat' dir='ltr'>scopus3</span> <span class='ocrx_word' id='word_1_296' title='bbox 1425 2740 1584 2805; x_wconf 90' lang='lat' dir='ltr'>iustitiam</span> <span class='ocrx_word' id='word_1_297' title='bbox 1617 2739 1678 2806; x_wconf 88' lang='lat' dir='ltr'>sibi</span> <span class='ocrx_word' id='word_1_298' title='bbox 1711 2739 1937 2824; x_wconf 80' lang='lat' dir='ltr'>comparasse?</span> <span class='ocrx_word' id='word_1_299' title='bbox 1987 2739 2100 2821; x_wconf 79' lang='lat' dir='ltr'>Quare</span> <span class='ocrx_word' id='word_1_300' title='bbox 2138 2749 2196 2803; x_wconf 90' lang='lat' dir='ltr'>aut</span> <span class='ocrx_word' id='word_1_301' title='bbox 2226 2762 2397 2823; x_wconf 86' lang='lat' dir='ltr'>perperam</span> 
     </span>
     <span class='ocr_line' id='line_1_24' title="bbox 397 2761 2397 2909; baseline 0.002 -22"><span class='ocrx_word' id='word_1_302' title='bbox 397 2821 514 2888; x_wconf 89' lang='lat' dir='ltr'>deinde</span> <span class='ocrx_word' id='word_1_303' title='bbox 547 2824 786 2889; x_wconf 85' lang='lat' dir='ltr'>observandum</span> <span class='ocrx_word' id='word_1_304' title='bbox 819 2761 874 2889; x_wconf 77' lang='lat' dir='ltr'>ubi</span> <span class='ocrx_word' id='word_1_305' title='bbox 907 2825 1158 2891; x_wconf 69' lang='lat' dir='ltr'>hallucinantur.</span> <span class='ocrx_word' id='word_1_306' title='bbox 1207 2826 1372 2908; x_wconf 79' lang='lat' dir='ltr'>Quoniam</span> <span class='ocrx_word' id='word_1_307' title='bbox 1425 2826 1572 2891; x_wconf 89' lang='lat' dir='ltr'>ordinem</span> <span class='ocrx_word' id='word_1_308' title='bbox 1599 2827 1736 2891; x_wconf 81' lang='lat' dir='ltr'>invertit</span> <span class='ocrx_word' id='word_1_309' title='bbox 1756 2826 1895 2891; x_wconf 88' lang='lat' dir='ltr'>Iacobus</span> <span class='ocrx_word' id='word_1_310' title='bbox 1925 2825 2026 2909; x_wconf 89' lang='lat' dir='ltr'>(quod</span> <span class='ocrx_word' id='word_1_311' title='bbox 2053 2825 2195 2908; x_wconf 87' lang='lat' dir='ltr'>cogitare</span> <span class='ocrx_word' id='word_1_312' title='bbox 2221 2834 2270 2890; x_wconf 91' lang='lat' dir='ltr'>est</span> <span class='ocrx_word' id='word_1_313' title='bbox 2291 2827 2397 2909; x_wconf 89' lang='lat' dir='ltr'>nefas)</span> 
     </span>
     <span class='ocr_line' id='line_1_25' title="bbox 395 2909 2398 2997; baseline 0 -25"><span class='ocrx_word' id='word_1_314' title='bbox 395 2916 467 2972; x_wconf 88' lang='lat' dir='ltr'>tum</span> <span class='ocrx_word' id='word_1_315' title='bbox 490 2920 584 2973; x_wconf 90' lang='lat' dir='ltr'>crant</span> <span class='ocrx_word' id='word_1_316' title='bbox 605 2911 751 2992; x_wconf 89' lang='lat' dir='ltr'>plerique</span> <span class='ocrx_word' id='word_1_317' title='bbox 774 2909 877 2992; x_wconf 91' lang='lat' dir='ltr'>(quod</span> <span class='ocrx_word' id='word_1_318' title='bbox 898 2910 1021 2974; x_wconf 90' lang='lat' dir='ltr'>malum</span> <span class='ocrx_word' id='word_1_319' title='bbox 1043 2913 1077 2975; x_wconf 92' lang='lat' dir='ltr'>in</span> <span class='ocrx_word' id='word_1_320' title='bbox 1100 2913 1236 2978; x_wconf 88' lang='lat' dir='ltr'>ecclesia</span> <span class='ocrx_word' id='word_1_321' title='bbox 1257 2935 1372 2997; x_wconf 89' lang='lat' dir='ltr'>perpe·</span> <span class='ocrx_word' id='word_1_322' title='bbox 1425 2919 1483 2977; x_wconf 89' lang='lat' dir='ltr'>aut</span> <span class='ocrx_word' id='word_1_323' title='bbox 1503 2912 1717 2977; x_wconf 86' lang='lat' dir='ltr'>iustificatum</span> <span class='ocrx_word' id='word_1_324' title='bbox 1740 2912 1845 2976; x_wconf 90' lang='lat' dir='ltr'>noluit</span> <span class='ocrx_word' id='word_1_325' title='bbox 1865 2910 1989 2990; x_wconf 90' lang='lat' dir='ltr'>dicere,</span> <span class='ocrx_word' id='word_1_326' title='bbox 2018 2912 2111 2994; x_wconf 91' lang='lat' dir='ltr'>quasi</span> <span class='ocrx_word' id='word_1_327' title='bbox 2154 2912 2328 2974; x_wconf 91' lang='lat' dir='ltr'>romeritus</span> <span class='ocrx_word' id='word_1_328' title='bbox 2355 2913 2398 2974; x_wconf 93' lang='lat' dir='ltr'>sit</span> 
     </span>
     <span class='ocr_line' id='line_1_26' title="bbox 394 2932 2396 3080; baseline 0 -22"><span class='ocrx_word' id='word_1_329' title='bbox 394 3000 492 3058; x_wconf 92' lang='lat' dir='ltr'>tuum</span> <span class='ocrx_word' id='word_1_330' title='bbox 515 3016 584 3060; x_wconf 91' lang='lat' dir='ltr'>esse</span> <span class='ocrx_word' id='word_1_331' title='bbox 605 2995 715 3078; x_wconf 89' lang='grc'><strong>00101),</strong></span> <span class='ocrx_word' id='word_1_332' title='bbox 744 2996 800 3076; x_wconf 89' lang='grc'>001</span> <span class='ocrx_word' id='word_1_333' title='bbox 827 2996 1053 3062; x_wconf 87' lang='lat' dir='ltr'>infidelitatem</span> <span class='ocrx_word' id='word_1_334' title='bbox 1080 3020 1173 3063; x_wconf 89' lang='lat' dir='ltr'>suam</span> <span class='ocrx_word' id='word_1_335' title='bbox 1200 3001 1372 3065; x_wconf 88' lang='lat' dir='ltr'>manifeste</span> <span class='ocrx_word' id='word_1_336' title='bbox 1424 3005 1462 3062; x_wconf 93' lang='lat' dir='ltr'>ut</span> <span class='ocrx_word' id='word_1_337' title='bbox 1485 2997 1594 3062; x_wconf 91' lang='lat' dir='ltr'>iustus</span> <span class='ocrx_word' id='word_1_338' title='bbox 1620 3005 1816 3063; x_wconf 88' lang='lat' dir='ltr'>censeretur.</span> <span class='ocrx_word' id='word_1_339' title='bbox 1862 2995 1951 3077; x_wconf 78' lang='lat' dir='ltr'>Quid</span> <span class='ocrx_word' id='word_1_340' title='bbox 1978 2996 2078 3080; x_wconf 85' lang='lat' dir='ltr'>ergo?</span> <span class='ocrx_word' id='word_1_341' title='bbox 2123 2932 2396 3061; x_wconf 75' lang='grc'><strong>1011010000-</strong></span> 
     </span>
     <span class='ocr_line' id='line_1_27' title="bbox 394 3079 2397 3169; baseline 0 -25"><span class='ocrx_word' id='word_1_342' title='bbox 394 3079 592 3164; x_wconf 88' lang='lat' dir='ltr'>prodebant,</span> <span class='ocrx_word' id='word_1_343' title='bbox 616 3101 831 3163; x_wconf 91' lang='lat' dir='ltr'>quaecunque</span> <span class='ocrx_word' id='word_1_344' title='bbox 851 3082 983 3164; x_wconf 90' lang='lat' dir='ltr'>propria</span> <span class='ocrx_word' id='word_1_345' title='bbox 1005 3093 1086 3147; x_wconf 90' lang='lat' dir='ltr'>aunt</span> <span class='ocrx_word' id='word_1_346' title='bbox 1105 3083 1252 3149; x_wconf 90' lang='lat' dir='ltr'>fidelium</span> <span class='ocrx_word' id='word_1_347' title='bbox 1274 3107 1373 3169; x_wconf 89' lang='lat' dir='ltr'>opera</span> <span class='ocrx_word' id='word_1_348' title='bbox 1425 3084 1489 3148; x_wconf 91' lang='lat' dir='ltr'>tiae</span> <span class='ocrx_word' id='word_1_349' title='bbox 1511 3082 1746 3161; x_wconf 84' lang='lat' dir='ltr'>declaratione,</span> <span class='ocrx_word' id='word_1_350' title='bbox 1772 3104 1839 3147; x_wconf 91' lang='lat' dir='ltr'>non</span> <span class='ocrx_word' id='word_1_351' title='bbox 1857 3089 1965 3148; x_wconf 88' lang='lat' dir='ltr'>autem</span> <span class='ocrx_word' id='word_1_352' title='bbox 1986 3083 2199 3164; x_wconf 90' lang='lat' dir='ltr'>imputatione</span> <span class='ocrx_word' id='word_1_353' title='bbox 2220 3081 2330 3163; x_wconf 92' lang='lat' dir='ltr'>ipsum</span> <span class='ocrx_word' id='word_1_354' title='bbox 2349 3081 2397 3145; x_wconf 91' lang='grc'>10-</span> 
     </span>
     <span class='ocr_line' id='line_1_28' title="bbox 393 3164 2396 3252; baseline 0 -23"><span class='ocrx_word' id='word_1_355' title='bbox 393 3164 589 3249; x_wconf 86' lang='lat' dir='ltr'>negligendo</span> <span class='ocrx_word' id='word_1_356' title='bbox 617 3186 660 3230; x_wconf 86' lang='lat' dir='ltr'>ae</span> <span class='ocrx_word' id='word_1_357' title='bbox 678 3166 871 3242; x_wconf 83' lang='lat' dir='ltr'>omittendo,</span> <span class='ocrx_word' id='word_1_358' title='bbox 901 3167 982 3233; x_wconf 84' lang='lat' dir='ltr'>falso</span> <span class='ocrx_word' id='word_1_359' title='bbox 1010 3175 1120 3234; x_wconf 88' lang='lat' dir='ltr'>tamen</span> <span class='ocrx_word' id='word_1_360' title='bbox 1141 3170 1217 3234; x_wconf 90' lang='lat' dir='ltr'>fidei</span> <span class='ocrx_word' id='word_1_361' title='bbox 1240 3173 1372 3237; x_wconf 93' lang='lat' dir='ltr'>nomine</span> <span class='ocrx_word' id='word_1_362' title='bbox 1424 3170 1479 3252; x_wconf 90' lang='lat' dir='ltr'>qui</span> <span class='ocrx_word' id='word_1_363' title='bbox 1502 3175 1651 3252; x_wconf 88' lang='lat' dir='ltr'>apparet,</span> <span class='ocrx_word' id='word_1_364' title='bbox 1673 3191 1711 3234; x_wconf 91' lang='lat' dir='ltr'>ac</span> <span class='ocrx_word' id='word_1_365' title='bbox 1733 3168 1761 3232; x_wconf 90' lang='lat' dir='ltr'>si</span> <span class='ocrx_word' id='word_1_366' title='bbox 1782 3166 1918 3233; x_wconf 89' lang='lat' dir='ltr'>diceret:</span> <span class='ocrx_word' id='word_1_367' title='bbox 1947 3169 2003 3251; x_wconf 89' lang='lat' dir='ltr'>qui</span> <span class='ocrx_word' id='word_1_368' title='bbox 2023 3189 2102 3233; x_wconf 86' lang='lat' dir='ltr'>vera</span> <span class='ocrx_word' id='word_1_369' title='bbox 2124 3165 2189 3232; x_wconf 88' lang='lat' dir='ltr'>fide</span> <span class='ocrx_word' id='word_1_370' title='bbox 2210 3167 2288 3230; x_wconf 89' lang='lat' dir='ltr'>iusti</span> <span class='ocrx_word' id='word_1_371' title='bbox 2311 3176 2396 3243; x_wconf 91' lang='lat' dir='ltr'>sunt,</span> 
     </span>
     <span class='ocr_line' id='line_1_29' title="bbox 416 3249 2398 3337; baseline 0.001 -22"><span class='ocrx_word' id='word_1_372' title='bbox 416 3251 527 3316; x_wconf 92' lang='lat' dir='ltr'>loriari</span> <span class='ocrx_word' id='word_1_373' title='bbox 556 3273 621 3316; x_wconf 91' lang='lat' dir='ltr'>non</span> <span class='ocrx_word' id='word_1_374' title='bbox 649 3249 855 3329; x_wconf 87' lang='lat' dir='ltr'>desinebant,</span> <span class='ocrx_word' id='word_1_375' title='bbox 890 3253 1041 3318; x_wconf 89' lang='lat' dir='ltr'>stolidam</span> <span class='ocrx_word' id='word_1_376' title='bbox 1073 3255 1189 3319; x_wconf 87' lang='lat' dir='ltr'>talium</span> <span class='ocrx_word' id='word_1_377' title='bbox 1216 3255 1372 3322; x_wconf 87' lang='lat' dir='ltr'>fiduciam</span> <span class='ocrx_word' id='word_1_378' title='bbox 1423 3255 1449 3318; x_wconf 93' lang='lat' dir='ltr'>ii</span> <span class='ocrx_word' id='word_1_379' title='bbox 1468 3276 1561 3319; x_wconf 91' lang='lat' dir='ltr'>suam</span> <span class='ocrx_word' id='word_1_380' title='bbox 1583 3254 1743 3319; x_wconf 89' lang='lat' dir='ltr'>iustitiam</span> <span class='ocrx_word' id='word_1_381' title='bbox 1765 3253 1949 3319; x_wconf 89' lang='lat' dir='ltr'>obedientia</span> <span class='ocrx_word' id='word_1_382' title='bbox 1969 3249 2126 3336; x_wconf 89' lang='lat' dir='ltr'>bonisque</span> <span class='ocrx_word' id='word_1_383' title='bbox 2150 3253 2302 3337; x_wconf 91' lang='lat' dir='ltr'>operibus</span> <span class='ocrx_word' id='word_1_384' title='bbox 2323 3273 2398 3334; x_wconf 91' lang='grc'><strong>010-</strong></span> 
     </span>
     <span class='ocr_line' id='line_1_30' title="bbox 420 3335 2399 3424; baseline 0 -23"><span class='ocrx_word' id='word_1_385' title='bbox 420 3337 447 3401; x_wconf 84' lang='lat' dir='ltr'>&#39;e</span> <span class='ocrx_word' id='word_1_386' title='bbox 480 3337 583 3402; x_wconf 91' lang='lat' dir='ltr'>eludit</span> <span class='ocrx_word' id='word_1_387' title='bbox 610 3335 757 3403; x_wconf 89' lang='lat' dir='ltr'>Iacobus.</span> <span class='ocrx_word' id='word_1_388' title='bbox 801 3339 878 3403; x_wconf 90' lang='lat' dir='ltr'>Non</span> <span class='ocrx_word' id='word_1_389' title='bbox 906 3347 957 3404; x_wconf 90' lang='lat' dir='ltr'>est</span> <span class='ocrx_word' id='word_1_390' title='bbox 982 3360 1061 3424; x_wconf 86' lang='lat' dir='ltr'>ergo</span> <span class='ocrx_word' id='word_1_391' title='bbox 1090 3340 1138 3404; x_wconf 87' lang='lat' dir='ltr'>illi</span> <span class='ocrx_word' id='word_1_392' title='bbox 1166 3363 1225 3424; x_wconf 87' lang='lat' dir='ltr'>pro</span> <span class='ocrx_word' id='word_1_393' title='bbox 1250 3343 1371 3407; x_wconf 89' lang='lat' dir='ltr'>ositum</span> <span class='ocrx_word' id='word_1_394' title='bbox 1424 3341 1512 3418; x_wconf 90' lang='lat' dir='ltr'>bant,</span> <span class='ocrx_word' id='word_1_395' title='bbox 1535 3360 1601 3404; x_wconf 91' lang='lat' dir='ltr'>non</span> <span class='ocrx_word' id='word_1_396' title='bbox 1623 3339 1712 3417; x_wconf 90' lang='lat' dir='ltr'>nuda</span> <span class='ocrx_word' id='word_1_397' title='bbox 1733 3345 1766 3404; x_wconf 91' lang='lat' dir='ltr'>et</span> <span class='ocrx_word' id='word_1_398' title='bbox 1787 3339 1984 3422; x_wconf 89' lang='lat' dir='ltr'>imaginaria</span> <span class='ocrx_word' id='word_1_399' title='bbox 2003 3338 2079 3404; x_wconf 91' lang='lat' dir='ltr'>fidei</span> <span class='ocrx_word' id='word_1_400' title='bbox 2100 3339 2202 3404; x_wconf 85' lang='lat' dir='ltr'>larva.</span> <span class='ocrx_word' id='word_1_401' title='bbox 2246 3338 2288 3402; x_wconf 94' lang='lat' dir='ltr'>In</span> <span class='ocrx_word' id='word_1_402' title='bbox 2309 3360 2399 3402; x_wconf 92' lang='lat' dir='ltr'>sum-</span> 
     </span>
     <span class='ocr_line' id='line_1_31' title="bbox 393 3423 2398 3508; baseline 0.001 -22"><span class='ocrx_word' id='word_1_403' title='bbox 393 3444 490 3487; x_wconf 87' lang='lat' dir='ltr'>verae</span> <span class='ocrx_word' id='word_1_404' title='bbox 521 3423 597 3487; x_wconf 91' lang='lat' dir='ltr'>fidei</span> <span class='ocrx_word' id='word_1_405' title='bbox 619 3424 687 3487; x_wconf 86' lang='lat' dir='ltr'>vim</span> <span class='ocrx_word' id='word_1_406' title='bbox 715 3423 784 3487; x_wconf 87' lang='lat' dir='ltr'>ulla</span> <span class='ocrx_word' id='word_1_407' title='bbox 806 3432 963 3508; x_wconf 83' lang='lat' dir='ltr'>exparte</span> <span class='ocrx_word' id='word_1_408' title='bbox 985 3423 1147 3506; x_wconf 87' lang='lat' dir='ltr'>deterere,</span> <span class='ocrx_word' id='word_1_409' title='bbox 1177 3450 1192 3492; x_wconf 92' lang='lat' dir='ltr'>s</span> <span class='ocrx_word' id='word_1_410' title='bbox 1261 3437 1370 3492; x_wconf 88' lang='lat' dir='ltr'>osten·</span> <span class='ocrx_word' id='word_1_411' title='bbox 1424 3446 1492 3504; x_wconf 92' lang='lat' dir='ltr'>ma,</span> <span class='ocrx_word' id='word_1_412' title='bbox 1522 3447 1589 3491; x_wconf 91' lang='lat' dir='ltr'>non</span> <span class='ocrx_word' id='word_1_413' title='bbox 1611 3424 1759 3508; x_wconf 87' lang='lat' dir='ltr'>disputat</span> <span class='ocrx_word' id='word_1_414' title='bbox 1780 3446 1845 3508; x_wconf 87' lang='lat' dir='ltr'>qua</span> <span class='ocrx_word' id='word_1_415' title='bbox 1861 3425 1988 3490; x_wconf 89' lang='lat' dir='ltr'>ratione</span> <span class='ocrx_word' id='word_1_416' title='bbox 2009 3425 2240 3504; x_wconf 89' lang='lat' dir='ltr'>iustificcmur;</span> <span class='ocrx_word' id='word_1_417' title='bbox 2269 3425 2326 3489; x_wconf 91' lang='lat' dir='ltr'>sed</span> <span class='ocrx_word' id='word_1_418' title='bbox 2348 3425 2398 3488; x_wconf 90' lang='lat' dir='ltr'>iu-</span> 
     </span>
     <span class='ocr_line' id='line_1_32' title="bbox 393 3506 2398 3598; baseline 0.001 -27"><span class='ocrx_word' id='word_1_419' title='bbox 393 3506 470 3572; x_wconf 84' lang='grc'><strong>1010</strong></span> <span class='ocrx_word' id='word_1_420' title='bbox 492 3529 590 3591; x_wconf 92' lang='lat' dir='ltr'>quam</span> <span class='ocrx_word' id='word_1_421' title='bbox 606 3510 716 3591; x_wconf 87' lang='lat' dir='ltr'>inepte</span> <span class='ocrx_word' id='word_1_422' title='bbox 734 3517 910 3593; x_wconf 85' lang='lat' dir='ltr'>nugatores</span> <span class='ocrx_word' id='word_1_423' title='bbox 931 3511 987 3574; x_wconf 90' lang='lat' dir='ltr'>isti</span> <span class='ocrx_word' id='word_1_424' title='bbox 1005 3533 1129 3577; x_wconf 78' lang='lat' dir='ltr'>vacuae</span> <span class='ocrx_word' id='word_1_425' title='bbox 1146 3514 1217 3578; x_wconf 90' lang='lat' dir='ltr'>eius</span> <span class='ocrx_word' id='word_1_426' title='bbox 1234 3515 1371 3598; x_wconf 81' lang='lat' dir='ltr'>imagini</span> <span class='ocrx_word' id='word_1_427' title='bbox 1423 3513 1547 3576; x_wconf 88' lang='lat' dir='ltr'>stitiam</span> <span class='ocrx_word' id='word_1_428' title='bbox 1574 3511 1788 3594; x_wconf 86' lang='lat' dir='ltr'>operatricem</span> <span class='ocrx_word' id='word_1_429' title='bbox 1816 3510 2005 3576; x_wconf 87' lang='lat' dir='ltr'>afidelibus</span> <span class='ocrx_word' id='word_1_430' title='bbox 2026 3511 2172 3594; x_wconf 89' lang='lat' dir='ltr'>requirit.</span> <span class='ocrx_word' id='word_1_431' title='bbox 2216 3511 2263 3575; x_wconf 83' lang='lat' dir='ltr'>Et</span> <span class='ocrx_word' id='word_1_432' title='bbox 2285 3531 2398 3592; x_wconf 88' lang='lat' dir='ltr'>quem-</span> 
     </span>
     <span class='ocr_line' id='line_1_33' title="bbox 393 3595 2397 3680; baseline 0 -23"><span class='ocrx_word' id='word_1_433' title='bbox 393 3599 523 3657; x_wconf 90' lang='lat' dir='ltr'>tantum</span> <span class='ocrx_word' id='word_1_434' title='bbox 540 3605 739 3678; x_wconf 82' lang='lat' dir='ltr'>arrogarent,</span> <span class='ocrx_word' id='word_1_435' title='bbox 759 3603 796 3658; x_wconf 91' lang='grc'>01</span> <span class='ocrx_word' id='word_1_436' title='bbox 812 3595 875 3660; x_wconf 91' lang='lat' dir='ltr'>hac</span> <span class='ocrx_word' id='word_1_437' title='bbox 892 3599 1036 3662; x_wconf 90' lang='lat' dir='ltr'>contenti</span> <span class='ocrx_word' id='word_1_438' title='bbox 1054 3619 1167 3663; x_wconf 89' lang='lat' dir='ltr'>secure</span> <span class='ocrx_word' id='word_1_439' title='bbox 1183 3598 1371 3664; x_wconf 88' lang='lat' dir='ltr'>diffluerent</span> <span class='ocrx_word' id='word_1_440' title='bbox 1423 3596 1600 3662; x_wconf 90' lang='lat' dir='ltr'>admodum</span> <span class='ocrx_word' id='word_1_441' title='bbox 1620 3597 1746 3663; x_wconf 87' lang='lat' dir='ltr'>Paulus</span> <span class='ocrx_word' id='word_1_442' title='bbox 1772 3597 1855 3662; x_wconf 89' lang='lat' dir='ltr'>citra</span> <span class='ocrx_word' id='word_1_443' title='bbox 1882 3615 2016 3680; x_wconf 89' lang='lat' dir='ltr'>operum</span> <span class='ocrx_word' id='word_1_444' title='bbox 2041 3596 2277 3661; x_wconf 89' lang='lat' dir='ltr'>adminiculum</span> <span class='ocrx_word' id='word_1_445' title='bbox 2304 3597 2397 3660; x_wconf 91' lang='lat' dir='ltr'>iusti-</span> 
     </span>
     <span class='ocr_line' id='line_1_34' title="bbox 391 3679 2394 3768; baseline 0.001 -26"><span class='ocrx_word' id='word_1_446' title='bbox 391 3679 429 3742; x_wconf 90' lang='lat' dir='ltr'>in</span> <span class='ocrx_word' id='word_1_447' title='bbox 451 3698 582 3743; x_wconf 91' lang='lat' dir='ltr'>omnem</span> <span class='ocrx_word' id='word_1_448' title='bbox 604 3680 762 3744; x_wconf 83' lang='lat' dir='ltr'>vitiorum</span> <span class='ocrx_word' id='word_1_449' title='bbox 783 3680 957 3746; x_wconf 91' lang='lat' dir='ltr'>licentiam.</span> <span class='ocrx_word' id='word_1_450' title='bbox 1001 3683 1076 3747; x_wconf 91' lang='lat' dir='ltr'>Hoc</span> <span class='ocrx_word' id='word_1_451' title='bbox 1097 3691 1184 3748; x_wconf 90' lang='lat' dir='ltr'>statu</span> <span class='ocrx_word' id='word_1_452' title='bbox 1207 3692 1368 3768; x_wconf 89' lang='lat' dir='ltr'>concepto,</span> <span class='ocrx_word' id='word_1_453' title='bbox 1422 3684 1512 3748; x_wconf 91' lang='lat' dir='ltr'>ficari</span> <span class='ocrx_word' id='word_1_454' title='bbox 1539 3683 1720 3760; x_wconf 87' lang='lat' dir='ltr'>contendit,</span> <span class='ocrx_word' id='word_1_455' title='bbox 1748 3684 1795 3747; x_wconf 84' lang='lat' dir='ltr'>ita</span> <span class='ocrx_word' id='word_1_456' title='bbox 1822 3683 1877 3747; x_wconf 89' lang='lat' dir='ltr'>hic</span> <span class='ocrx_word' id='word_1_457' title='bbox 1903 3683 2006 3747; x_wconf 89' lang='lat' dir='ltr'>iustos</span> <span class='ocrx_word' id='word_1_458' title='bbox 2027 3681 2142 3747; x_wconf 90' lang='lat' dir='ltr'>haberi</span> <span class='ocrx_word' id='word_1_459' title='bbox 2169 3703 2234 3746; x_wconf 91' lang='lat' dir='ltr'>non</span> <span class='ocrx_word' id='word_1_460' title='bbox 2260 3683 2394 3764; x_wconf 91' lang='lat' dir='ltr'>patitur,</span> 
     </span>
     <span class='ocr_line' id='line_1_35' title="bbox 393 3763 2393 3852; baseline 0.003 -25"><span class='ocrx_word' id='word_1_461' title='bbox 393 3763 487 3828; x_wconf 85' lang='lat' dir='ltr'>facile</span> <span class='ocrx_word' id='word_1_462' title='bbox 515 3765 579 3828; x_wconf 89' lang='lat' dir='ltr'>erit</span> <span class='ocrx_word' id='word_1_463' title='bbox 600 3765 861 3832; x_wconf 85' lang='lat' dir='ltr'>animadvertere</span> <span class='ocrx_word' id='word_1_464' title='bbox 883 3768 940 3834; x_wconf 91' lang='lat' dir='ltr'>ubi</span> <span class='ocrx_word' id='word_1_465' title='bbox 960 3777 1096 3852; x_wconf 92' lang='lat' dir='ltr'>peccent</span> <span class='ocrx_word' id='word_1_466' title='bbox 1122 3771 1225 3834; x_wconf 87' lang='lat' dir='ltr'>nostri</span> <span class='ocrx_word' id='word_1_467' title='bbox 1253 3770 1369 3836; x_wconf 86' lang='lat' dir='ltr'>adver·</span> <span class='ocrx_word' id='word_1_468' title='bbox 1422 3770 1477 3851; x_wconf 91' lang='lat' dir='ltr'>qui</span> <span class='ocrx_word' id='word_1_469' title='bbox 1504 3769 1596 3834; x_wconf 91' lang='lat' dir='ltr'>bonis</span> <span class='ocrx_word' id='word_1_470' title='bbox 1623 3777 1757 3834; x_wconf 89' lang='lat' dir='ltr'>careant</span> <span class='ocrx_word' id='word_1_471' title='bbox 1784 3768 1944 3852; x_wconf 87' lang='lat' dir='ltr'>operibus.</span> <span class='ocrx_word' id='word_1_472' title='bbox 1995 3768 2103 3832; x_wconf 89' lang='lat' dir='ltr'>Huius</span> <span class='ocrx_word' id='word_1_473' title='bbox 2130 3769 2219 3851; x_wconf 87' lang='lat' dir='ltr'>scopi</span> <span class='ocrx_word' id='word_1_474' title='bbox 2246 3768 2393 3834; x_wconf 90' lang='lat' dir='ltr'>conside-</span> 
     </span>
     <span class='ocr_line' id='line_1_36' title="bbox 393 3849 2392 3939; baseline 0.002 -25"><span class='ocrx_word' id='word_1_475' title='bbox 393 3849 480 3914; x_wconf 80' lang='grc'><strong>011111.</strong></span> <span class='ocrx_word' id='word_1_476' title='bbox 531 3849 687 3916; x_wconf 90' lang='lat' dir='ltr'>Incidunt</span> <span class='ocrx_word' id='word_1_477' title='bbox 717 3852 806 3916; x_wconf 91' lang='lat' dir='ltr'>enim</span> <span class='ocrx_word' id='word_1_478' title='bbox 837 3854 872 3918; x_wconf 83' lang='lat' dir='ltr'>ia</span> <span class='ocrx_word' id='word_1_479' title='bbox 902 3852 1065 3937; x_wconf 90' lang='lat' dir='ltr'>duplicem</span> <span class='ocrx_word' id='word_1_480' title='bbox 1097 3855 1367 3939; x_wconf 76' lang='lat' dir='ltr'>paralogismum:</span> <span class='ocrx_word' id='word_1_481' title='bbox 1420 3855 1506 3921; x_wconf 90' lang='lat' dir='ltr'>ratio</span> <span class='ocrx_word' id='word_1_482' title='bbox 1527 3877 1586 3919; x_wconf 91' lang='grc'>000</span> <span class='ocrx_word' id='word_1_483' title='bbox 1607 3855 1697 3919; x_wconf 91' lang='lat' dir='ltr'>omni</span> <span class='ocrx_word' id='word_1_484' title='bbox 1718 3853 1871 3937; x_wconf 85' lang='lat' dir='ltr'>scrupulo</span> <span class='ocrx_word' id='word_1_485' title='bbox 1890 3852 2075 3933; x_wconf 86' lang='lat' dir='ltr'>extricabit;</span> <span class='ocrx_word' id='word_1_486' title='bbox 2098 3873 2177 3918; x_wconf 86' lang='lat' dir='ltr'>nam</span> <span class='ocrx_word' id='word_1_487' title='bbox 2198 3853 2275 3919; x_wconf 90' lang='lat' dir='ltr'>hine</span> <span class='ocrx_word' id='word_1_488' title='bbox 2297 3875 2392 3936; x_wconf 89' lang='lat' dir='ltr'>prac-</span> 
     </span>
     <span class='ocr_line' id='line_1_37' title="bbox 394 3933 2392 4025; baseline 0.004 -28"><span class='ocrx_word' id='word_1_489' title='bbox 394 3933 534 3999; x_wconf 90' lang='lat' dir='ltr'>alterum</span> <span class='ocrx_word' id='word_1_490' title='bbox 560 3937 595 3999; x_wconf 91' lang='lat' dir='ltr'>in</span> <span class='ocrx_word' id='word_1_491' title='bbox 622 3936 699 4001; x_wconf 89' lang='lat' dir='ltr'>fidei</span> <span class='ocrx_word' id='word_1_492' title='bbox 726 3938 899 4019; x_wconf 80' lang='lat' dir='ltr'>vocabulo,</span> <span class='ocrx_word' id='word_1_493' title='bbox 928 3940 1068 4005; x_wconf 87' lang='lat' dir='ltr'>alterum</span> <span class='ocrx_word' id='word_1_494' title='bbox 1094 3940 1135 4003; x_wconf 72' lang='lat' dir='ltr'>inv</span> <span class='ocrx_word' id='word_1_495' title='bbox 1156 3942 1252 4007; x_wconf 80' lang='lat' dir='ltr'>verbo</span> <span class='ocrx_word' id='word_1_496' title='bbox 1273 3943 1369 4008; x_wconf 89' lang='lat' dir='ltr'>iusti·</span> <span class='ocrx_word' id='word_1_497' title='bbox 1421 3943 1515 4025; x_wconf 91' lang='lat' dir='ltr'>cipue</span> <span class='ocrx_word' id='word_1_498' title='bbox 1535 3939 1696 4004; x_wconf 81' lang='lat' dir='ltr'>falluntur</span> <span class='ocrx_word' id='word_1_499' title='bbox 1717 3941 1819 4005; x_wconf 82' lang='lat' dir='ltr'>nostri</span> <span class='ocrx_word' id='word_1_500' title='bbox 1841 3938 2392 4021; x_wconf 86' lang='lat' dir='ltr'>adversarii,quodputant1aeo-</span> 
     </span>
     <span class='ocr_line' id='line_1_38' title="bbox 393 4019 2398 4109; baseline 0.002 -25"><span class='ocrx_word' id='word_1_501' title='bbox 393 4019 522 4084; x_wconf 89' lang='lat' dir='ltr'>ficandi.</span> <span class='ocrx_word' id='word_1_502' title='bbox 578 4019 675 4101; x_wconf 78' lang='lat' dir='ltr'>Quod</span> <span class='ocrx_word' id='word_1_503' title='bbox 713 4023 811 4088; x_wconf 90' lang='lat' dir='ltr'>fidem</span> <span class='ocrx_word' id='word_1_504' title='bbox 843 4027 991 4090; x_wconf 91' lang='lat' dir='ltr'>nominat</span> <span class='ocrx_word' id='word_1_505' title='bbox 1018 4026 1197 4109; x_wconf 87' lang='lat' dir='ltr'>apostolus,</span> <span class='ocrx_word' id='word_1_506' title='bbox 1234 4028 1369 4092; x_wconf 90' lang='lat' dir='ltr'>inanem</span> <span class='ocrx_word' id='word_1_507' title='bbox 1420 4029 1499 4094; x_wconf 93' lang='lat' dir='ltr'>bum</span> <span class='ocrx_word' id='word_1_508' title='bbox 1531 4025 1772 4092; x_wconf 89' lang='lat' dir='ltr'>iustificationis</span> <span class='ocrx_word' id='word_1_509' title='bbox 1804 4026 1965 4091; x_wconf 89' lang='lat' dir='ltr'>rationem</span> <span class='ocrx_word' id='word_1_510' title='bbox 1998 4023 2146 4105; x_wconf 90' lang='lat' dir='ltr'>definire;</span> <span class='ocrx_word' id='word_1_511' title='bbox 2177 4045 2280 4107; x_wconf 90' lang='lat' dir='ltr'>quum</span> <span class='ocrx_word' id='word_1_512' title='bbox 2313 4024 2398 4089; x_wconf 92' lang='lat' dir='ltr'>nihil</span> 
     </span>
     <span class='ocr_line' id='line_1_39' title="bbox 392 4105 2397 4195; baseline 0.002 -27"><span class='ocrx_word' id='word_1_513' title='bbox 392 4105 578 4188; x_wconf 90' lang='lat' dir='ltr'>opinionem</span> <span class='ocrx_word' id='word_1_514' title='bbox 604 4108 717 4189; x_wconf 89' lang='lat' dir='ltr'>procul</span> <span class='ocrx_word' id='word_1_515' title='bbox 745 4131 764 4172; x_wconf 91' lang='lat' dir='ltr'>a</span> <span class='ocrx_word' id='word_1_516' title='bbox 790 4108 866 4174; x_wconf 91' lang='lat' dir='ltr'>fidei</span> <span class='ocrx_word' id='word_1_517' title='bbox 888 4113 1025 4177; x_wconf 82' lang='lat' dir='ltr'>veritate</span> <span class='ocrx_word' id='word_1_518' title='bbox 1048 4110 1208 4191; x_wconf 86' lang='lat' dir='ltr'>dissitam,</span> <span class='ocrx_word' id='word_1_519' title='bbox 1239 4134 1368 4179; x_wconf 90' lang='lat' dir='ltr'>conces-</span> <span class='ocrx_word' id='word_1_520' title='bbox 1421 4112 1510 4177; x_wconf 89' lang='lat' dir='ltr'>aliud</span> <span class='ocrx_word' id='word_1_521' title='bbox 1532 4111 1678 4192; x_wconf 90' lang='lat' dir='ltr'>studeat,</span> <span class='ocrx_word' id='word_1_522' title='bbox 1708 4134 1807 4194; x_wconf 91' lang='lat' dir='ltr'>quam</span> <span class='ocrx_word' id='word_1_523' title='bbox 1828 4131 1965 4195; x_wconf 82' lang='lat' dir='ltr'>pravam</span> <span class='ocrx_word' id='word_1_524' title='bbox 1982 4131 2095 4176; x_wconf 90' lang='lat' dir='ltr'>eorum</span> <span class='ocrx_word' id='word_1_525' title='bbox 2117 4111 2324 4176; x_wconf 87' lang='lat' dir='ltr'>securitatem</span> <span class='ocrx_word' id='word_1_526' title='bbox 2347 4110 2397 4174; x_wconf 92' lang='lat' dir='ltr'>di-</span> 
     </span>
     <span class='ocr_line' id='line_1_40' title="bbox 391 4191 2397 4281; baseline 0.002 -27"><span class='ocrx_word' id='word_1_527' title='bbox 391 4191 492 4255; x_wconf 88' lang='lat' dir='ltr'>sionis</span> <span class='ocrx_word' id='word_1_528' title='bbox 514 4200 564 4256; x_wconf 90' lang='lat' dir='ltr'>est</span> <span class='ocrx_word' id='word_1_529' title='bbox 585 4213 665 4274; x_wconf 80' lang='grc'><strong>0100</strong></span> <span class='ocrx_word' id='word_1_530' title='bbox 684 4193 767 4258; x_wconf 83' lang='grc'><strong>1111111</strong></span> <span class='ocrx_word' id='word_1_531' title='bbox 786 4214 900 4260; x_wconf 73' lang='lat' dir='ltr'>musae</span> <span class='ocrx_word' id='word_1_532' title='bbox 920 4196 1052 4280; x_wconf 77' lang='grc'><strong>1010001.</strong></span> <span class='ocrx_word' id='word_1_533' title='bbox 1097 4196 1194 4278; x_wconf 79' lang='lat' dir='ltr'>Quod</span> <span class='ocrx_word' id='word_1_534' title='bbox 1216 4198 1257 4262; x_wconf 91' lang='lat' dir='ltr'>ab</span> <span class='ocrx_word' id='word_1_535' title='bbox 1273 4201 1368 4264; x_wconf 90' lang='lat' dir='ltr'>initio</span> <span class='ocrx_word' id='word_1_536' title='bbox 1421 4220 1532 4278; x_wconf 89' lang='lat' dir='ltr'>ruere,</span> <span class='ocrx_word' id='word_1_537' title='bbox 1561 4199 1617 4281; x_wconf 91' lang='lat' dir='ltr'>qui</span> <span class='ocrx_word' id='word_1_538' title='bbox 1645 4197 1830 4264; x_wconf 83' lang='lat' dir='ltr'>excusando</span> <span class='ocrx_word' id='word_1_539' title='bbox 1857 4196 2017 4262; x_wconf 91' lang='lat' dir='ltr'>bonorum</span> <span class='ocrx_word' id='word_1_540' title='bbox 2039 4216 2175 4280; x_wconf 89' lang='lat' dir='ltr'>operum</span> <span class='ocrx_word' id='word_1_541' title='bbox 2196 4196 2397 4277; x_wconf 88' lang='lat' dir='ltr'>contemptui</span> 
     </span>
     <span class='ocr_line' id='line_1_41' title="bbox 392 4277 2396 4367; baseline 0 -26"><span class='ocrx_word' id='word_1_542' title='bbox 392 4278 462 4360; x_wconf 93' lang='lat' dir='ltr'>ipse</span> <span class='ocrx_word' id='word_1_543' title='bbox 480 4277 683 4343; x_wconf 91' lang='lat' dir='ltr'>demonstrat</span> <span class='ocrx_word' id='word_1_544' title='bbox 696 4278 748 4343; x_wconf 87' lang='lat' dir='ltr'>his</span> <span class='ocrx_word' id='word_1_545' title='bbox 761 4279 883 4361; x_wconf 87' lang='lat' dir='ltr'>verbis:</span> <span class='ocrx_word' id='word_1_546' title='bbox 904 4280 980 4364; x_wconf 91' lang='lat' dir='ltr'>quid</span> <span class='ocrx_word' id='word_1_547' title='bbox 998 4282 1141 4365; x_wconf 89' lang='lat' dir='ltr'>prodest,</span> <span class='ocrx_word' id='word_1_548' title='bbox 1157 4284 1276 4350; x_wconf 86' lang='lat' dir='ltr'>fratres</span> <span class='ocrx_word' id='word_1_549' title='bbox 1293 4286 1367 4365; x_wconf 91' lang='lat' dir='ltr'>mei,</span> <span class='ocrx_word' id='word_1_550' title='bbox 1420 4284 1520 4350; x_wconf 87' lang='lat' dir='ltr'>fidem</span> <span class='ocrx_word' id='word_1_551' title='bbox 1540 4285 1683 4349; x_wconf 91' lang='lat' dir='ltr'>inaniter</span> <span class='ocrx_word' id='word_1_552' title='bbox 1705 4282 1933 4348; x_wconf 87' lang='lat' dir='ltr'>obtendebant.</span> <span class='ocrx_word' id='word_1_553' title='bbox 1974 4283 2064 4367; x_wconf 83' lang='lat' dir='ltr'>Ergo</span> <span class='ocrx_word' id='word_1_554' title='bbox 2088 4280 2249 4364; x_wconf 88' lang='lat' dir='ltr'>quoslibet</span> <span class='ocrx_word' id='word_1_555' title='bbox 2269 4281 2305 4343; x_wconf 93' lang='lat' dir='ltr'>in</span> <span class='ocrx_word' id='word_1_556' title='bbox 2326 4302 2396 4343; x_wconf 90' lang='lat' dir='ltr'>mo-</span> 
     </span>
     <span class='ocr_line' id='line_1_42' title="bbox 392 4362 2395 4452; baseline 0 -26"><span class='ocrx_word' id='word_1_557' title='bbox 392 4363 421 4427; x_wconf 88' lang='lat' dir='ltr'>si</span> <span class='ocrx_word' id='word_1_558' title='bbox 454 4364 528 4446; x_wconf 90' lang='lat' dir='ltr'>quis</span> <span class='ocrx_word' id='word_1_559' title='bbox 559 4362 659 4428; x_wconf 87' lang='lat' dir='ltr'>fidem</span> <span class='ocrx_word' id='word_1_560' title='bbox 688 4363 776 4431; x_wconf 91' lang='lat' dir='ltr'>dieat</span> <span class='ocrx_word' id='word_1_561' title='bbox 803 4387 838 4430; x_wconf 88' lang='grc'>00</span> <span class='ocrx_word' id='word_1_562' title='bbox 864 4366 999 4445; x_wconf 87' lang='lat' dir='ltr'>habere,</span> <span class='ocrx_word' id='word_1_563' title='bbox 1035 4388 1134 4451; x_wconf 90' lang='lat' dir='ltr'>opera</span> <span class='ocrx_word' id='word_1_564' title='bbox 1165 4379 1275 4435; x_wconf 88' lang='lat' dir='ltr'>autem</span> <span class='ocrx_word' id='word_1_565' title='bbox 1302 4392 1368 4436; x_wconf 92' lang='lat' dir='ltr'>non</span> <span class='ocrx_word' id='word_1_566' title='bbox 1422 4369 1480 4436; x_wconf 91' lang='grc'>100</span> <span class='ocrx_word' id='word_1_567' title='bbox 1501 4368 1612 4436; x_wconf 90' lang='lat' dir='ltr'>Iaeobi</span> <span class='ocrx_word' id='word_1_568' title='bbox 1633 4369 1733 4434; x_wconf 85' lang='lat' dir='ltr'>verba</span> <span class='ocrx_word' id='word_1_569' title='bbox 1755 4376 1937 4452; x_wconf 86' lang='lat' dir='ltr'>torqueant,</span> <span class='ocrx_word' id='word_1_570' title='bbox 1961 4369 2045 4433; x_wconf 92' lang='lat' dir='ltr'>nihil</span> <span class='ocrx_word' id='word_1_571' title='bbox 2066 4373 2196 4451; x_wconf 88' lang='lat' dir='ltr'>praeter</span> <span class='ocrx_word' id='word_1_572' title='bbox 2217 4365 2299 4429; x_wconf 90' lang='lat' dir='ltr'>duas</span> <span class='ocrx_word' id='word_1_573' title='bbox 2321 4387 2395 4428; x_wconf 87' lang='lat' dir='ltr'>sen-</span> 
     </span>
     <span class='ocr_line' id='line_1_43' title="bbox 391 4448 2395 4541; baseline -0.001 -27"><span class='ocrx_word' id='word_1_574' title='bbox 391 4448 532 4514; x_wconf 79' lang='grc'><strong>1010111</strong></span> <span class='ocrx_word' id='word_1_575' title='bbox 576 4448 652 4514; x_wconf 90' lang='grc' dir='ltr'>Νο0</span> <span class='ocrx_word' id='word_1_576' title='bbox 673 4449 764 4516; x_wconf 90' lang='lat' dir='ltr'>dicit:</span> <span class='ocrx_word' id='word_1_577' title='bbox 793 4452 820 4515; x_wconf 90' lang='lat' dir='ltr'>si</span> <span class='ocrx_word' id='word_1_578' title='bbox 842 4451 940 4516; x_wconf 88' lang='lat' dir='ltr'>fidem</span> <span class='ocrx_word' id='word_1_579' title='bbox 963 4455 1036 4535; x_wconf 91' lang='lat' dir='ltr'>quis</span> <span class='ocrx_word' id='word_1_580' title='bbox 1058 4453 1177 4519; x_wconf 89' lang='lat' dir='ltr'>habeat</span> <span class='ocrx_word' id='word_1_581' title='bbox 1199 4458 1270 4522; x_wconf 91' lang='lat' dir='ltr'>sine</span> <span class='ocrx_word' id='word_1_582' title='bbox 1292 4479 1368 4541; x_wconf 91' lang='lat' dir='ltr'>ope-</span> <span class='ocrx_word' id='word_1_583' title='bbox 1422 4457 1541 4521; x_wconf 87' lang='lat' dir='ltr'>tentiae</span> <span class='ocrx_word' id='word_1_584' title='bbox 1567 4455 1767 4538; x_wconf 84' lang='lat' dir='ltr'>expriment:</span> <span class='ocrx_word' id='word_1_585' title='bbox 1795 4455 1893 4519; x_wconf 89' lang='lat' dir='ltr'>inane</span> <span class='ocrx_word' id='word_1_586' title='bbox 1920 4453 1997 4519; x_wconf 91' lang='lat' dir='ltr'>fidei</span> <span class='ocrx_word' id='word_1_587' title='bbox 2026 4459 2191 4536; x_wconf 82' lang='lat' dir='ltr'>spectrum</span> <span class='ocrx_word' id='word_1_588' title='bbox 2212 4471 2279 4514; x_wconf 93' lang='lat' dir='ltr'>non</span> <span class='ocrx_word' id='word_1_589' title='bbox 2301 4451 2395 4514; x_wconf 88' lang='lat' dir='ltr'>iusti·</span> 
     </span>
     <span class='ocr_line' id='line_1_44' title="bbox 393 4534 2394 4638; baseline 0 -39"><span class='ocrx_word' id='word_1_590' title='bbox 393 4534 483 4601; x_wconf 92' lang='lat' dir='ltr'>ribus</span> <span class='ocrx_word' id='word_1_591' title='bbox 490 4559 499 4615; x_wconf 92' lang='lat'>;</span> <span class='ocrx_word' id='word_1_592' title='bbox 522 4534 588 4614; x_wconf 90' lang='lat' dir='ltr'>sed,</span> <span class='ocrx_word' id='word_1_593' title='bbox 612 4537 640 4600; x_wconf 92' lang='lat' dir='ltr'>si</span> <span class='ocrx_word' id='word_1_594' title='bbox 675 4543 769 4601; x_wconf 88' lang='lat' dir='ltr'>actet.</span> <span class='ocrx_word' id='word_1_595' title='bbox 810 4536 941 4602; x_wconf 74' lang='lat' dir='ltr'>(ilarius</span> <span class='ocrx_word' id='word_1_596' title='bbox 963 4541 1064 4603; x_wconf 89' lang='lat' dir='ltr'>etiam</span> <span class='ocrx_word' id='word_1_597' title='bbox 1086 4541 1289 4626; x_wconf 88' lang='lat' dir='ltr'>paulopost,</span> <span class='ocrx_word' id='word_1_598' title='bbox 1312 4544 1369 4608; x_wconf 92' lang='lat' dir='ltr'>ubi</span> <span class='ocrx_word' id='word_1_599' title='bbox 1422 4543 1528 4619; x_wconf 90' lang='lat' dir='ltr'>ficare,</span> <span class='ocrx_word' id='word_1_600' title='bbox 1553 4548 1586 4606; x_wconf 91' lang='grc'>01</span> <span class='ocrx_word' id='word_1_601' title='bbox 1606 4541 1746 4617; x_wconf 90' lang='lat' dir='ltr'>fidelem,</span> <span class='ocrx_word' id='word_1_602' title='bbox 1769 4540 1828 4605; x_wconf 88' lang='lat' dir='ltr'>tali</span> <span class='ocrx_word' id='word_1_603' title='bbox 1849 4539 2084 4638; x_wconf 84' lang='lat' dir='ltr'>imaginatione</span> <span class='ocrx_word' id='word_1_604' title='bbox 2106 4557 2173 4601; x_wconf 93' lang='lat' dir='ltr'>non</span> <span class='ocrx_word' id='word_1_605' title='bbox 2194 4544 2394 4615; x_wconf 88' lang='lat' dir='ltr'>contentum,</span> 
     </span>
     <span class='ocr_line' id='line_1_45' title="bbox 393 4619 2178 4711; baseline 0.001 -26"><span class='ocrx_word' id='word_1_606' title='bbox 393 4619 585 4686; x_wconf 88' lang='lat' dir='ltr'>deteriorem</span> <span class='ocrx_word' id='word_1_607' title='bbox 620 4621 779 4687; x_wconf 88' lang='lat' dir='ltr'>diabolica</span> <span class='ocrx_word' id='word_1_608' title='bbox 811 4624 928 4688; x_wconf 87' lang='lat' dir='ltr'>notitia</span> <span class='ocrx_word' id='word_1_609' title='bbox 967 4646 1025 4706; x_wconf 93' lang='lat' dir='ltr'>per</span> <span class='ocrx_word' id='word_1_610' title='bbox 1064 4625 1242 4691; x_wconf 88' lang='lat' dir='ltr'>ludibrium</span> <span class='ocrx_word' id='word_1_611' title='bbox 1275 4629 1353 4693; x_wconf 90' lang='lat' dir='ltr'>facit</span> <span class='ocrx_word' id='word_1_612' title='bbox 1360 4653 1369 4708; x_wconf 93' lang='lat'>;</span> <span class='ocrx_word' id='word_1_613' title='bbox 1422 4626 1575 4711; x_wconf 88' lang='lat' dir='ltr'>operibus</span> <span class='ocrx_word' id='word_1_614' title='bbox 1598 4625 1691 4691; x_wconf 92' lang='lat' dir='ltr'>bonis</span> <span class='ocrx_word' id='word_1_615' title='bbox 1713 4645 1807 4691; x_wconf 83' lang='lat' dir='ltr'>suam</span> <span class='ocrx_word' id='word_1_616' title='bbox 1825 4626 1985 4690; x_wconf 81' lang='lat' dir='ltr'>instituam</span> <span class='ocrx_word' id='word_1_617' title='bbox 2006 4621 2178 4688; x_wconf 87' lang='lat' dir='ltr'>declarare.</span> 
     </span>
    </p>

    <p class='ocr_par' dir='ltr' id='par_1_3' title="bbox 391 4707 2469 5653">
     <span class='ocr_line' id='line_1_46' title="bbox 391 4707 2397 4793; baseline 0 -22"><span class='ocrx_word' id='word_1_618' title='bbox 391 4713 556 4789; x_wconf 87' lang='lat' dir='ltr'>postremo</span> <span class='ocrx_word' id='word_1_619' title='bbox 589 4707 655 4771; x_wconf 89' lang='lat' dir='ltr'>ubi</span> <span class='ocrx_word' id='word_1_620' title='bbox 678 4716 841 4773; x_wconf 89' lang='lat' dir='ltr'>mortuam</span> <span class='ocrx_word' id='word_1_621' title='bbox 875 4717 978 4775; x_wconf 86' lang='lat' dir='ltr'>vocat.</span> <span class='ocrx_word' id='word_1_622' title='bbox 1029 4708 1097 4776; x_wconf 77' lang='lat' dir='ltr'>Sed</span> <span class='ocrx_word' id='word_1_623' title='bbox 1130 4734 1150 4776; x_wconf 88' lang='lat' dir='ltr'>a</span> <span class='ocrx_word' id='word_1_624' title='bbox 1183 4712 1370 4779; x_wconf 86' lang='lat' dir='ltr'>definitione</span> <span class='ocrx_word' id='word_1_625' title='bbox 1511 4716 1559 4777; x_wconf 88' lang='grc'>13.</span> <span class='ocrx_word' id='word_1_626' title='bbox 1605 4711 1702 4793; x_wconf 79' lang='lat' dir='ltr'>Quod</span> <span class='ocrx_word' id='word_1_627' title='bbox 1734 4718 1845 4777; x_wconf 87' lang='lat' dir='ltr'>autem</span> <span class='ocrx_word' id='word_1_628' title='bbox 1877 4732 1919 4775; x_wconf 86' lang='lat' dir='ltr'>ex</span> <span class='ocrx_word' id='word_1_629' title='bbox 1949 4708 2054 4775; x_wconf 90' lang='lat' dir='ltr'>Paulo</span> <span class='ocrx_word' id='word_1_630' title='bbox 2087 4707 2195 4793; x_wconf 89' lang='lat' dir='ltr'>(Rom.</span> <span class='ocrx_word' id='word_1_631' title='bbox 2216 4712 2251 4785; x_wconf 82' lang='lat'>2,</span> <span class='ocrx_word' id='word_1_632' title='bbox 2275 4708 2328 4790; x_wconf 85' lang='lat'>13)</span> <span class='ocrx_word' id='word_1_633' title='bbox 2362 4709 2397 4771; x_wconf 93' lang='lat' dir='ltr'>in</span> 
     </span>
     <span class='ocr_line' id='line_1_47' title="bbox 392 4791 2397 4878; baseline 0 -23"><span class='ocrx_word' id='word_1_634' title='bbox 392 4791 592 4856; x_wconf 88' lang='lat' dir='ltr'>sufficienter</span> <span class='ocrx_word' id='word_1_635' title='bbox 614 4792 840 4876; x_wconf 87' lang='lat' dir='ltr'>deprehendas</span> <span class='ocrx_word' id='word_1_636' title='bbox 861 4794 939 4878; x_wconf 90' lang='lat' dir='ltr'>quid</span> <span class='ocrx_word' id='word_1_637' title='bbox 961 4795 1048 4860; x_wconf 86' lang='lat' dir='ltr'>velit.</span> <span class='ocrx_word' id='word_1_638' title='bbox 1094 4797 1144 4861; x_wconf 73' lang='lat' dir='ltr'>ru</span> <span class='ocrx_word' id='word_1_639' title='bbox 1171 4799 1289 4878; x_wconf 91' lang='lat' dir='ltr'>credis,</span> <span class='ocrx_word' id='word_1_640' title='bbox 1318 4801 1370 4864; x_wconf 90' lang='lat' dir='ltr'>in-</span> <span class='ocrx_word' id='word_1_641' title='bbox 1422 4798 1563 4864; x_wconf 91' lang='lat' dir='ltr'>eundem</span> <span class='ocrx_word' id='word_1_642' title='bbox 1581 4818 1713 4864; x_wconf 89' lang='lat' dir='ltr'>sensum</span> <span class='ocrx_word' id='word_1_643' title='bbox 1731 4798 1843 4875; x_wconf 85' lang='lat' dir='ltr'>citant,</span> <span class='ocrx_word' id='word_1_644' title='bbox 1865 4795 2038 4861; x_wconf 89' lang='lat' dir='ltr'>minimum</span> <span class='ocrx_word' id='word_1_645' title='bbox 2058 4815 2113 4859; x_wconf 91' lang='lat' dir='ltr'>eos</span> <span class='ocrx_word' id='word_1_646' title='bbox 2129 4793 2237 4859; x_wconf 87' lang='lat' dir='ltr'>iuvat:</span> <span class='ocrx_word' id='word_1_647' title='bbox 2258 4793 2397 4857; x_wconf 83' lang='lat' dir='ltr'>factores</span> 
     </span>
     <span class='ocr_line' id='line_1_48' title="bbox 392 4876 2397 4970; baseline 0.002 -31"><span class='ocrx_word' id='word_1_648' title='bbox 392 4878 471 4957; x_wconf 91' lang='lat' dir='ltr'>quit,</span> <span class='ocrx_word' id='word_1_649' title='bbox 494 4876 581 4958; x_wconf 92' lang='grc'><strong>0001</strong></span> <span class='ocrx_word' id='word_1_650' title='bbox 603 4876 696 4943; x_wconf 87' lang='grc' dir='ltr'><strong>Ι)000</strong></span> <span class='ocrx_word' id='word_1_651' title='bbox 715 4887 779 4946; x_wconf 88' lang='lat' dir='ltr'>est:</span> <span class='ocrx_word' id='word_1_652' title='bbox 810 4899 888 4945; x_wconf 87' lang='lat' dir='ltr'>sanc</span> <span class='ocrx_word' id='word_1_653' title='bbox 910 4881 938 4945; x_wconf 91' lang='lat' dir='ltr'>si</span> <span class='ocrx_word' id='word_1_654' title='bbox 960 4881 1042 4945; x_wconf 91' lang='lat' dir='ltr'>nihil</span> <span class='ocrx_word' id='word_1_655' title='bbox 1065 4883 1099 4945; x_wconf 94' lang='lat' dir='ltr'>in</span> <span class='ocrx_word' id='word_1_656' title='bbox 1121 4884 1186 4948; x_wconf 89' lang='lat' dir='ltr'>ista</span> <span class='ocrx_word' id='word_1_657' title='bbox 1206 4883 1271 4949; x_wconf 91' lang='lat' dir='ltr'>fide</span> <span class='ocrx_word' id='word_1_658' title='bbox 1293 4906 1369 4951; x_wconf 93' lang='lat' dir='ltr'>con·</span> <span class='ocrx_word' id='word_1_659' title='bbox 1422 4886 1514 4970; x_wconf 85' lang='lat' dir='ltr'>legis,</span> <span class='ocrx_word' id='word_1_660' title='bbox 1537 4906 1604 4949; x_wconf 92' lang='lat' dir='ltr'>non</span> <span class='ocrx_word' id='word_1_661' title='bbox 1626 4883 1791 4949; x_wconf 87' lang='lat' dir='ltr'>auditores</span> <span class='ocrx_word' id='word_1_662' title='bbox 1815 4881 1993 4946; x_wconf 84' lang='lat' dir='ltr'>iustificari.</span> <span class='ocrx_word' id='word_1_663' title='bbox 2026 4879 2112 4945; x_wconf 92' lang='lat' dir='ltr'>Nolo</span> <span class='ocrx_word' id='word_1_664' title='bbox 2132 4879 2293 4946; x_wconf 90' lang='lat' dir='ltr'>solutione</span> <span class='ocrx_word' id='word_1_665' title='bbox 2316 4880 2397 4944; x_wconf 80' lang='lat' dir='ltr'>Am-</span> 
     </span>
     <span class='ocr_line' id='line_1_49' title="bbox 392 4961 2469 5049; baseline 0.002 -25"><span class='ocrx_word' id='word_1_666' title='bbox 392 4961 518 5024; x_wconf 90' lang='lat' dir='ltr'>tinetur</span> <span class='ocrx_word' id='word_1_667' title='bbox 538 4962 603 5025; x_wconf 92' lang='lat' dir='ltr'>nisi</span> <span class='ocrx_word' id='word_1_668' title='bbox 624 4972 662 5027; x_wconf 92' lang='lat' dir='ltr'>ut</span> <span class='ocrx_word' id='word_1_669' title='bbox 673 4965 825 5030; x_wconf 89' lang='lat' dir='ltr'>credatur</span> <span class='ocrx_word' id='word_1_670' title='bbox 835 4967 946 5031; x_wconf 91' lang='lat' dir='ltr'>Deum</span> <span class='ocrx_word' id='word_1_671' title='bbox 956 4988 1035 5045; x_wconf 87' lang='lat' dir='ltr'>esse,</span> <span class='ocrx_word' id='word_1_672' title='bbox 1056 4968 1122 5031; x_wconf 90' lang='lat' dir='ltr'>iam</span> <span class='ocrx_word' id='word_1_673' title='bbox 1144 4968 1227 5033; x_wconf 90' lang='lat' dir='ltr'>nihil</span> <span class='ocrx_word' id='word_1_674' title='bbox 1248 4971 1370 5036; x_wconf 90' lang='lat' dir='ltr'>mirum</span> <span class='ocrx_word' id='word_1_675' title='bbox 1422 4969 1697 5049; x_wconf 85' lang='lat' dir='ltr'>brosiievadere‚</span> <span class='ocrx_word' id='word_1_676' title='bbox 1720 4969 1887 5034; x_wconf 89' lang='grc'><strong>11000000</strong></span> <span class='ocrx_word' id='word_1_677' title='bbox 1908 4965 1991 5031; x_wconf 90' lang='lat' dir='ltr'>illud</span> <span class='ocrx_word' id='word_1_678' title='bbox 2013 4965 2137 5032; x_wconf 89' lang='lat' dir='ltr'>dictum</span> <span class='ocrx_word' id='word_1_679' title='bbox 2159 4966 2235 5048; x_wconf 92' lang='lat' dir='ltr'>quia</span> <span class='ocrx_word' id='word_1_680' title='bbox 2256 4965 2397 5049; x_wconf 89' lang='lat' dir='ltr'>comple·</span> <span class='ocrx_word' id='word_1_681' title='bbox 2462 4982 2469 4999; x_wconf 71' lang='grc'><em>’</em></span> 
     </span>
     <span class='ocr_line' id='line_1_50' title="bbox 391 5045 2398 5140; baseline 0.002 -31"><span class='ocrx_word' id='word_1_682' title='bbox 391 5052 444 5109; x_wconf 89' lang='grc'>001</span> <span class='ocrx_word' id='word_1_683' title='bbox 466 5045 494 5109; x_wconf 88' lang='grc'>01</span> <span class='ocrx_word' id='word_1_684' title='bbox 514 5066 580 5109; x_wconf 89' lang='grc'>101</span> <span class='ocrx_word' id='word_1_685' title='bbox 602 5048 764 5115; x_wconf 87' lang='lat' dir='ltr'>iustificat.</span> <span class='ocrx_word' id='word_1_686' title='bbox 808 5051 878 5116; x_wconf 88' lang='lat' dir='ltr'>Nec</span> <span class='ocrx_word' id='word_1_687' title='bbox 899 5072 977 5117; x_wconf 90' lang='grc'><strong>1010</strong></span> <span class='ocrx_word' id='word_1_688' title='bbox 1000 5051 1078 5117; x_wconf 93' lang='lat' dir='ltr'>dum</span> <span class='ocrx_word' id='word_1_689' title='bbox 1100 5054 1163 5120; x_wconf 93' lang='lat' dir='ltr'>hoc</span> <span class='ocrx_word' id='word_1_690' title='bbox 1184 5054 1233 5118; x_wconf 94' lang='lat' dir='ltr'>illi</span> <span class='ocrx_word' id='word_1_691' title='bbox 1255 5055 1371 5120; x_wconf 89' lang='lat' dir='ltr'>adimi-</span> <span class='ocrx_word' id='word_1_692' title='bbox 1422 5064 1571 5121; x_wconf 91' lang='lat' dir='ltr'>mentum</span> <span class='ocrx_word' id='word_1_693' title='bbox 1604 5055 1686 5140; x_wconf 87' lang='lat' dir='ltr'>legis</span> <span class='ocrx_word' id='word_1_694' title='bbox 1719 5057 1762 5120; x_wconf 90' lang='lat' dir='ltr'>ait</span> <span class='ocrx_word' id='word_1_695' title='bbox 1786 5056 1822 5119; x_wconf 93' lang='lat' dir='ltr'>in</span> <span class='ocrx_word' id='word_1_696' title='bbox 1844 5052 2014 5118; x_wconf 79' lang='lat' dir='ltr'>Christum</span> <span class='ocrx_word' id='word_1_697' title='bbox 2042 5051 2132 5118; x_wconf 89' lang='lat' dir='ltr'>fides.</span> <span class='ocrx_word' id='word_1_698' title='bbox 2176 5051 2283 5116; x_wconf 86' lang='lat' dir='ltr'>Video</span> <span class='ocrx_word' id='word_1_699' title='bbox 2311 5052 2398 5115; x_wconf 88' lang='lat' dir='ltr'>enim</span> 
     </span>
     <span class='ocr_line' id='line_1_51' title="bbox 393 5129 2398 5232; baseline 0.003 -38"><span class='ocrx_word' id='word_1_700' title='bbox 393 5139 463 5229; x_wconf 79' lang='grc'><strong>101,</strong></span> <span class='ocrx_word' id='word_1_701' title='bbox 492 5129 671 5232; x_wconf 82' lang='lat' dir='ltr'>quidquam</span> <span class='ocrx_word' id='word_1_702' title='bbox 699 5134 850 5219; x_wconf 84' lang='lat' dir='ltr'>derogari</span> <span class='ocrx_word' id='word_1_703' title='bbox 877 5144 1029 5221; x_wconf 89' lang='lat' dir='ltr'>putemus</span> <span class='ocrx_word' id='word_1_704' title='bbox 1057 5130 1135 5203; x_wconf 86' lang='grc'><strong>11101</strong></span> <span class='ocrx_word' id='word_1_705' title='bbox 1163 5141 1370 5221; x_wconf 87' lang='lat' dir='ltr'>christianae,</span> <span class='ocrx_word' id='word_1_706' title='bbox 1422 5163 1550 5206; x_wconf 83' lang='lat' dir='ltr'>mamm</span> <span class='ocrx_word' id='word_1_707' title='bbox 1573 5163 1644 5207; x_wconf 89' lang='lat' dir='ltr'>esse</span> <span class='ocrx_word' id='word_1_708' title='bbox 1658 5140 1828 5225; x_wconf 84' lang='lat' dir='ltr'>effugium,</span> <span class='ocrx_word' id='word_1_709' title='bbox 1851 5160 1916 5223; x_wconf 93' lang='lat' dir='ltr'>quo</span> <span class='ocrx_word' id='word_1_710' title='bbox 1936 5138 2022 5203; x_wconf 90' lang='lat' dir='ltr'>nihil</span> <span class='ocrx_word' id='word_1_711' title='bbox 2043 5160 2123 5223; x_wconf 91' lang='grc'><strong>0000</strong></span> <span class='ocrx_word' id='word_1_712' title='bbox 2146 5145 2198 5203; x_wconf 92' lang='grc'>001</span> <span class='ocrx_word' id='word_1_713' title='bbox 2217 5135 2274 5201; x_wconf 92' lang='lat' dir='ltr'>ubi</span> <span class='ocrx_word' id='word_1_714' title='bbox 2286 5143 2398 5220; x_wconf 86' lang='lat' dir='ltr'>aperta</span> 
     </span>
     <span class='ocr_line' id='line_1_52' title="bbox 391 5217 2398 5312; baseline 0.002 -31"><span class='ocrx_word' id='word_1_715' title='bbox 391 5237 486 5281; x_wconf 81' lang='lat' dir='ltr'>cuius</span> <span class='ocrx_word' id='word_1_716' title='bbox 508 5217 605 5300; x_wconf 90' lang='lat' dir='ltr'>longe</span> <span class='ocrx_word' id='word_1_717' title='bbox 626 5217 756 5285; x_wconf 81' lang='lat' dir='ltr'>diversa</span> <span class='ocrx_word' id='word_1_718' title='bbox 773 5230 823 5286; x_wconf 89' lang='lat' dir='ltr'>est</span> <span class='ocrx_word' id='word_1_719' title='bbox 839 5223 931 5288; x_wconf 91' lang='lat' dir='ltr'>ratio.</span> <span class='ocrx_word' id='word_1_720' title='bbox 967 5222 1042 5304; x_wconf 78' lang='lat' dir='ltr'>Quo</span> <span class='ocrx_word' id='word_1_721' title='bbox 1064 5225 1153 5289; x_wconf 87' lang='lat' dir='ltr'>enim</span> <span class='ocrx_word' id='word_1_722' title='bbox 1174 5227 1372 5292; x_wconf 80' lang='lat' dir='ltr'>madorem</span> <span class='ocrx_word' id='word_1_723' title='bbox 1422 5237 1515 5312; x_wconf 85' lang='lat' dir='ltr'>patet</span> <span class='ocrx_word' id='word_1_724' title='bbox 1541 5227 1604 5292; x_wconf 85' lang='lat' dir='ltr'>via</span> <span class='ocrx_word' id='word_1_725' title='bbox 1648 5227 1722 5291; x_wconf 90' lang='lat' dir='ltr'>Illic</span> <span class='ocrx_word' id='word_1_726' title='bbox 1750 5225 1868 5292; x_wconf 84' lang='lat' dir='ltr'>stolida</span> <span class='ocrx_word' id='word_1_727' title='bbox 1895 5224 2091 5294; x_wconf 83' lang='lat' dir='ltr'>confidentia</span> <span class='ocrx_word' id='word_1_728' title='bbox 2117 5224 2258 5289; x_wconf 88' lang='lat' dir='ltr'>Iudaeos</span> <span class='ocrx_word' id='word_1_729' title='bbox 2290 5222 2398 5287; x_wconf 89' lang='lat' dir='ltr'>deiicit</span> 
     </span>
     <span class='ocr_line' id='line_1_53' title="bbox 392 5302 2397 5403; baseline 0.003 -36"><span class='ocrx_word' id='word_1_730' title='bbox 392 5302 474 5368; x_wconf 88' lang='lat' dir='ltr'>fides</span> <span class='ocrx_word' id='word_1_731' title='bbox 502 5303 660 5368; x_wconf 90' lang='lat' dir='ltr'>iustificat</span> <span class='ocrx_word' id='word_1_732' title='bbox 668 5356 681 5403; x_wconf 33' lang='lat'>,⁸</span> <span class='ocrx_word' id='word_1_733' title='bbox 705 5306 769 5368; x_wconf 89' lang='lat' dir='ltr'>nisi</span> <span class='ocrx_word' id='word_1_734' title='bbox 802 5306 881 5370; x_wconf 92' lang='lat' dir='ltr'>dum</span> <span class='ocrx_word' id='word_1_735' title='bbox 907 5331 967 5375; x_wconf 91' lang='grc'>000</span> <span class='ocrx_word' id='word_1_736' title='bbox 996 5309 1130 5376; x_wconf 78' lang='lat' dir='ltr'>Christo</span> <span class='ocrx_word' id='word_1_737' title='bbox 1157 5313 1369 5397; x_wconf 87' lang='lat' dir='ltr'>conglutinat,</span> <span class='ocrx_word' id='word_1_738' title='bbox 1423 5312 1602 5396; x_wconf 85' lang='lat' dir='ltr'>apostolus,</span> <span class='ocrx_word' id='word_1_739' title='bbox 1636 5313 1692 5396; x_wconf 90' lang='lat' dir='ltr'>qui</span> <span class='ocrx_word' id='word_1_740' title='bbox 1719 5313 1788 5378; x_wconf 87' lang='lat' dir='ltr'>aola</span> <span class='ocrx_word' id='word_1_741' title='bbox 1815 5313 1898 5396; x_wconf 86' lang='lat' dir='ltr'>legis</span> <span class='ocrx_word' id='word_1_742' title='bbox 1924 5308 2092 5396; x_wconf 77' lang='lat' dir='ltr'>agnitione</span> <span class='ocrx_word' id='word_1_743' title='bbox 2119 5331 2154 5374; x_wconf 85' lang='lat' dir='ltr'>se</span> <span class='ocrx_word' id='word_1_744' title='bbox 2174 5308 2397 5386; x_wconf 74' lang='lat' dir='ltr'>venditabant,</span> 
     </span>
     <span class='ocr_line' id='line_1_54' title="bbox 392 5389 2398 5482; baseline 0.001 -29"><span class='ocrx_word' id='word_1_745' title='bbox 392 5397 431 5453; x_wconf 92' lang='lat' dir='ltr'>ut</span> <span class='ocrx_word' id='word_1_746' title='bbox 450 5411 554 5454; x_wconf 90' lang='lat' dir='ltr'>unum</span> <span class='ocrx_word' id='word_1_747' title='bbox 577 5410 651 5455; x_wconf 90' lang='lat' dir='ltr'>cum</span> <span class='ocrx_word' id='word_1_748' title='bbox 673 5389 729 5453; x_wconf 89' lang='grc'><strong>1110</strong></span> <span class='ocrx_word' id='word_1_749' title='bbox 751 5391 830 5457; x_wconf 86' lang='lat' dir='ltr'>facti</span> <span class='ocrx_word' id='word_1_750' title='bbox 862 5394 1113 5479; x_wconf 87' lang='lat' dir='ltr'>participatione</span> <span class='ocrx_word' id='word_1_751' title='bbox 1134 5399 1278 5464; x_wconf 87' lang='lat' dir='ltr'>iustitiae</span> <span class='ocrx_word' id='word_1_752' title='bbox 1300 5400 1370 5464; x_wconf 87' lang='lat' dir='ltr'>eius</span> <span class='ocrx_word' id='word_1_753' title='bbox 1423 5420 1524 5482; x_wconf 91' lang='lat' dir='ltr'>quum</span> <span class='ocrx_word' id='word_1_754' title='bbox 1545 5399 1678 5464; x_wconf 91' lang='lat' dir='ltr'>interim</span> <span class='ocrx_word' id='word_1_755' title='bbox 1700 5400 1820 5464; x_wconf 86' lang='lat' dir='ltr'>summi</span> <span class='ocrx_word' id='word_1_756' title='bbox 1842 5405 1953 5465; x_wconf 88' lang='lat' dir='ltr'>essent</span> <span class='ocrx_word' id='word_1_757' title='bbox 1973 5398 2044 5462; x_wconf 88' lang='lat' dir='ltr'>eius</span> <span class='ocrx_word' id='word_1_758' title='bbox 2061 5401 2306 5476; x_wconf 89' lang='lat' dir='ltr'>contemptores.</span> <span class='ocrx_word' id='word_1_759' title='bbox 2346 5393 2398 5456; x_wconf 86' lang='lat' dir='ltr'>Ne</span> 
     </span>
     <span class='ocr_line' id='line_1_55' title="bbox 391 5474 2440 5570; baseline 0.009 -32"><span class='ocrx_word' id='word_1_760' title='bbox 391 5474 561 5539; x_wconf 85' lang='lat' dir='ltr'>fruamur?</span> <span class='ocrx_word' id='word_1_761' title='bbox 585 5496 651 5539; x_wconf 92' lang='lat' dir='ltr'>non</span> <span class='ocrx_word' id='word_1_762' title='bbox 673 5497 752 5560; x_wconf 89' lang='lat' dir='ltr'>ergo</span> <span class='ocrx_word' id='word_1_763' title='bbox 774 5497 811 5541; x_wconf 90' lang='lat' dir='ltr'>eo</span> <span class='ocrx_word' id='word_1_764' title='bbox 829 5479 986 5546; x_wconf 89' lang='lat' dir='ltr'>iustificat</span> <span class='ocrx_word' id='word_1_765' title='bbox 1006 5482 1092 5564; x_wconf 91' lang='grc'><strong>0001</strong></span> <span class='ocrx_word' id='word_1_766' title='bbox 1111 5481 1243 5550; x_wconf 84' lang='lat' dir='ltr'>divinae</span> <span class='ocrx_word' id='word_1_767' title='bbox 1260 5506 1371 5550; x_wconf 90' lang='lat' dir='ltr'>essen·</span> <span class='ocrx_word' id='word_1_768' title='bbox 1422 5506 1502 5570; x_wconf 81' lang='lat' dir='ltr'>ergo</span> <span class='ocrx_word' id='word_1_769' title='bbox 1524 5485 1613 5551; x_wconf 90' lang='lat' dir='ltr'>nuda</span> <span class='ocrx_word' id='word_1_770' title='bbox 1632 5485 1714 5570; x_wconf 85' lang='lat' dir='ltr'>legis</span> <span class='ocrx_word' id='word_1_771' title='bbox 1735 5483 1854 5566; x_wconf 87' lang='lat' dir='ltr'>peritia</span> <span class='ocrx_word' id='word_1_772' title='bbox 1870 5491 2041 5566; x_wconf 86' lang='lat' dir='ltr'>tantopere</span> <span class='ocrx_word' id='word_1_773' title='bbox 2062 5478 2123 5546; x_wconf 86' lang='lat' dir='ltr'>sibi</span> <span class='ocrx_word' id='word_1_774' title='bbox 2140 5478 2316 5562; x_wconf 83' lang='lat' dir='ltr'>placerent,</span> <span class='ocrx_word' id='word_1_775' title='bbox 2340 5476 2397 5540; x_wconf 61' lang='lat' dir='ltr'>ad·</span> <span class='ocrx_word' id='word_1_776' title='bbox 2436 5539 2440 5545; x_wconf 85' lang='lat'>-</span> 
     </span>
     <span class='ocr_line' id='line_1_56' title="bbox 393 5561 2397 5653; baseline 0.001 -31"><span class='ocrx_word' id='word_1_777' title='bbox 393 5561 457 5622; x_wconf 88' lang='lat' dir='ltr'>tiae</span> <span class='ocrx_word' id='word_1_778' title='bbox 483 5561 632 5625; x_wconf 86' lang='lat' dir='ltr'>notitiam</span> <span class='ocrx_word' id='word_1_779' title='bbox 660 5561 835 5644; x_wconf 90' lang='lat' dir='ltr'>concipiat,</span> <span class='ocrx_word' id='word_1_780' title='bbox 869 5564 926 5628; x_wconf 93' lang='lat' dir='ltr'>sed</span> <span class='ocrx_word' id='word_1_781' title='bbox 953 5566 1040 5647; x_wconf 92' lang='lat' dir='ltr'>quod</span> <span class='ocrx_word' id='word_1_782' title='bbox 1066 5569 1103 5633; x_wconf 94' lang='lat' dir='ltr'>in</span> <span class='ocrx_word' id='word_1_783' title='bbox 1129 5569 1371 5637; x_wconf 90' lang='lat' dir='ltr'>misericordiae</span> <span class='ocrx_word' id='word_1_784' title='bbox 1423 5581 1542 5650; x_wconf 92' lang='lat' dir='ltr'>monet,</span> <span class='ocrx_word' id='word_1_785' title='bbox 1565 5572 1594 5636; x_wconf 92' lang='lat' dir='ltr'>si</span> <span class='ocrx_word' id='word_1_786' title='bbox 1614 5592 1656 5636; x_wconf 87' lang='lat' dir='ltr'>ex</span> <span class='ocrx_word' id='word_1_787' title='bbox 1677 5571 1751 5653; x_wconf 82' lang='lat' dir='ltr'>lege</span> <span class='ocrx_word' id='word_1_788' title='bbox 1772 5577 1949 5652; x_wconf 89' lang='lat' dir='ltr'>quaeratur</span> <span class='ocrx_word' id='word_1_789' title='bbox 1969 5566 2104 5643; x_wconf 89' lang='lat' dir='ltr'>iustitia,</span> <span class='ocrx_word' id='word_1_790' title='bbox 2131 5583 2199 5627; x_wconf 91' lang='lat' dir='ltr'>non</span> <span class='ocrx_word' id='word_1_791' title='bbox 2220 5563 2290 5626; x_wconf 89' lang='lat' dir='ltr'>eius</span> <span class='ocrx_word' id='word_1_792' title='bbox 2311 5563 2397 5625; x_wconf 85' lang='lat' dir='ltr'>noti·</span> 
     </span>
    </p>
   </div>
   <div class='ocr_carea' id='block_1_3' title="bbox 391 5645 2397 5738">
    <p class='ocr_par' dir='ltr' id='par_1_4' title="bbox 391 5645 2397 5738">
     <span class='ocr_line' id='line_1_57' title="bbox 391 5645 2397 5738; baseline 0.001 -28"><span class='ocrx_word' id='word_1_793' title='bbox 391 5645 589 5711; x_wconf 86' lang='lat' dir='ltr'>certitudine</span> <span class='ocrx_word' id='word_1_794' title='bbox 611 5648 781 5713; x_wconf 86' lang='lat' dir='ltr'>recumbit</span> <span class='ocrx_word' id='word_1_795' title='bbox 1423 5657 1514 5738; x_wconf 82' lang='grc'><strong>111101,</strong></span> <span class='ocrx_word' id='word_1_796' title='bbox 1537 5655 1594 5723; x_wconf 88' lang='grc'>001</span> <span class='ocrx_word' id='word_1_797' title='bbox 1616 5654 1879 5722; x_wconf 83' lang='lat' dir='ltr'>observationem</span> <span class='ocrx_word' id='word_1_798' title='bbox 1900 5652 2020 5737; x_wconf 86' lang='lat' dir='ltr'>quaeri.</span> <span class='ocrx_word' id='word_1_799' title='bbox 2053 5649 2123 5716; x_wconf 88' lang='lat' dir='ltr'>Nos</span> <span class='ocrx_word' id='word_1_800' title='bbox 2144 5654 2232 5713; x_wconf 89' lang='lat' dir='ltr'>certe</span> <span class='ocrx_word' id='word_1_801' title='bbox 2251 5645 2341 5712; x_wconf 90' lang='lat' dir='ltr'>istud</span> <span class='ocrx_word' id='word_1_802' title='bbox 2361 5649 2397 5712; x_wconf 93' lang='lat' dir='ltr'>in</span> 
     </span>
    </p>
   </div>
   <div class='ocr_carea' id='block_1_4' title="bbox 0 0 2804 6809">
    <p class='ocr_par' dir='ltr' id='par_1_5' title="bbox 0 0 2804 6809">
     <span class='ocr_line' id='line_1_58' title="bbox 0 0 2804 6809; baseline 0 0"><span class='ocrx_word' id='word_1_803' title='bbox 0 0 2804 6809; x_wconf 95' lang='lat' dir='ltr'> </span> 
     </span>
    </p>
   </div>
  </div>
 </body>
</html>
