5600 6809
438 749 503 809 on
918 840 919 843 Ν
1085 741 1351 810 memnone
1371 743 1477 810 nnn.
1500 742 1681 811 enrmr.
1707 748 1800 808 nn.
2378 745 2444 806 cic

439 933 632 1000 bibitionem
650 930 781 1010 habere,
804 952 886 1014 quae
903 933 1053 998 mosaicis
1071 932 1283 997 eaeremoniis
1301 931 1416 997 adum·
1468 932 1551 1015 legis
1572 933 1649 1015 iuge
1672 932 1914 1014 astringtmtur,
1942 933 2045 997 servis
2073 939 2149 997 sunt
2176 930 2298 995 similes
2324 932 2443 1013 quibus

439 1020 629 1086 brabantur.
673 1017 812 1095 Deinde,
850 1021 927 1100 quie
964 1019 1015 1082 illi
1052 1019 1248 1100 impostores
1275 1018 1418 1100 pessima
1469 1031 1577 1083 certae
1594 1020 1630 1080 in
1648 1017 1793 1100 singulos
1813 1017 1882 1082 dics
1902 1037 2018 1100 operae
2041 1039 2060 1080 a
2082 1016 2222 1080 dominis
2243 1015 2441 1082 indicuntur.

441 1105 594 1187 opinione
615 1104 807 1168 imbuebant
824 1104 962 1187 plebem,
985 1103 1072 1187 quod
1095 1104 1175 1168 haec
1197 1103 1320 1167 scilicet
1342 1103 1417 1168 obe·
1469 1103 1516 1167 Hi
1538 1102 1627 1167 enim
1646 1103 1731 1167 nihil
1752 1103 1902 1166 effectum
1924 1112 2055 1185 putant,
2085 1124 2145 1166 nec
2171 1103 2207 1164 in
2236 1111 2445 1184 conspectum

441 1190 565 1255 dicatio
590 1190 717 1255 valeret
746 1189 787 1252 ad
817 1189 1067 1272 promerendam
1088 1190 1153 1254 Dei
1180 1189 1335 1272 gratiam,
1364 1190 1418 1253 hic
1470 1188 1688 1253 Dominorum
1715 1188 1828 1253 venire
1856 1189 1986 1266 audent,
2017 1188 2081 1252 nisi
2108 1197 2243 1251 exactus
2272 1207 2445 1269 operarum

440 1276 621 1359 plurimum
649 1276 786 1353 insistit,
814 1297 857 1340 ne
884 1276 963 1339 ullis
991 1276 1073 1359 legis
1097 1275 1262 1357 operibus,
1296 1274 1418 1338 nedum
1470 1274 1586 1338 modus
1608 1274 1797 1339 eonstiterit.
1842 1274 1922 1338 Filii
1943 1295 2030 1350 vero,
2056 1275 2110 1355 qni
2133 1272 2298 1337 liberalius
2320 1283 2353 1338 et
2374 1295 2445 1338 ma-

441 1361 580 1427 minutis
609 1361 675 1426 illis
701 1361 884 1439 elementis,
913 1362 1071 1426 iustitiam
1094 1382 1129 1425 sc
1152 1361 1303 1442 consequi
1323 1381 1418 1442 posse
1472 1361 1522 1442 gis
1543 1361 1685 1442 ingenue
1707 1381 1728 1424 a
1747 1361 1895 1441 patribus
1917 1367 2111 1436 tractantur,
2137 1360 2184 1423 eis
2206 1379 2271 1422 non
2294 1358 2446 1424 dubitant
2473 1397 2477 1401 -

440 1469 552 1513 ceram
569 1445 642 1511 Deo
664 1447 853 1511 existiment
874 1446 994 1512 fideles.
1027 1448 1074 1511 Et
1095 1447 1194 1510 simul
1212 1445 1306 1510 docet
1327 1445 1419 1510 dam-
1471 1446 1625 1510 inchoata
1645 1453 1678 1509 et
1699 1444 1868 1510 dimidiata
1889 1466 2001 1527 opera,
2029 1444 2150 1527 aliquid
2171 1445 2270 1507 etiam
2291 1446 2363 1509 vitii
2386 1445 2446 1509 ha-

441 1535 574 1597 natione
596 1533 686 1615 legis,
709 1553 792 1614 quae
813 1533 974 1597 universis
991 1533 1178 1597 hominibus
1195 1531 1276 1596 alias
1293 1533 1419 1614 impen·
1471 1531 1583 1595 bentia
1610 1532 1743 1609 efferre,
1779 1531 1893 1595 confisi
1919 1553 2013 1595 suam
2040 1529 2257 1594 obedientiam
2285 1540 2318 1594 et
2344 1531 2447 1594 animi

445 1619 515 1692 det,
546 1639 615 1683 csse
637 1639 695 1700 per
717 1639 845 1682 crucem
867 1617 993 1683 Christi
1014 1617 1150 1697 liberos,
1179 1625 1216 1682 ut
1243 1617 1342 1700 plena
1369 1639 1420 1682 sc·
1471 1616 1761 1699 promptitudinem
1783 1616 1849 1682 illis
1871 1624 2036 1700 acceptam
2056 1617 2140 1694 fere,
2164 1616 2262 1680 etiam
2285 1616 2313 1679 si
2336 1617 2446 1680 minus

442 1705 583 1770 caritate
604 1705 638 1766 in
661 1724 725 1766 uno
746 1702 879 1767 Christo
902 1704 1117 1785 acquiescant.
1152 1702 1219 1784 Qui
1240 1703 1331 1768 locus
1353 1702 1420 1767 huc
1471 1711 1584 1767 exacte
1614 1703 1782 1768 effecerint
1813 1702 1902 1784 quod
1933 1702 2093 1767 velebant.
2155 1701 2252 1765 Tales
2283 1722 2342 1766 nos
2376 1723 2446 1766 esse
2487 1750 2491 1760 .

441 1790 573 1873 proprie
586 1788 736 1871 pertinet.
760 1789 930 1856 Postremo
943 1789 1151 1854 conscientiis
1162 1788 1309 1853 fidelium
1324 1809 1420 1852 suam
1472 1795 1600 1870 oportet
1625 1789 1681 1870 qui
1708 1796 1797 1852 certe
1826 1788 2040 1865 confidamus,
2073 1788 2227 1868 obsequia
2253 1796 2367 1852 nostra
2394 1789 2445 1850 in·

364 1911 367 1915 <
416 1875 560 1939 asserit
586 1873 785 1950 libertatem,
816 1895 859 1939 ne
888 1895 952 1956 qua
978 1874 1135 1957 religione
1162 1875 1199 1938 in
1227 1874 1325 1939 rebus
1352 1895 1418 1937 nen
1472 1872 1719 1957 dulgentissime
1751 1875 1838 1955 patri
1865 1875 2041 1957 probatum
2068 1874 2124 1951 iri,
2158 1872 2445 1954 quantulacunque

442 1960 633 2025 necessariis
655 1952 909 2041 obstringuntur.
1470 1960 1545 2037 sint,
1574 1967 1607 2024 et
1629 1961 1839 2040 quantumvis
1867 1958 1961 2023 rudia
1988 1980 2025 2024 ac
2051 1959 2249 2041 imperfecta.
2295 1957 2446 2038 Qualiter

528 2052 557 2109 4.
603 2045 731 2123 Altera,
760 2066 842 2126 quac
871 2067 913 2109 ex
941 2044 1106 2127 superiore
1135 2045 1192 2108 illa
1219 2045 1351 2126 pendet,
1381 2052 1419 2108 ut
1471 2046 1569 2108 etiam
1591 2067 1650 2127 per
1670 2045 1866 2127 prophetam
1887 2045 1982 2109 nobis
2004 2046 2183 2108 confirmat.
2225 2044 2365 2108 Parcam
2388 2045 2444 2121 eis,

442 2132 668 2207 eonscientiae,
688 2152 753 2195 non
770 2132 865 2213 quasi
880 2131 964 2214 legis
980 2131 1175 2196 necessitate
1192 2141 1329 2208 coactae,
1352 2130 1419 2213 legi
1470 2129 1577 2211 inquit
1604 2131 1697 2214 (Mal.
1723 2134 1752 2208 3,
1782 2130 1850 2214 17),
1881 2130 1965 2195 sicut
1992 2130 2074 2194 solet
2097 2135 2191 2212 pater
2216 2129 2284 2193 filio
2310 2149 2444 2211 parcere

441 2218 676 2300 obsequantur,
708 2217 765 2280 sed
788 2216 869 2300 legis
890 2218 993 2299 ipsius
1014 2218 1091 2300 iugo
1112 2217 1235 2281 liberae
1256 2216 1420 2281 voluntati
1471 2216 1627 2280 servienti
1656 2216 1725 2281 sibi.
1775 2215 1840 2280 Ubi
1866 2237 1997 2297 parcere
2030 2236 2089 2297 pre
2116 2214 2287 2298 indulgere
2313 2215 2360 2279 ecl
2385 2214 2444 2279 bu-

441 2303 506 2368 Dei
540 2302 627 2366 ultro
660 2300 820 2366 obediant.
866 2301 1031 2382 Quoniam
1064 2304 1152 2365 enim
1182 2303 1219 2366 in
1252 2302 1419 2384 perpetuis
1470 2302 1605 2366 monite
1631 2303 1675 2366 ed
1701 2303 1781 2366 cilia
1808 2302 1966 2366 mairac
1992 2301 2135 2382 pesitum
2167 2309 2309 2378 constat,
2342 2321 2443 2381 quum

442 2388 621 2453 terroribus
633 2396 817 2464 versantur,
836 2387 992 2469 quamdiu
1004 2389 1065 2453 sub
1076 2388 1158 2471 legis
1169 2388 1312 2451 dominio
1330 2397 1417 2463 sunt,
1471 2386 1570 2450 simul
1592 2388 1737 2468 obsequii
1757 2388 1952 2451 meminerit.
1997 2387 2110 2468 Neque
2139 2386 2219 2450 haee
2240 2386 2360 2451 fiducia
2385 2407 2443 2468 pa-

443 2473 543 2538 alacn'
570 2471 826 2555 promptitudine
849 2474 888 2537 'in
915 2473 1131 2538 obedientiam
1158 2474 1222 2538 Dei
1250 2493 1419 2554 nunquam
1470 2493 1545 2536 rum
1573 2473 1667 2538 nobis
1692 2474 1876 2538 necessaria
1901 2481 1965 2550 est,
1998 2477 2068 2536 sine
2095 2492 2160 2554 qua
2184 2472 2308 2536 frustra
2336 2473 2444 2536 omnia

442 2559 639 2639 compositae
661 2567 766 2634 erunt,
787 2558 851 2622 nisi
872 2559 1059 2623 huiusmodi
1080 2561 1170 2641 prius
1190 2558 1340 2623 libertate
1362 2557 1419 2622 do-
1471 2560 1675 2637 conabimur;
1715 2557 1873 2640 siquidem
1909 2558 1999 2623 nullo
2035 2566 2146 2621 nostre
2180 2578 2278 2641 opere
2313 2579 2348 2622 se
2383 2557 2444 2622 coli

442 2651 550 2708 natae.
588 2643 750 2725 Exemplo
768 2653 800 2707 et
817 2645 948 2709 brevius
967 2653 1000 2707 et
1016 2646 1121 2728 magis
1138 2647 1309 2726 'perspicue
1331 2665 1418 2708 asse·
1470 2650 1602 2725 reputat
1631 2645 1740 2722 Deus,
1773 2644 1838 2707 nisi
1858 2643 1954 2726 quod
1986 2644 2022 2707 in
2054 2644 2124 2708 eins
2156 2644 2282 2706 cultum
2314 2665 2391 2708 vere
2424 2664 2445 2707 a

443 2749 589 2811 quemur‚
609 2749 672 2809 quo
690 2729 771 2794 haec
789 2731 983 2811 pertineant.
1005 2731 1108 2813 Legis
1128 2739 1338 2814 praeceptum
1359 2739 1417 2807 est,
1469 2729 1563 2794 nobis
1584 2731 1650 2793 fiat
1695 2729 1735 2792 Id
1759 2735 1868 2793 autem
1890 2730 1946 2811 qui
1966 2729 2070 2811 pessit
2090 2729 2178 2792 inter
2198 2728 2272 2793 illos
2294 2737 2443 2805 terrores,

333 2841 335 2845 ’
442 2823 482 2878 ut
504 2813 677 2897 diligamus
698 2814 807 2878 Deum
829 2823 980 2878 nestrum
1003 2837 1044 2879 ex
1066 2823 1134 2880 toto
1156 2815 1261 2893 corde,
1287 2837 1328 2880 ex
1350 2822 1420 2879 tota
1470 2815 1527 2878 ubi
1552 2814 1721 2880 dubitatur
1746 2814 1972 2879 offendaturne
1993 2815 2085 2879 Deus
2112 2833 2155 2878 an
2182 2814 2307 2879 colatur
2330 2822 2444 2877 nostro

442 2899 565 2978 anima,
599 2921 640 2963 ex
672 2901 748 2964 totis
775 2899 900 2964 viribus
927 2901 1041 2985 (Dent.
1067 2904 1095 2979 6,
1121 2901 1164 2983 5).
1206 2900 1249 2965 'Id
1282 2903 1320 2965 ut
1349 2903 1417 2978 fiat,
1472 2900 1590 2982 opere?
2105 2945 2107 2955 .

443 2986 553 3051 anima
569 2986 661 3066 prius
682 2987 772 3049 omni
794 2985 857 3049 alio
878 3006 978 3050 sensu
999 2994 1033 3051 et
1053 2988 1248 3070 cogitatione
1271 2994 1320 3051 est
1341 3008 1418 3051 eva·
1558 2992 1585 3048 6.
1630 2987 1739 3067 Atque
1768 3005 1807 3049 ea
1834 3006 1934 3051 causa
1959 2993 2010 3050 est
2030 3007 2089 3051 cur
2111 2994 2205 3049 autor
2226 2984 2379 3067 epistolae
2401 2983 2444 3047 ad

442 3070 578 3146 cncede,
600 3091 656 3135 eor
677 3071 828 3135 omnibus
851 3070 1020 3136 desideriis
1043 3092 1147 3153 expur
1191 3073 1307 3150 ndum,
1333 3073 1419 3136 vires
1469 3070 1638 3136 Hebraeos
1658 3071 1778 3153 (11‚2)
1798 3070 1954 3153 quidquid
1976 3072 2011 3135 in
2033 3073 2155 3136 sanctis
2175 3068 2321 3153 patribus
2343 3069 2444 3134 beno-

441 3157 478 3219 in
496 3155 557 3220 hoc
574 3177 678 3219 unum
696 3156 895 3239 colligendae
914 3165 947 3220 et
963 3157 1141 3222 contrahen
1165 3179 1212 3222 ae.
1258 3157 1418 3239 Quiprae
1470 3178 1546 3220 rum
1567 3177 1703 3238 eperum
1724 3158 1824 3223 fuisse
1844 3157 1981 3240 legitur,
2010 3157 2052 3222 ad
2073 3156 2171 3222 fidem
2191 3157 2324 3233 referat,
2350 3163 2384 3219 et
2405 3176 2445 3220 ea

439 3241 513 3305 aliis
535 3241 679 3304 multum
700 3245 863 3325 progressi
886 3244 1019 3307 suntin
1040 3243 1095 3307 via
1116 3243 1265 3320 Domini,
1294 3244 1418 3326 longis·
1470 3240 1634 3306 duntaxat
1661 3264 1704 3307 ex
1730 3241 1794 3307 fide
1822 3243 1979 3308 assumet
2023 3243 2076 3307 De
2102 3242 2165 3308 hac
2191 3240 2342 3306 libertate
2369 3242 2445 3305 illu-

439 3327 521 3392 sime
544 3328 663 3391 absunt
684 3326 726 3391 ab
748 3327 810 3392 hac
829 3336 925 3392 meta
961 3327 1048 3393 Nam
1071 3332 1131 3393 etsi
1153 3329 1264 3393 Deum
1286 3350 1328 3393 ex
1347 3328 1418 3392 ani·
1470 3329 1547 3393 stris
1568 3336 1618 3392 est
1638 3328 1731 3393 loeus
1753 3329 1789 3392 in
1810 3328 1947 3413 epistola
1968 3328 2010 3393 ad
2029 3328 2358 3412 Romanos(6,12)‚
2389 3328 2445 3393 ubi

438 3432 493 3475 mo
512 3411 663 3495 diligunt,
687 3423 720 3477 et
737 3414 863 3478 sincero
881 3413 986 3479 cordis
1004 3416 1132 3492 affectu,
1150 3414 1289 3478 multam
1307 3424 1417 3478 tamen
1468 3413 1595 3478 Paulus
1612 3415 1832 3494 ratiocinatur,
1854 3421 2024 3496 peecatum
2045 3435 2112 3478 nen
2132 3413 2251 3478 debere
2272 3414 2366 3478 nobis
2388 3412 2444 3477 dc-

438 3497 547 3562 adhuc
575 3498 681 3563 cerdis
707 3508 741 3563 et
767 3501 895 3564 animae
922 3507 1051 3583 partem
1078 3508 1268 3582 occupatam
1295 3499 1419 3564 habent
1469 3499 1598 3576 minari,
1626 3499 1705 3582 qnia
1727 3519 1795 3564 non
1818 3520 1930 3565 sumus
1951 3498 2012 3565 sub
2038 3498 2125 3582 lege,
2154 3499 2212 3564 sed
2239 3500 2299 3565 sub
2328 3498 2443 3582 gratia

438 3584 548 3648 carnis
565 3582 808 3666 cupiditatibus,
826 3586 946 3667 quihus
964 3585 1180 3650 retrahuntur
1197 3594 1230 3650 et
1248 3587 1416 3663 sistuntur,
1469 3583 1582 3664 Quum
1603 3586 1692 3649 enim
1712 3582 1826 3649 fideles
1847 3585 1997 3650 hortatus
2019 3593 2113 3663 esset,
2142 3606 2185 3650 ne
2211 3593 2382 3667 peccatum
2407 3586 2443 3648 in

438 3670 612 3751 quominus
645 3671 744 3734 citato
772 3670 814 3735 ad
842 3670 951 3736 Deum
984 3693 1082 3738 cursu
1115 3680 1263 3755 pergant.
1308 3670 1417 3734 Multo
1470 3691 1586 3734 eorum
1609 3670 1740 3734 mortali
1769 3690 1904 3753 corpore
1935 3679 2104 3754 regnaret,
2136 3692 2220 3736 neve
2252 3671 2446 3736 exhiberent

438 3754 571 3836 quidem
592 3761 712 3819 conatu
734 3754 951 3836 centendunt;
984 3758 1041 3823 sed
1063 3778 1138 3823 caro
1160 3758 1281 3839 partim
1303 3777 1418 3820 eorum
1469 3756 1618 3820 membra
1645 3777 1706 3820 sua
1732 3777 1825 3821 arma
1851 3757 2034 3839 iniquitatis
2059 3766 2206 3839 peceato,
2236 3756 2293 3821 sed
2315 3756 2387 3820 Deo
2409 3777 2444 3820 se

438 3839 526 3903 vires
549 3837 710 3918 debilitat,
738 3843 860 3924 purtim
888 3843 929 3907 ad
959 3865 1030 3908 sese
1058 3844 1207 3926 applicat.
1253 3840 1343 3923 Quid
1364 3843 1419 3908 hic
1471 3841 1670 3907 devoverent
1690 3848 1848 3924 tanquam
1869 3863 1911 3906 ex
1932 3843 2070 3907 mortuis
2091 3843 2255 3920 viventes,
2287 3852 2320 3906 et
2340 3863 2444 3905 mem-

439 3924 574 4001 faciant,
603 3924 682 3989 dum
710 3929 858 3992 sentiunt
882 3929 967 3993 nihil
991 3950 1027 3994 se
1047 3929 1157 3994 minus
1184 3948 1284 4010 quam
1309 3927 1418 4011 legem
1470 3928 1530 3992 bra
1555 3948 1616 3991 sua
1644 3947 1737 3991 arma
1763 3928 1905 3992 iustitiae
1926 3928 2012 4007 Dce;
2040 3927 2088 3990 illi
2115 3949 2193 3994 vero
2220 3935 2336 3991 contra
2362 3927 2443 3992 obii-

438 4009 626 4093 praestare?
671 4012 810 4092 Volunt,
844 4015 1006 4098 aspirant,
1040 4023 1215 4080 conantur:
1249 4013 1307 4078 sed
1333 4013 1416 4078 nihil
1470 4032 1543 4076 cere
1564 4022 1705 4095 possent,
1728 4034 1763 4077 se
1785 4013 1894 4078 adhuc
1911 4034 2043 4079 carnem
2064 4035 2175 4079 secum
2195 4015 2291 4091 ferre,
2313 4013 2445 4095 plenam

439 4115 479 4160 ea
496 4117 562 4178 qua
579 4094 671 4161 decet
686 4099 893 4181 perfectione.
938 4097 976 4166 Si
994 4101 1101 4184 legem
1118 4101 1299 4177 intuentur,
1322 4099 1417 4183 quid·
1469 4099 1752 4181 concupiscentiis,
1785 4106 1819 4163 et
1845 4107 2015 4181 peccatum
2041 4100 2079 4166 in
2109 4120 2143 4163 se
2171 4098 2334 4175 habitare,
2368 4100 2446 4163 sub-

440 4181 518 4264 quid
536 4187 667 4246 tentant
684 4192 742 4247 aut
759 4184 962 4263 meditantur
981 4186 1097 4269 operis,
1118 4185 1330 4251 maledictum
1346 4206 1418 4250 esse
1469 4185 1540 4249 iicit
1560 4205 1634 4249 eam
1655 4184 1912 4250 consolationem
1935 4206 1955 4249 a
1975 4185 2058 4269 legis
2078 4185 2244 4261 libertate,
2273 4202 2311 4248 ae
2340 4185 2367 4248 si
2395 4183 2446 4247 di-

439 4267 561 4332 vident.
606 4268 675 4334 Nec
704 4279 755 4334 est
782 4271 868 4352 qued
896 4293 930 4336 se
958 4273 1093 4355 quisque
1120 4271 1227 4349 fauet,
1261 4272 1418 4355 colligens
1469 4279 1572 4335 caret:
1601 4272 1731 4335 tametsi
1757 4269 1904 4334 nondum
1931 4273 2131 4336 exstinctum
2157 4277 2340 4353 peccatum,
2367 4289 2445 4332 nec·

439 4373 522 4434 epus
549 4374 586 4417 ee
614 4354 685 4436 ipse
713 4375 780 4418 uon
808 4357 939 4421 omnino
960 4357 1085 4422 malum
1107 4378 1178 4423 esse
1200 4358 1276 4439 quia
1296 4359 1416 4438 imper·
1470 4354 1549 4420 dum
1580 4356 1740 4421 iustitiam
1772 4356 1807 4420 in
1841 4377 1875 4420 se
1907 4357 2020 4422 vivere
2054 4357 2151 4440 plane
2183 4355 2339 4430 sentiant,
2374 4373 2445 4416 nen

441 4438 572 4516 fectum,
595 4447 629 4504 et
650 4440 723 4504 ideo
740 4441 826 4522 quod
843 4443 877 4506 in
896 4463 934 4507 ee
952 4445 1028 4509 boni
1047 4451 1097 4508 est
1113 4444 1186 4508 Deo
1202 4442 1418 4507 nihilominus
1469 4448 1581 4506 tamen
1599 4462 1669 4506 esse
1687 4463 1746 4507 cur
1757 4441 1933 4506 formident
1950 4452 1984 4507 et
2001 4443 2109 4506 anime
2127 4439 2327 4517 deficiantur,
2351 4440 2446 4520 quasi

441 4534 611 4607 acceptum
628 4546 706 4590 esse.
744 4526 828 4591 Nam
848 4528 912 4608 lex,
930 4531 1106 4612 perfectam
1124 4528 1328 4600 dilectionem
1348 4529 1417 4593 exi·
1469 4525 1579 4591 Deum
1611 4547 1740 4609 semper
1771 4527 1932 4592 offensum
1965 4528 2108 4593 habeant
2138 4526 2179 4591 ob
2210 4526 2335 4608 peccati
2367 4525 2446 4589 reli-

441 4629 537 4692 gens,
571 4631 701 4676 omnem
729 4613 1006 4695 imperfectionem
1038 4614 1187 4693 damnat,
1219 4616 1285 4679 eisc?
1315 4615 1419 4697 rapere
1469 4613 1577 4695 quias3
1607 4613 1735 4696 quande
1762 4634 1822 4696 per
1849 4615 1989 4697 gratiam
2009 4613 2122 4695 alege
2145 4612 2213 4676 sint
2239 4611 2443 4688 manumissi,

440 4697 589 4778 antipate.
634 4695 727 4779 Opus
754 4699 857 4782 igitur
884 4721 982 4764 suum
1011 4700 1208 4777 consideret,
1240 4699 1327 4782 quod
1357 4719 1417 4781 pro
1468 4720 1511 4763 ne
1539 4699 1609 4763 eius
1638 4698 1752 4782 regula
1778 4719 1838 4762 sua
1866 4719 1965 4782 opera
1991 4698 2230 4762 examinenmr.
2275 4694 2342 4775 Qui
2364 4716 2444 4762 vero

370 4815 372 4818 ·
440 4789 534 4862 parte
562 4779 685 4846 benum
709 4784 814 4849 videri
841 4784 986 4866 volebat3
1014 4794 1047 4850 et
1072 4807 1110 4850 ee
1135 4787 1206 4868 ipso
1233 4792 1417 4869 transgres-
1468 4785 1670 4867 peccandum
1692 4785 1847 4862 inferunt,
1870 4785 2029 4867 quianon
2046 4783 2149 4848 simus
2170 4783 2231 4848 sub
2253 4782 2334 4865 lege,
2357 4781 2443 4846 hanc

441 4866 566 4929 sienem
587 4866 669 4950 legis
692 4890 761 4934 esse
781 4871 936 4951 inveniet,
959 4873 1037 4955 quia
1057 4871 1283 4954 imperfectum
1306 4878 1364 4936 cst.
1468 4869 1651 4938 libertatem
1680 4868 1765 4934 nihil
1791 4869 1833 4933 ad
1860 4892 1895 4935 se
1926 4870 2089 4961 pertinere
2115 4869 2315 4954 intelligant,
2351 4869 2445 4935 cuius

530 4955 557 5012 5.
601 4952 656 5015 En
678 4955 839 5034 quomedo
860 4959 970 5023 emnia
990 4963 1104 5023 nostra
1125 4978 1224 5038 opera
1244 4956 1327 5039 legis
1346 4978 1417 5021 ma·
1468 4956 1544 5021 finis
1566 4964 1624 5036 est,
1646 4977 1707 5020 nos
1728 4955 1770 5019 ad
1791 4955 1915 5020 benum
1936 4957 2090 5022 animare.

439 5031 618 5097 ledictieni·
634 5038 812 5118 subiacent,
841 5044 869 5106 si
891 5043 933 5108 ad
958 5043 1040 5127 legis
1068 5041 1203 5106 modum
1231 5042 1416 5124 exigantur.
1556 5046 1584 5106 7.
1629 5042 1755 5121 Tertia,
1783 5042 1939 5108 utnulla
1967 5063 2078 5108 rerum
2107 5049 2334 5118 externarum,
2360 5059 2443 5121 quae

441 5117 625 5217 Quomodo·
647 5132 755 5187 autem
788 5132 859 5190 tum
893 5150 928 5194 se
960 5130 1113 5194 alacriter
1141 5128 1349 5210 accingerent
1376 5127 1418 5193 ad
1468 5149 1527 5214 per
1555 5150 1590 5194 se
1617 5138 1695 5194 sunt
1720 5125 1898 5212 ἀδιάφοροι,
1931 5129 2088 5213 religione
2115 5148 2225 5194 coram
2250 5126 2323 5191 Deo
2350 5132 2442 5189 tene-

440 5225 523 5287 opus
536 5205 680 5272 mfelrces
696 5210 832 5289 animae,
851 5234 910 5294 pro
927 5235 990 5297 que
1008 5213 1138 5279 nonnisi
1156 5212 1417 5279 maledictionem
1469 5236 1573 5292 amur,
1595 5215 1674 5297 quin
1696 5234 1751 5278 eas
1772 5232 1862 5279 nunc
1881 5235 2041 5298 usurpare
2062 5235 2152 5279 nunc
2173 5214 2323 5278 omittere
2344 5209 2443 5275 indif-

440 5311 476 5356 se
503 5291 626 5355 referre
657 5314 752 5375 pesse
784 5298 1004 5365 confiderent?
1054 5300 1204 5364 Rursum
1232 5298 1261 5362 si
1287 5299 1328 5364 ab
1354 5299 1417 5365 hae
1467 5300 1611 5364 ferenter
1630 5299 1736 5364 liceat
1776 5301 1887 5381 Atque
1907 5300 2006 5365 huius
2027 5301 2126 5364 etiam
2147 5298 2311 5363 libertatis
2332 5296 2443 5381 cogni-

440 5397 556 5475 severa
582 5377 665 5461 logis
693 5382 876 5461 exactione,
904 5385 959 5449 rel
985 5388 1093 5469 potius
1115 5394 1182 5450 tete
1204 5385 1287 5468 legis
1308 5385 1417 5466 rigore
1468 5385 1514 5449 tie
1542 5405 1700 5468 perquam
1726 5384 1819 5450 nobis
1847 5386 2034 5452 necessaria
2059 5392 2117 5450 cst
2162 5383 2257 5464 Quae
2278 5383 2307 5448 si
2329 5382 2443 5460 aberit,

439 5461 611 5539 hberatae‚
641 5473 778 5546 paterna
803 5466 939 5534 lenitate
968 5491 1003 5536 se
1031 5470 1144 5537 aDeo
1172 5469 1331 5553 appellari
1358 5490 1416 5534 au·
1468 5469 1559 5536 nulla
1588 5471 1792 5537 conscientiis
1823 5472 1946 5536 nostris
1971 5472 2083 5536 futura
2115 5477 2166 5534 cst
2194 5469 2300 5551 quies,
2332 5468 2444 5532 nullus

440 5546 547 5627 (liant,
575 5549 695 5616 hilares
722 5559 756 5615 et
782 5572 905 5637 magna
930 5555 1099 5622 alacritate
1125 5556 1255 5622 vocanti
1281 5575 1415 5639 respon·
1468 5558 1735 5641 superstitionum
1750 5555 1849 5628 finis.
1894 5555 2056 5621 Videmur
2083 5554 2179 5620 hodie
2205 5551 2368 5636 plerisque
2389 5553 2443 5616 in·

440 5630 577 5713 debunt,
611 5645 646 5699 et
678 5635 850 5702 ducentem
881 5651 1065 5724 sequentur.
1110 5642 1153 5707 In
1182 5663 1324 5721 summa,
1358 5642 1416 5725 qui
1467 5645 1542 5725 epti,
1565 5644 1620 5725 qui
1640 5641 2093 5723 disceptationem‘moremns
2110 5638 2271 5705 delibero
2292 5656 2350 5702 esu
2371 5658 2442 5703 car-
