<?xml version="1.0" encoding="UTF-8"?>
<!DOCTYPE html PUBLIC "-//W3C//DTD XHTML 1.0 Transitional//EN"
    "http://www.w3.org/TR/xhtml1/DTD/xhtml1-transitional.dtd">
<html xmlns="http://www.w3.org/1999/xhtml" xml:lang="en" lang="en">
 <head>
  <title>
</title>
<meta http-equiv="Content-Type" content="text/html;charset=utf-8" />
  <meta name='ocr-system' content='tesseract 3.04.00' />
  <meta name='ocr-capabilities' content='ocr_page ocr_carea ocr_par ocr_line ocrx_word'/>
</head>
<body>
  <div class='ocr_page' id='page_1' title='image "./ioanniscalvinio10calvgoog/ioanniscalvinio10calvgoog_0138.png"; bbox 0 0 5600 6809; ppageno 0'>
   <div class='ocr_carea' id='block_1_1' title="bbox 391 744 2395 816">
    <p class='ocr_par' dir='ltr' id='par_1_1' title="bbox 391 697 2395 816">
     <span class='ocr_line' id='line_1_1' title="bbox 391 744 2395 816; baseline -0.001 0"><span class='ocrx_word' id='word_1_1' title='bbox 391 755 451 816; x_wconf 83' lang='lat' dir='ltr'>cor</span> <span class='ocrx_word' id='word_1_2' title='bbox 1036 744 1302 813; x_wconf 86' lang='lat' dir='ltr'>nvsrrrurro</span> <span class='ocrx_word' id='word_1_3' title='bbox 1324 746 1429 812; x_wconf 85' lang='lat' dir='ltr'>ann.</span> <span class='ocrx_word' id='word_1_4' title='bbox 1452 745 1632 812; x_wconf 77' lang='lat' dir='ltr'>ouans.</span> <span class='ocrx_word' id='word_1_5' title='bbox 1658 750 1749 812; x_wconf 83' lang='lat'>1559.</span> <span class='ocrx_word' id='word_1_6' title='bbox 2330 751 2395 813; x_wconf 81' lang='lat' dir='ltr'>aaa</span> 
     </span>
    </p>
   </div>
   <div class='ocr_carea' id='block_1_2' title="bbox 392 933 2398 1536">
    <p class='ocr_par' dir='ltr' id='par_1_2' title="bbox 392 933 2398 1193">
     <span class='ocr_line' id='line_1_2' title="bbox 392 933 2397 1020; baseline -0.001 -15"><span class='ocrx_word' id='word_1_7' title='bbox 392 940 607 1005; x_wconf 83' lang='lat' dir='ltr'><strong>somniabant.</strong></span> <span class='ocrx_word' id='word_1_8' title='bbox 636 939 678 1002; x_wconf 96' lang='lat' dir='ltr'>In</span> <span class='ocrx_word' id='word_1_9' title='bbox 700 939 794 1016; x_wconf 90' lang='lat' dir='ltr'>hano,</span> <span class='ocrx_word' id='word_1_10' title='bbox 815 937 957 1020; x_wconf 88' lang='lat' dir='ltr'>inquam,</span> <span class='ocrx_word' id='word_1_11' title='bbox 980 942 1222 1020; x_wconf 75' lang='lat' dir='ltr'>praeposteram</span> <span class='ocrx_word' id='word_1_12' title='bbox 1242 933 1368 998; x_wconf 89' lang='lat' dir='ltr'>dierum</span> <span class='ocrx_word' id='word_1_13' title='bbox 1420 934 1580 1016; x_wconf 78' lang='lat' dir='ltr'>dilipccter</span> <span class='ocrx_word' id='word_1_14' title='bbox 1606 933 1742 997; x_wconf 81' lang='lat' dir='ltr'>colendos</span> <span class='ocrx_word' id='word_1_15' title='bbox 1763 953 1828 997; x_wconf 83' lang='lat' dir='ltr'>esse</span> <span class='ocrx_word' id='word_1_16' title='bbox 1849 939 2091 1012; x_wconf 70' lang='lat' dir='ltr'>cccccccccc,</span> <span class='ocrx_word' id='word_1_17' title='bbox 2120 940 2147 998; x_wconf 84' lang='lat' dir='ltr'>ct</span> <span class='ocrx_word' id='word_1_18' title='bbox 2168 939 2303 1000; x_wconf 62' lang='lat' dir='ltr'>marnis</span> <span class='ocrx_word' id='word_1_19' title='bbox 2323 936 2397 1002; x_wconf 79' lang='lat' dir='ltr'>eub-</span> 
     </span>
     <span class='ocr_line' id='line_1_3' title="bbox 394 1019 2398 1106; baseline -0.001 -16"><span class='ocrx_word' id='word_1_20' title='bbox 394 1025 622 1090; x_wconf 77' lang='lat' dir='ltr'><strong>discretionem</strong></span> <span class='ocrx_word' id='word_1_21' title='bbox 643 1025 811 1090; x_wconf 89' lang='lat' dir='ltr'>invehitur</span> <span class='ocrx_word' id='word_1_22' title='bbox 834 1023 1011 1106; x_wconf 88' lang='lat' dir='ltr'>apostolus:</span> <span class='ocrx_word' id='word_1_23' title='bbox 1040 1043 1107 1085; x_wconf 93' lang='lat' dir='ltr'>non</span> <span class='ocrx_word' id='word_1_24' title='bbox 1128 1023 1164 1084; x_wconf 94' lang='lat' dir='ltr'>in</span> <span class='ocrx_word' id='word_1_25' title='bbox 1185 1020 1367 1104; x_wconf 86' lang='lat' dir='ltr'>legitimum</span> <span class='ocrx_word' id='word_1_26' title='bbox 1419 1020 1522 1097; x_wconf 67' lang='lat' dir='ltr'>cidiis</span> <span class='ocrx_word' id='word_1_27' title='bbox 1545 1038 1625 1099; x_wconf 81' lang='lat' dir='ltr'>quoe</span> <span class='ocrx_word' id='word_1_28' title='bbox 1646 1020 1689 1083; x_wconf 82' lang='lat' dir='ltr'>od</span> <span class='ocrx_word' id='word_1_29' title='bbox 1707 1019 1873 1100; x_wconf 75' lang='lat' dir='ltr'>fovendam</span> <span class='ocrx_word' id='word_1_30' title='bbox 1894 1021 1959 1085; x_wconf 85' lang='lat' dir='ltr'>Dei</span> <span class='ocrx_word' id='word_1_31' title='bbox 1980 1020 2094 1084; x_wconf 67' lang='lat' dir='ltr'>ailiam</span> <span class='ocrx_word' id='word_1_32' title='bbox 2115 1021 2245 1102; x_wconf 64' lang='lat' dir='ltr'>caecat</span> <span class='ocrx_word' id='word_1_33' title='bbox 2267 1043 2398 1104; x_wconf 71' lang='lat' dir='ltr'>operam</span> 
     </span>
     <span class='ocr_line' id='line_1_4' title="bbox 395 1104 1651 1193; baseline -0.005 -19"><span class='ocrx_word' id='word_1_34' title='bbox 395 1110 563 1188; x_wconf 90' lang='lat' dir='ltr'>delectum,</span> <span class='ocrx_word' id='word_1_35' title='bbox 588 1111 643 1193; x_wconf 91' lang='lat' dir='ltr'>qui</span> <span class='ocrx_word' id='word_1_36' title='bbox 666 1111 828 1174; x_wconf 85' lang='lat' dir='ltr'>societatis</span> <span class='ocrx_word' id='word_1_37' title='bbox 846 1109 1042 1174; x_wconf 79' lang='lat' dir='ltr'>christianae</span> <span class='ocrx_word' id='word_1_38' title='bbox 1063 1108 1135 1190; x_wconf 85' lang='lat' dir='ltr'>paci</span> <span class='ocrx_word' id='word_1_39' title='bbox 1154 1107 1283 1171; x_wconf 86' lang='lat' dir='ltr'>serviat</span> <span class='ocrx_word' id='word_1_40' title='bbox 1314 1104 1367 1170; x_wconf 79' lang='lat' dir='ltr'>si·</span> <span class='ocrx_word' id='word_1_41' title='bbox 1419 1105 1558 1170; x_wconf 62' lang='lat' dir='ltr'>wadum</span> <span class='ocrx_word' id='word_1_42' title='bbox 1578 1125 1651 1169; x_wconf 81' lang='lat' dir='ltr'>csse.</span> 
     </span>
    </p>

    <p class='ocr_par' dir='ltr' id='par_1_3' title="bbox 393 1191 1585 1278">
     <span class='ocr_line' id='line_1_5' title="bbox 393 1191 1585 1278; baseline -0.007 -18"><span class='ocrx_word' id='word_1_43' title='bbox 393 1196 526 1278; x_wconf 92' lang='lat' dir='ltr'>quidem</span> <span class='ocrx_word' id='word_1_44' title='bbox 558 1197 593 1259; x_wconf 92' lang='lat' dir='ltr'>in</span> <span class='ocrx_word' id='word_1_45' title='bbox 625 1196 768 1261; x_wconf 90' lang='lat' dir='ltr'>ecclesiis</span> <span class='ocrx_word' id='word_1_46' title='bbox 796 1194 837 1258; x_wconf 91' lang='lat' dir='ltr'>ab</span> <span class='ocrx_word' id='word_1_47' title='bbox 866 1216 903 1258; x_wconf 92' lang='lat' dir='ltr'>eo</span> <span class='ocrx_word' id='word_1_48' title='bbox 925 1194 1082 1257; x_wconf 89' lang='lat' dir='ltr'>institutis</span> <span class='ocrx_word' id='word_1_49' title='bbox 1109 1191 1305 1257; x_wconf 82' lang='lat' dir='ltr'>sabbathum</span> <span class='ocrx_word' id='word_1_50' title='bbox 1332 1192 1367 1254; x_wconf 94' lang='lat' dir='ltr'>in</span> <span class='ocrx_word' id='word_1_51' title='bbox 1581 1253 1585 1260; x_wconf 76' lang='grc'><em>,</em></span> 
     </span>
    </p>

    <p class='ocr_par' dir='ltr' id='par_1_4' title="bbox 392 1277 2141 1374">
     <span class='ocr_line' id='line_1_6' title="bbox 392 1277 2141 1374; baseline -0.005 -29"><span class='ocrx_word' id='word_1_52' title='bbox 392 1283 481 1348; x_wconf 91' lang='lat' dir='ltr'>hunc</span> <span class='ocrx_word' id='word_1_53' title='bbox 503 1303 600 1346; x_wconf 91' lang='lat' dir='ltr'>usum</span> <span class='ocrx_word' id='word_1_54' title='bbox 617 1281 827 1345; x_wconf 81' lang='lat' dir='ltr'>retinebatur.</span> <span class='ocrx_word' id='word_1_55' title='bbox 867 1279 967 1343; x_wconf 83' lang='lat' dir='ltr'>illum</span> <span class='ocrx_word' id='word_1_56' title='bbox 989 1279 1077 1342; x_wconf 91' lang='lat' dir='ltr'>enim</span> <span class='ocrx_word' id='word_1_57' title='bbox 1099 1278 1185 1342; x_wconf 89' lang='lat' dir='ltr'>diem</span> <span class='ocrx_word' id='word_1_58' title='bbox 1207 1277 1367 1361; x_wconf 89' lang='lat' dir='ltr'>praescri·</span> <span class='ocrx_word' id='word_1_59' title='bbox 1685 1309 1933 1363; x_wconf 61' lang='lat' dir='ltr'><strong>PRAEOEPTUM</strong></span> <span class='ocrx_word' id='word_1_60' title='bbox 1953 1308 2141 1374; x_wconf 48' lang='lat' dir='ltr'>QUINTUM</span> 
     </span>
    </p>

    <p class='ocr_par' dir='ltr' id='par_1_5' title="bbox 392 1361 2174 1449">
     <span class='ocr_line' id='line_1_7' title="bbox 392 1361 2174 1449; baseline -0.007 -17"><span class='ocrx_word' id='word_1_61' title='bbox 392 1368 440 1432; x_wconf 92' lang='lat' dir='ltr'>bit</span> <span class='ocrx_word' id='word_1_62' title='bbox 462 1368 641 1432; x_wconf 84' lang='lat' dir='ltr'>Corinthiis</span> <span class='ocrx_word' id='word_1_63' title='bbox 664 1368 677 1449; x_wconf 86' lang='lat'><em>(</em></span> <span class='ocrx_word' id='word_1_64' title='bbox 683 1373 695 1429; x_wconf 96' lang='grc'><strong>1</strong></span> <span class='ocrx_word' id='word_1_65' title='bbox 718 1367 791 1431; x_wconf 83' lang='lat' dir='ltr'>Cor.</span> <span class='ocrx_word' id='word_1_66' title='bbox 810 1370 857 1442; x_wconf 84' lang='grc'><strong>16,</strong></span> <span class='ocrx_word' id='word_1_67' title='bbox 873 1364 916 1448; x_wconf 81' lang='lat'>2),</span> <span class='ocrx_word' id='word_1_68' title='bbox 940 1386 1003 1446; x_wconf 90' lang='lat' dir='ltr'>quo</span> <span class='ocrx_word' id='word_1_69' title='bbox 1026 1364 1174 1448; x_wconf 84' lang='lat' dir='ltr'>symbola</span> <span class='ocrx_word' id='word_1_70' title='bbox 1195 1363 1237 1427; x_wconf 87' lang='lat' dir='ltr'>ad</span> <span class='ocrx_word' id='word_1_71' title='bbox 1259 1361 1367 1426; x_wconf 92' lang='lat' dir='ltr'>suble-</span> <span class='ocrx_word' id='word_1_72' title='bbox 2020 1406 2023 1414; x_wconf 67' lang='lat'>.</span> <span class='ocrx_word' id='word_1_73' title='bbox 2168 1436 2174 1448; x_wconf 19' lang='grc' dir='ltr'><strong><em>ἢ</em></strong></span> 
     </span>
    </p>

    <p class='ocr_par' dir='ltr' id='par_1_6' title="bbox 392 1437 2398 1536">
     <span class='ocr_line' id='line_1_8' title="bbox 392 1437 2398 1536; baseline -0.005 -17"><span class='ocrx_word' id='word_1_74' title='bbox 392 1453 517 1519; x_wconf 89' lang='lat' dir='ltr'>vandos</span> <span class='ocrx_word' id='word_1_75' title='bbox 545 1453 849 1536; x_wconf 80' lang='lat' dir='ltr'>hierosolymitanos</span> <span class='ocrx_word' id='word_1_76' title='bbox 876 1452 994 1514; x_wconf 88' lang='lat' dir='ltr'>fratres</span> <span class='ocrx_word' id='word_1_77' title='bbox 1018 1450 1221 1533; x_wconf 89' lang='lat' dir='ltr'>colligantur.</span> <span class='ocrx_word' id='word_1_78' title='bbox 1267 1447 1367 1513; x_wconf 77' lang='lat' dir='ltr'>Siti·</span> <span class='ocrx_word' id='word_1_79' title='bbox 1420 1437 1554 1503; x_wconf 80' lang='lat' dir='ltr'>Honora</span> <span class='ocrx_word' id='word_1_80' title='bbox 1588 1445 1713 1526; x_wconf 83' lang='lat' dir='ltr'>patrem</span> <span class='ocrx_word' id='word_1_81' title='bbox 1745 1442 1836 1501; x_wconf 86' lang='lat' dir='ltr'>tuum</span> <span class='ocrx_word' id='word_1_82' title='bbox 1865 1445 1898 1501; x_wconf 89' lang='lat' dir='ltr'>et</span> <span class='ocrx_word' id='word_1_83' title='bbox 1925 1442 2061 1501; x_wconf 85' lang='lat' dir='ltr'>matrem</span> <span class='ocrx_word' id='word_1_84' title='bbox 2088 1446 2124 1502; x_wconf 90' lang='lat' dir='ltr'>ut</span> <span class='ocrx_word' id='word_1_85' title='bbox 2150 1460 2192 1504; x_wconf 83' lang='lat' dir='ltr'>sis</span> <span class='ocrx_word' id='word_1_86' title='bbox 2220 1438 2398 1529; x_wconf 87' lang='lat' dir='ltr'>longaevus</span> 
     </span>
    </p>
   </div>
   <div class='ocr_carea' id='block_1_3' title="bbox 315 1533 2402 5730">
    <p class='ocr_par' dir='ltr' id='par_1_7' title="bbox 315 1533 2402 5730">
     <span class='ocr_line' id='line_1_9' title="bbox 392 1533 2347 1631; baseline 0.004 -29"><span class='ocrx_word' id='word_1_87' title='bbox 392 1547 502 1603; x_wconf 81' lang='lat' dir='ltr'>meter</span> <span class='ocrx_word' id='word_1_88' title='bbox 523 1539 722 1622; x_wconf 81' lang='lat' dir='ltr'>superstitio,</span> <span class='ocrx_word' id='word_1_89' title='bbox 752 1536 825 1618; x_wconf 90' lang='lat' dir='ltr'>plus</span> <span class='ocrx_word' id='word_1_90' title='bbox 852 1543 923 1599; x_wconf 87' lang='lat' dir='ltr'>erat</span> <span class='ocrx_word' id='word_1_91' title='bbox 943 1536 1078 1617; x_wconf 87' lang='lat' dir='ltr'>periculi</span> <span class='ocrx_word' id='word_1_92' title='bbox 1106 1537 1141 1599; x_wconf 94' lang='lat' dir='ltr'>in</span> <span class='ocrx_word' id='word_1_93' title='bbox 1161 1533 1299 1598; x_wconf 82' lang='lat' dir='ltr'>iudaiois</span> <span class='ocrx_word' id='word_1_94' title='bbox 1320 1534 1367 1598; x_wconf 86' lang='lat' dir='ltr'>fo-</span> <span class='ocrx_word' id='word_1_95' title='bbox 1468 1561 1565 1630; x_wconf 90' lang='lat' dir='ltr'>super</span> <span class='ocrx_word' id='word_1_96' title='bbox 1591 1547 1709 1606; x_wconf 89' lang='lat' dir='ltr'>terram</span> <span class='ocrx_word' id='word_1_97' title='bbox 1737 1560 1834 1631; x_wconf 86' lang='lat' dir='ltr'>quam</span> <span class='ocrx_word' id='word_1_98' title='bbox 1859 1539 1973 1605; x_wconf 82' lang='lat' dir='ltr'>Iehoco</span> <span class='ocrx_word' id='word_1_99' title='bbox 1996 1539 2085 1606; x_wconf 91' lang='lat' dir='ltr'>Deus</span> <span class='ocrx_word' id='word_1_100' title='bbox 2111 1548 2185 1607; x_wconf 93' lang='lat' dir='ltr'>tuus</span> <span class='ocrx_word' id='word_1_101' title='bbox 2212 1538 2347 1610; x_wconf 88' lang='lat' dir='ltr'>daturus</span> 
     </span>
     <span class='ocr_line' id='line_1_10' title="bbox 392 1618 2105 1709; baseline -0.004 -20"><span class='ocrx_word' id='word_1_102' title='bbox 392 1627 459 1703; x_wconf 87' lang='lat' dir='ltr'>riis,</span> <span class='ocrx_word' id='word_1_103' title='bbox 482 1647 580 1706; x_wconf 89' lang='lat' dir='ltr'>quam</span> <span class='ocrx_word' id='word_1_104' title='bbox 597 1626 631 1687; x_wconf 93' lang='lat' dir='ltr'>in</span> <span class='ocrx_word' id='word_1_105' title='bbox 643 1623 812 1687; x_wconf 81' lang='lat' dir='ltr'>dominicis</span> <span class='ocrx_word' id='word_1_106' title='bbox 831 1619 925 1706; x_wconf 86' lang='lat' dir='ltr'>(quos</span> <span class='ocrx_word' id='word_1_107' title='bbox 936 1643 1024 1686; x_wconf 93' lang='lat' dir='ltr'>nuno</span> <span class='ocrx_word' id='word_1_108' title='bbox 1038 1621 1161 1685; x_wconf 90' lang='lat' dir='ltr'>habent</span> <span class='ocrx_word' id='word_1_109' title='bbox 1171 1618 1367 1703; x_wconf 83' lang='lat' dir='ltr'>Christiani)</span> <span class='ocrx_word' id='word_1_110' title='bbox 1837 1649 1886 1707; x_wconf 65' lang='lat' dir='ltr'>est</span> <span class='ocrx_word' id='word_1_111' title='bbox 1912 1640 1981 1709; x_wconf 45' lang='lat' dir='ltr'>tibi·</span> <span class='ocrx_word' id='word_1_112' title='bbox 2100 1636 2105 1646; x_wconf 75' lang='grc'><strong>“</strong></span> 
     </span>
     <span class='ocr_line' id='line_1_11' title="bbox 395 1706 2300 1790; baseline -0.006 -16"><span class='ocrx_word' id='word_1_113' title='bbox 395 1710 515 1774; x_wconf 83' lang='grc' dir='ltr'>(11ε1ιιιε.</span> <span class='ocrx_word' id='word_1_114' title='bbox 560 1711 646 1773; x_wconf 90' lang='lat' dir='ltr'>Nam</span> <span class='ocrx_word' id='word_1_115' title='bbox 679 1708 763 1790; x_wconf 93' lang='lat' dir='ltr'>quod</span> <span class='ocrx_word' id='word_1_116' title='bbox 793 1706 833 1771; x_wconf 88' lang='lat' dir='ltr'>ad</span> <span class='ocrx_word' id='word_1_117' title='bbox 864 1706 1072 1771; x_wconf 88' lang='lat' dir='ltr'>evertendam</span> <span class='ocrx_word' id='word_1_118' title='bbox 1101 1707 1368 1789; x_wconf 88' lang='lat' dir='ltr'>superstitionem</span> <span class='ocrx_word' id='word_1_119' title='bbox 2298 1751 2300 1753; x_wconf 86' lang='lat'>.</span> 
     </span>
     <span class='ocr_line' id='line_1_12' title="bbox 394 1790 2400 1877; baseline 0 -18"><span class='ocrx_word' id='word_1_120' title='bbox 394 1795 593 1877; x_wconf 82' lang='lat' dir='ltr'>expediebat,</span> <span class='ocrx_word' id='word_1_121' title='bbox 617 1794 765 1858; x_wconf 90' lang='lat' dir='ltr'>sublatus</span> <span class='ocrx_word' id='word_1_122' title='bbox 788 1799 837 1856; x_wconf 93' lang='lat' dir='ltr'>est</span> <span class='ocrx_word' id='word_1_123' title='bbox 848 1791 980 1856; x_wconf 83' lang='lat' dir='ltr'>ludaeis</span> <span class='ocrx_word' id='word_1_124' title='bbox 992 1792 1164 1875; x_wconf 87' lang='lat' dir='ltr'>religiosus</span> <span class='ocrx_word' id='word_1_125' title='bbox 1176 1790 1258 1870; x_wconf 88' lang='lat' dir='ltr'>dies,</span> <span class='ocrx_word' id='word_1_126' title='bbox 1283 1790 1367 1873; x_wconf 94' lang='lat' dir='ltr'>quod</span> <span class='ocrx_word' id='word_1_127' title='bbox 1507 1793 1556 1852; x_wconf 88' lang='lat'>35.</span> <span class='ocrx_word' id='word_1_128' title='bbox 1611 1790 1705 1854; x_wconf 81' lang='lat' dir='ltr'>Finis</span> <span class='ocrx_word' id='word_1_129' title='bbox 1743 1798 1806 1854; x_wconf 91' lang='lat' dir='ltr'>est:</span> <span class='ocrx_word' id='word_1_130' title='bbox 1847 1791 1999 1872; x_wconf 89' lang='lat' dir='ltr'>quoniam</span> <span class='ocrx_word' id='word_1_131' title='bbox 2031 1791 2173 1855; x_wconf 91' lang='lat' dir='ltr'>Domino</span> <span class='ocrx_word' id='word_1_132' title='bbox 2206 1792 2279 1857; x_wconf 92' lang='lat' dir='ltr'>Deo</span> <span class='ocrx_word' id='word_1_133' title='bbox 2316 1814 2400 1860; x_wconf 89' lang='lat' dir='ltr'>suae</span> 
     </span>
     <span class='ocr_line' id='line_1_13' title="bbox 395 1874 2399 1963; baseline -0.001 -18"><span class='ocrx_word' id='word_1_134' title='bbox 395 1880 524 1958; x_wconf 87' lang='lat' dir='ltr'>decoro,</span> <span class='ocrx_word' id='word_1_135' title='bbox 548 1880 668 1958; x_wconf 89' lang='lat' dir='ltr'>ordini,</span> <span class='ocrx_word' id='word_1_136' title='bbox 691 1880 779 1962; x_wconf 88' lang='lat' dir='ltr'>paci,</span> <span class='ocrx_word' id='word_1_137' title='bbox 802 1880 836 1941; x_wconf 91' lang='lat' dir='ltr'>in</span> <span class='ocrx_word' id='word_1_138' title='bbox 859 1876 993 1943; x_wconf 90' lang='lat' dir='ltr'>ecclesia</span> <span class='ocrx_word' id='word_1_139' title='bbox 1015 1877 1197 1942; x_wconf 87' lang='lat' dir='ltr'>retinendis</span> <span class='ocrx_word' id='word_1_140' title='bbox 1219 1899 1368 1942; x_wconf 91' lang='lat' dir='ltr'>necessa·</span> <span class='ocrx_word' id='word_1_141' title='bbox 1420 1874 1641 1958; x_wconf 88' lang='lat' dir='ltr'>dispositionis</span> <span class='ocrx_word' id='word_1_142' title='bbox 1664 1878 1866 1940; x_wconf 80' lang='lat' dir='ltr'>conservatio</span> <span class='ocrx_word' id='word_1_143' title='bbox 1888 1874 1976 1940; x_wconf 90' lang='lat' dir='ltr'>cordi</span> <span class='ocrx_word' id='word_1_144' title='bbox 1994 1883 2051 1954; x_wconf 89' lang='lat' dir='ltr'>est,</span> <span class='ocrx_word' id='word_1_145' title='bbox 2074 1875 2238 1942; x_wconf 90' lang='lat' dir='ltr'>ordinatos</span> <span class='ocrx_word' id='word_1_146' title='bbox 2259 1880 2301 1943; x_wconf 91' lang='lat' dir='ltr'>ab</span> <span class='ocrx_word' id='word_1_147' title='bbox 2324 1880 2399 1963; x_wconf 89' lang='lat' dir='ltr'>ipso</span> 
     </span>
     <span class='ocr_line' id='line_1_14' title="bbox 392 1961 2398 2046; baseline 0 -16"><span class='ocrx_word' id='word_1_148' title='bbox 392 1968 478 2031; x_wconf 91' lang='lat' dir='ltr'>rium</span> <span class='ocrx_word' id='word_1_149' title='bbox 500 1974 579 2046; x_wconf 89' lang='lat' dir='ltr'>erat,</span> <span class='ocrx_word' id='word_1_150' title='bbox 602 1966 684 2030; x_wconf 91' lang='lat' dir='ltr'>alter</span> <span class='ocrx_word' id='word_1_151' title='bbox 704 1966 741 2029; x_wconf 90' lang='lat' dir='ltr'>in</span> <span class='ocrx_word' id='word_1_152' title='bbox 762 1985 838 2027; x_wconf 89' lang='lat' dir='ltr'>eum</span> <span class='ocrx_word' id='word_1_153' title='bbox 860 1985 956 2028; x_wconf 85' lang='lat' dir='ltr'>usum</span> <span class='ocrx_word' id='word_1_154' title='bbox 977 1964 1157 2027; x_wconf 89' lang='lat' dir='ltr'>destinatus</span> <span class='ocrx_word' id='word_1_155' title='bbox 1179 1971 1237 2026; x_wconf 91' lang='lat' dir='ltr'>est.</span> <span class='ocrx_word' id='word_1_156' title='bbox 1421 1963 1615 2025; x_wconf 86' lang='lat' dir='ltr'>eminentiae</span> <span class='ocrx_word' id='word_1_157' title='bbox 1643 1961 1763 2043; x_wconf 89' lang='lat' dir='ltr'>gradus</span> <span class='ocrx_word' id='word_1_158' title='bbox 1791 1969 1940 2044; x_wconf 90' lang='lat' dir='ltr'>oportere</span> <span class='ocrx_word' id='word_1_159' title='bbox 1968 1962 2062 2025; x_wconf 91' lang='lat' dir='ltr'>nobis</span> <span class='ocrx_word' id='word_1_160' title='bbox 2089 1983 2159 2027; x_wconf 92' lang='lat' dir='ltr'>esse</span> <span class='ocrx_word' id='word_1_161' title='bbox 2181 1965 2398 2032; x_wconf 83' lang='lat' dir='ltr'>inviolabiles.</span> 
     </span>
     <span class='ocr_line' id='line_1_15' title="bbox 481 2045 2399 2133; baseline 0.002 -18"><span class='ocrx_word' id='word_1_162' title='bbox 481 2056 530 2115; x_wconf 88' lang='grc'>34.</span> <span class='ocrx_word' id='word_1_163' title='bbox 575 2050 771 2133; x_wconf 79' lang='lat' dir='ltr'>Quanquam</span> <span class='ocrx_word' id='word_1_164' title='bbox 804 2071 871 2113; x_wconf 91' lang='lat' dir='ltr'>non</span> <span class='ocrx_word' id='word_1_165' title='bbox 904 2051 974 2114; x_wconf 90' lang='lat' dir='ltr'>sine</span> <span class='ocrx_word' id='word_1_166' title='bbox 1008 2049 1135 2114; x_wconf 90' lang='lat' dir='ltr'>delectu</span> <span class='ocrx_word' id='word_1_167' title='bbox 1169 2049 1367 2113; x_wconf 91' lang='lat' dir='ltr'>dominicum</span> <span class='ocrx_word' id='word_1_168' title='bbox 1421 2045 1560 2111; x_wconf 80' lang='lat' dir='ltr'>Summa</span> <span class='ocrx_word' id='word_1_169' title='bbox 1581 2048 1684 2130; x_wconf 85' lang='lat' dir='ltr'>igitur</span> <span class='ocrx_word' id='word_1_170' title='bbox 1704 2048 1776 2125; x_wconf 83' lang='lat' dir='ltr'>crit,</span> <span class='ocrx_word' id='word_1_171' title='bbox 1798 2055 1836 2111; x_wconf 93' lang='grc' dir='ltr'>ιιι</span> <span class='ocrx_word' id='word_1_172' title='bbox 1856 2048 2040 2128; x_wconf 90' lang='lat' dir='ltr'>quosnobis</span> <span class='ocrx_word' id='word_1_173' title='bbox 2055 2049 2208 2129; x_wconf 83' lang='lat' dir='ltr'>praefecit</span> <span class='ocrx_word' id='word_1_174' title='bbox 2221 2049 2399 2132; x_wconf 85' lang='lat' dir='ltr'>Dominus,</span> 
     </span>
     <span class='ocr_line' id='line_1_16' title="bbox 392 2132 2401 2220; baseline 0 -19"><span class='ocrx_word' id='word_1_175' title='bbox 392 2158 489 2220; x_wconf 91' lang='lat' dir='ltr'>quem</span> <span class='ocrx_word' id='word_1_176' title='bbox 507 2158 661 2202; x_wconf 90' lang='lat' dir='ltr'>vocamus</span> <span class='ocrx_word' id='word_1_177' title='bbox 682 2136 768 2200; x_wconf 92' lang='lat' dir='ltr'>diem</span> <span class='ocrx_word' id='word_1_178' title='bbox 790 2143 917 2200; x_wconf 89' lang='lat' dir='ltr'>veteres</span> <span class='ocrx_word' id='word_1_179' title='bbox 939 2136 974 2198; x_wconf 92' lang='lat' dir='ltr'>in</span> <span class='ocrx_word' id='word_1_180' title='bbox 996 2134 1103 2198; x_wconf 91' lang='lat' dir='ltr'>locum</span> <span class='ocrx_word' id='word_1_181' title='bbox 1120 2135 1269 2199; x_wconf 83' lang='lat' dir='ltr'>sabbathi</span> <span class='ocrx_word' id='word_1_182' title='bbox 1291 2132 1367 2199; x_wconf 93' lang='lat' dir='ltr'>sub-</span> <span class='ocrx_word' id='word_1_183' title='bbox 1422 2153 1477 2197; x_wconf 89' lang='lat' dir='ltr'>eos</span> <span class='ocrx_word' id='word_1_184' title='bbox 1499 2134 1726 2215; x_wconf 90' lang='lat' dir='ltr'>suspiciamus,</span> <span class='ocrx_word' id='word_1_185' title='bbox 1757 2154 1874 2216; x_wconf 90' lang='lat' dir='ltr'>eosque</span> <span class='ocrx_word' id='word_1_186' title='bbox 1902 2133 2079 2197; x_wconf 90' lang='lat' dir='ltr'>ethonore</span> <span class='ocrx_word' id='word_1_187' title='bbox 2101 2140 2134 2197; x_wconf 85' lang='lat' dir='ltr'>et</span> <span class='ocrx_word' id='word_1_188' title='bbox 2155 2135 2343 2201; x_wconf 88' lang='lat' dir='ltr'>obedientia</span> <span class='ocrx_word' id='word_1_189' title='bbox 2365 2145 2401 2202; x_wconf 91' lang='lat' dir='ltr'>et</span> 
     </span>
     <span class='ocr_line' id='line_1_17' title="bbox 393 2217 2400 2306; baseline 0.002 -20"><span class='ocrx_word' id='word_1_190' title='bbox 393 2231 559 2306; x_wconf 87' lang='lat' dir='ltr'>rogarunt.</span> <span class='ocrx_word' id='word_1_191' title='bbox 591 2223 678 2286; x_wconf 91' lang='lat' dir='ltr'>Nam</span> <span class='ocrx_word' id='word_1_192' title='bbox 700 2243 801 2303; x_wconf 92' lang='lat' dir='ltr'>quum</span> <span class='ocrx_word' id='word_1_193' title='bbox 819 2242 915 2287; x_wconf 90' lang='lat' dir='ltr'>verae</span> <span class='ocrx_word' id='word_1_194' title='bbox 935 2220 1023 2284; x_wconf 90' lang='lat' dir='ltr'>illius</span> <span class='ocrx_word' id='word_1_195' title='bbox 1045 2221 1170 2301; x_wconf 87' lang='lat' dir='ltr'>quietis,</span> <span class='ocrx_word' id='word_1_196' title='bbox 1192 2241 1290 2302; x_wconf 87' lang='lat' dir='ltr'>quam</span> <span class='ocrx_word' id='word_1_197' title='bbox 1311 2241 1367 2283; x_wconf 91' lang='lat' dir='ltr'>ve·</span> <span class='ocrx_word' id='word_1_198' title='bbox 1421 2217 1620 2300; x_wconf 83' lang='lat' dir='ltr'>gratitudine</span> <span class='ocrx_word' id='word_1_199' title='bbox 1646 2239 1888 2301; x_wconf 88' lang='lat' dir='ltr'>prosequamur.</span> <span class='ocrx_word' id='word_1_200' title='bbox 1938 2219 2035 2284; x_wconf 90' lang='lat' dir='ltr'>Unde</span> <span class='ocrx_word' id='word_1_201' title='bbox 2066 2219 2212 2301; x_wconf 89' lang='lat' dir='ltr'>sequitur</span> <span class='ocrx_word' id='word_1_202' title='bbox 2238 2221 2400 2290; x_wconf 78' lang='lat' dir='ltr'>interdic·</span> 
     </span>
     <span class='ocr_line' id='line_1_18' title="bbox 393 2304 2400 2387; baseline 0.001 -15"><span class='ocrx_word' id='word_1_203' title='bbox 393 2317 447 2373; x_wconf 90' lang='lat' dir='ltr'>tus</span> <span class='ocrx_word' id='word_1_204' title='bbox 469 2308 664 2373; x_wconf 89' lang='lat' dir='ltr'>sabbathum</span> <span class='ocrx_word' id='word_1_205' title='bbox 688 2306 910 2384; x_wconf 88' lang='lat' dir='ltr'>adumbrabat,</span> <span class='ocrx_word' id='word_1_206' title='bbox 933 2307 967 2369; x_wconf 91' lang='lat' dir='ltr'>in</span> <span class='ocrx_word' id='word_1_207' title='bbox 986 2307 1222 2370; x_wconf 87' lang='lat' dir='ltr'>resurrectione</span> <span class='ocrx_word' id='word_1_208' title='bbox 1235 2305 1368 2369; x_wconf 91' lang='lat' dir='ltr'>Domini</span> <span class='ocrx_word' id='word_1_209' title='bbox 1420 2312 1507 2381; x_wconf 91' lang='lat' dir='ltr'>tum,</span> <span class='ocrx_word' id='word_1_210' title='bbox 1536 2304 1677 2386; x_wconf 91' lang='lat' dir='ltr'>nequid</span> <span class='ocrx_word' id='word_1_211' title='bbox 1699 2326 1812 2368; x_wconf 87' lang='lat' dir='ltr'>eorum</span> <span class='ocrx_word' id='word_1_212' title='bbox 1835 2304 2003 2387; x_wconf 81' lang='lat' dir='ltr'>dignitati,</span> <span class='ocrx_word' id='word_1_213' title='bbox 2032 2305 2085 2370; x_wconf 91' lang='lat' dir='ltr'>vel</span> <span class='ocrx_word' id='word_1_214' title='bbox 2108 2314 2235 2370; x_wconf 90' lang='lat' dir='ltr'>contem</span> <span class='ocrx_word' id='word_1_215' title='bbox 2259 2314 2312 2386; x_wconf 91' lang='lat' dir='ltr'>tu,</span> <span class='ocrx_word' id='word_1_216' title='bbox 2342 2309 2400 2374; x_wconf 91' lang='lat' dir='ltr'>vel</span> 
     </span>
     <span class='ocr_line' id='line_1_19' title="bbox 392 2328 2401 2474; baseline 0.001 -16"><span class='ocrx_word' id='word_1_217' title='bbox 392 2396 468 2458; x_wconf 88' lang='lat' dir='ltr'>finis</span> <span class='ocrx_word' id='word_1_218' title='bbox 503 2395 546 2458; x_wconf 92' lang='lat' dir='ltr'>sit</span> <span class='ocrx_word' id='word_1_219' title='bbox 579 2415 617 2457; x_wconf 87' lang='lat' dir='ltr'>ac</span> <span class='ocrx_word' id='word_1_220' title='bbox 650 2393 940 2473; x_wconf 82' lang='lat' dir='ltr'>complementum,</span> <span class='ocrx_word' id='word_1_221' title='bbox 968 2393 1037 2474; x_wconf 91' lang='lat' dir='ltr'>ipso</span> <span class='ocrx_word' id='word_1_222' title='bbox 1066 2392 1133 2469; x_wconf 72' lang='lat' dir='ltr'>die,</span> <span class='ocrx_word' id='word_1_223' title='bbox 1161 2393 1217 2473; x_wconf 92' lang='lat' dir='ltr'>qui</span> <span class='ocrx_word' id='word_1_224' title='bbox 1243 2391 1367 2455; x_wconf 88' lang='lat' dir='ltr'>umbris</span> <span class='ocrx_word' id='word_1_225' title='bbox 1420 2390 1632 2467; x_wconf 86' lang='lat' dir='ltr'>contumacia,</span> <span class='ocrx_word' id='word_1_226' title='bbox 1655 2390 1706 2453; x_wconf 91' lang='lat' dir='ltr'>vel</span> <span class='ocrx_word' id='word_1_227' title='bbox 1728 2390 1962 2473; x_wconf 83' lang='lat' dir='ltr'>ingratitudine</span> <span class='ocrx_word' id='word_1_228' title='bbox 1985 2390 2186 2473; x_wconf 88' lang='lat' dir='ltr'>derogemus.</span> <span class='ocrx_word' id='word_1_229' title='bbox 2227 2328 2285 2457; x_wconf 58' lang='lat' dir='ltr'>dic</span> <span class='ocrx_word' id='word_1_230' title='bbox 2306 2394 2401 2462; x_wconf 89' lang='lat' dir='ltr'>enim</span> 
     </span>
     <span class='ocr_line' id='line_1_20' title="bbox 392 2474 2401 2562; baseline 0 -18"><span class='ocrx_word' id='word_1_231' title='bbox 392 2481 493 2544; x_wconf 91' lang='lat' dir='ltr'>finem</span> <span class='ocrx_word' id='word_1_232' title='bbox 521 2478 645 2556; x_wconf 89' lang='lat' dir='ltr'>attulit,</span> <span class='ocrx_word' id='word_1_233' title='bbox 680 2477 895 2542; x_wconf 89' lang='lat' dir='ltr'>admonentur</span> <span class='ocrx_word' id='word_1_234' title='bbox 924 2476 1106 2541; x_wconf 82' lang='lat' dir='ltr'>Christiani</span> <span class='ocrx_word' id='word_1_235' title='bbox 1133 2499 1174 2541; x_wconf 91' lang='lat' dir='ltr'>ne</span> <span class='ocrx_word' id='word_1_236' title='bbox 1202 2476 1368 2540; x_wconf 89' lang='lat' dir='ltr'>umbratili</span> <span class='ocrx_word' id='word_1_237' title='bbox 1419 2474 1484 2539; x_wconf 86' lang='lat' dir='ltr'>late</span> <span class='ocrx_word' id='word_1_238' title='bbox 1501 2483 1591 2557; x_wconf 87' lang='lat' dir='ltr'>patet</span> <span class='ocrx_word' id='word_1_239' title='bbox 1607 2475 1803 2540; x_wconf 89' lang='lat' dir='ltr'>vocabulum</span> <span class='ocrx_word' id='word_1_240' title='bbox 1820 2476 1953 2540; x_wconf 91' lang='lat' dir='ltr'>honoris</span> <span class='ocrx_word' id='word_1_241' title='bbox 1969 2476 2006 2539; x_wconf 91' lang='lat' dir='ltr'>in</span> <span class='ocrx_word' id='word_1_242' title='bbox 2024 2476 2193 2559; x_wconf 88' lang='lat' dir='ltr'>scriptura.</span> <span class='ocrx_word' id='word_1_243' title='bbox 2227 2479 2276 2544; x_wconf 90' lang='lat' dir='ltr'>Ut</span> <span class='ocrx_word' id='word_1_244' title='bbox 2292 2501 2401 2562; x_wconf 93' lang='lat' dir='ltr'>quum</span> 
     </span>
     <span class='ocr_line' id='line_1_21' title="bbox 393 2560 2401 2647; baseline 0 -17"><span class='ocrx_word' id='word_1_245' title='bbox 393 2565 614 2630; x_wconf 89' lang='lat' dir='ltr'>caeremoniae</span> <span class='ocrx_word' id='word_1_246' title='bbox 637 2564 839 2627; x_wconf 87' lang='lat' dir='ltr'>inhaereant.</span> <span class='ocrx_word' id='word_1_247' title='bbox 883 2563 997 2644; x_wconf 87' lang='lat' dir='ltr'>Neque</span> <span class='ocrx_word' id='word_1_248' title='bbox 1018 2564 1063 2626; x_wconf 89' lang='lat' dir='ltr'>sic</span> <span class='ocrx_word' id='word_1_249' title='bbox 1085 2569 1196 2626; x_wconf 90' lang='lat' dir='ltr'>tamen</span> <span class='ocrx_word' id='word_1_250' title='bbox 1218 2570 1367 2644; x_wconf 90' lang='lat' dir='ltr'>septena-</span> <span class='ocrx_word' id='word_1_251' title='bbox 1420 2561 1499 2627; x_wconf 89' lang='lat' dir='ltr'>dicit</span> <span class='ocrx_word' id='word_1_252' title='bbox 1521 2561 1686 2644; x_wconf 89' lang='lat' dir='ltr'>apostolus</span> <span class='ocrx_word' id='word_1_253' title='bbox 1709 2560 1741 2644; x_wconf 94' lang='lat'>(1</span> <span class='ocrx_word' id='word_1_254' title='bbox 1763 2562 1846 2625; x_wconf 79' lang='lat' dir='ltr'>rim.</span> <span class='ocrx_word' id='word_1_255' title='bbox 1867 2566 1895 2639; x_wconf 83' lang='lat'>5,</span> <span class='ocrx_word' id='word_1_256' title='bbox 1918 2561 1981 2645; x_wconf 84' lang='lat'>17),</span> <span class='ocrx_word' id='word_1_257' title='bbox 2004 2563 2211 2647; x_wconf 80' lang='lat' dir='ltr'>presbyteros</span> <span class='ocrx_word' id='word_1_258' title='bbox 2232 2566 2289 2646; x_wconf 89' lang='lat' dir='ltr'>qui</span> <span class='ocrx_word' id='word_1_259' title='bbox 2311 2563 2401 2631; x_wconf 87' lang='lat' dir='ltr'>bene</span> 
     </span>
     <span class='ocr_line' id='line_1_22' title="bbox 393 2646 2400 2730; baseline 0.001 -17"><span class='ocrx_word' id='word_1_260' title='bbox 393 2650 480 2713; x_wconf 89' lang='lat' dir='ltr'>rium</span> <span class='ocrx_word' id='word_1_261' title='bbox 506 2670 679 2713; x_wconf 88' lang='lat' dir='ltr'>numerum</span> <span class='ocrx_word' id='word_1_262' title='bbox 708 2670 831 2728; x_wconf 87' lang='lat' dir='ltr'>moror,</span> <span class='ocrx_word' id='word_1_263' title='bbox 864 2654 901 2712; x_wconf 96' lang='lat' dir='ltr'>ut</span> <span class='ocrx_word' id='word_1_264' title='bbox 928 2650 997 2712; x_wconf 91' lang='lat' dir='ltr'>eius</span> <span class='ocrx_word' id='word_1_265' title='bbox 1022 2649 1173 2712; x_wconf 90' lang='lat' dir='ltr'>servituti</span> <span class='ocrx_word' id='word_1_266' title='bbox 1200 2647 1368 2711; x_wconf 88' lang='lat' dir='ltr'>ecclesiam</span> <span class='ocrx_word' id='word_1_267' title='bbox 1419 2655 1583 2730; x_wconf 86' lang='lat' dir='ltr'>praesunt,</span> <span class='ocrx_word' id='word_1_268' title='bbox 1606 2647 1724 2729; x_wconf 91' lang='lat' dir='ltr'>duplici</span> <span class='ocrx_word' id='word_1_269' title='bbox 1747 2646 1871 2711; x_wconf 90' lang='lat' dir='ltr'>honore</span> <span class='ocrx_word' id='word_1_270' title='bbox 1893 2647 2008 2730; x_wconf 89' lang='lat' dir='ltr'>dignos</span> <span class='ocrx_word' id='word_1_271' title='bbox 2029 2669 2113 2726; x_wconf 92' lang='lat' dir='ltr'>esse,</span> <span class='ocrx_word' id='word_1_272' title='bbox 2136 2669 2204 2712; x_wconf 92' lang='lat' dir='ltr'>non</span> <span class='ocrx_word' id='word_1_273' title='bbox 2225 2649 2322 2714; x_wconf 92' lang='lat' dir='ltr'>modo</span> <span class='ocrx_word' id='word_1_274' title='bbox 2342 2672 2400 2716; x_wconf 89' lang='lat' dir='ltr'>re·</span> 
     </span>
     <span class='ocr_line' id='line_1_23' title="bbox 393 2731 2401 2818; baseline 0.001 -20"><span class='ocrx_word' id='word_1_275' title='bbox 393 2736 584 2818; x_wconf 86' lang='lat' dir='ltr'>astringam.</span> <span class='ocrx_word' id='word_1_276' title='bbox 629 2734 743 2816; x_wconf 88' lang='lat' dir='ltr'>Neque</span> <span class='ocrx_word' id='word_1_277' title='bbox 765 2735 852 2798; x_wconf 90' lang='lat' dir='ltr'>enim</span> <span class='ocrx_word' id='word_1_278' title='bbox 874 2734 1024 2798; x_wconf 90' lang='lat' dir='ltr'>ecclesias</span> <span class='ocrx_word' id='word_1_279' title='bbox 1046 2731 1258 2809; x_wconf 89' lang='lat' dir='ltr'>damnavero,</span> <span class='ocrx_word' id='word_1_280' title='bbox 1285 2754 1367 2815; x_wconf 89' lang='lat' dir='ltr'>quae</span> <span class='ocrx_word' id='word_1_281' title='bbox 1419 2735 1600 2798; x_wconf 83' lang='lat' dir='ltr'>versutiam</span> <span class='ocrx_word' id='word_1_282' title='bbox 1621 2734 1661 2795; x_wconf 90' lang='lat' dir='ltr'>iis</span> <span class='ocrx_word' id='word_1_283' title='bbox 1681 2733 1791 2796; x_wconf 90' lang='lat' dir='ltr'>deberi</span> <span class='ocrx_word' id='word_1_284' title='bbox 1802 2732 1965 2816; x_wconf 89' lang='lat' dir='ltr'>intelligit,</span> <span class='ocrx_word' id='word_1_285' title='bbox 1985 2731 2047 2808; x_wconf 88' lang='lat' dir='ltr'>sed</span> <span class='ocrx_word' id='word_1_286' title='bbox 2063 2755 2163 2816; x_wconf 92' lang='lat' dir='ltr'>quam</span> <span class='ocrx_word' id='word_1_287' title='bbox 2173 2735 2401 2801; x_wconf 89' lang='lat' dir='ltr'>ministerium</span> 
     </span>
     <span class='ocr_line' id='line_1_24' title="bbox 392 2817 2400 2899; baseline 0.001 -14"><span class='ocrx_word' id='word_1_288' title='bbox 392 2821 472 2885; x_wconf 92' lang='lat' dir='ltr'>alios</span> <span class='ocrx_word' id='word_1_289' title='bbox 495 2820 709 2885; x_wconf 90' lang='lat' dir='ltr'>conventibus</span> <span class='ocrx_word' id='word_1_290' title='bbox 738 2821 805 2885; x_wconf 88' lang='lat' dir='ltr'>suis</span> <span class='ocrx_word' id='word_1_291' title='bbox 828 2820 976 2884; x_wconf 88' lang='lat' dir='ltr'>solennes</span> <span class='ocrx_word' id='word_1_292' title='bbox 999 2819 1067 2882; x_wconf 89' lang='lat' dir='ltr'>dies</span> <span class='ocrx_word' id='word_1_293' title='bbox 1090 2819 1245 2896; x_wconf 86' lang='lat' dir='ltr'>habeant,</span> <span class='ocrx_word' id='word_1_294' title='bbox 1271 2818 1367 2882; x_wconf 92' lang='lat' dir='ltr'>modo</span> <span class='ocrx_word' id='word_1_295' title='bbox 1420 2840 1532 2883; x_wconf 90' lang='lat' dir='ltr'>eorum</span> <span class='ocrx_word' id='word_1_296' title='bbox 1558 2820 1853 2883; x_wconf 86' lang='lat' dir='ltr'>remunerationem</span> <span class='ocrx_word' id='word_1_297' title='bbox 1885 2826 2037 2883; x_wconf 91' lang='lat' dir='ltr'>meretur.</span> <span class='ocrx_word' id='word_1_298' title='bbox 2088 2817 2252 2899; x_wconf 78' lang='lat' dir='ltr'>Quoniam</span> <span class='ocrx_word' id='word_1_299' title='bbox 2281 2828 2400 2887; x_wconf 86' lang='lat' dir='ltr'>autem</span> 
     </span>
     <span class='ocr_line' id='line_1_25' title="bbox 393 2903 2399 2990; baseline 0 -20"><span class='ocrx_word' id='word_1_300' title='bbox 393 2928 414 2970; x_wconf 92' lang='lat' dir='ltr'>a</span> <span class='ocrx_word' id='word_1_301' title='bbox 446 2906 673 2987; x_wconf 87' lang='lat' dir='ltr'>superstitione</span> <span class='ocrx_word' id='word_1_302' title='bbox 707 2905 821 2970; x_wconf 87' lang='lat' dir='ltr'>absint</span> <span class='ocrx_word' id='word_1_303' title='bbox 884 2903 981 2984; x_wconf 80' lang='lat' dir='ltr'>Quod</span> <span class='ocrx_word' id='word_1_304' title='bbox 1014 2905 1092 2982; x_wconf 89' lang='lat' dir='ltr'>erit,</span> <span class='ocrx_word' id='word_1_305' title='bbox 1127 2906 1155 2968; x_wconf 91' lang='lat' dir='ltr'>si</span> <span class='ocrx_word' id='word_1_306' title='bbox 1189 2905 1230 2969; x_wconf 88' lang='lat' dir='ltr'>ad</span> <span class='ocrx_word' id='word_1_307' title='bbox 1263 2904 1366 2969; x_wconf 89' lang='lat' dir='ltr'>solam</span> <span class='ocrx_word' id='word_1_308' title='bbox 1418 2905 1480 2970; x_wconf 91' lang='lat' dir='ltr'>hoc</span> <span class='ocrx_word' id='word_1_309' title='bbox 1502 2905 1542 2969; x_wconf 91' lang='lat' dir='ltr'>de</span> <span class='ocrx_word' id='word_1_310' title='bbox 1564 2904 1762 2969; x_wconf 86' lang='lat' dir='ltr'>subiectione</span> <span class='ocrx_word' id='word_1_311' title='bbox 1783 2911 1994 2987; x_wconf 85' lang='lat' dir='ltr'>praeceptum</span> <span class='ocrx_word' id='word_1_312' title='bbox 2015 2926 2091 2970; x_wconf 90' lang='lat' dir='ltr'>cum</span> <span class='ocrx_word' id='word_1_313' title='bbox 2109 2905 2247 2970; x_wconf 90' lang='lat' dir='ltr'>humani</span> <span class='ocrx_word' id='word_1_314' title='bbox 2266 2906 2399 2990; x_wconf 88' lang='lat' dir='ltr'>ingenii</span> 
     </span>
     <span class='ocr_line' id='line_1_26' title="bbox 393 2988 2398 3074; baseline 0.001 -18"><span class='ocrx_word' id='word_1_315' title='bbox 393 2991 632 3056; x_wconf 72' lang='lat' dir='ltr'>observatiorem-</span> <span class='ocrx_word' id='word_1_316' title='bbox 670 2990 859 3074; x_wconf 86' lang='lat' dir='ltr'>disciplinae</span> <span class='ocrx_word' id='word_1_317' title='bbox 892 2994 919 3054; x_wconf 79' lang='lat' dir='ltr'>et</span> <span class='ocrx_word' id='word_1_318' title='bbox 950 2990 1073 3055; x_wconf 77' lang='lat' dir='ltr'>ordinis</span> <span class='ocrx_word' id='word_1_319' title='bbox 1105 2990 1176 3055; x_wconf 82' lang='lat' dir='ltr'>beas</span> <span class='ocrx_word' id='word_1_320' title='bbox 1208 2988 1367 3072; x_wconf 72' lang='lat' dir='ltr'>conpositi</span> <span class='ocrx_word' id='word_1_321' title='bbox 1418 2991 1580 3073; x_wconf 82' lang='lat' dir='ltr'>pravitate</span> <span class='ocrx_word' id='word_1_322' title='bbox 1610 2989 1706 3055; x_wconf 91' lang='lat' dir='ltr'>valde</span> <span class='ocrx_word' id='word_1_323' title='bbox 1737 2996 1864 3073; x_wconf 89' lang='lat' dir='ltr'>pugnat</span> <span class='ocrx_word' id='word_1_324' title='bbox 1898 2988 2015 3073; x_wconf 88' lang='lat' dir='ltr'>(quod,</span> <span class='ocrx_word' id='word_1_325' title='bbox 2048 2998 2087 3053; x_wconf 93' lang='grc' dir='ltr'>ιιι</span> <span class='ocrx_word' id='word_1_326' title='bbox 2115 3000 2165 3056; x_wconf 90' lang='lat' dir='ltr'>est</span> <span class='ocrx_word' id='word_1_327' title='bbox 2191 2991 2398 3058; x_wconf 85' lang='lat' dir='ltr'>celsitudinis</span> 
     </span>
     <span class='ocr_line' id='line_1_27' title="bbox 393 3074 2397 3161; baseline 0.002 -22"><span class='ocrx_word' id='word_1_328' title='bbox 393 3078 585 3141; x_wconf 86' lang='lat' dir='ltr'>referantur.</span> <span class='ocrx_word' id='word_1_329' title='bbox 631 3074 771 3140; x_wconf 84' lang='lat' dir='ltr'>Summa</span> <span class='ocrx_word' id='word_1_330' title='bbox 792 3077 854 3139; x_wconf 79' lang='lat' dir='ltr'>sitz&#39;</span> <span class='ocrx_word' id='word_1_331' title='bbox 878 3083 915 3139; x_wconf 93' lang='lat' dir='ltr'>ut</span> <span class='ocrx_word' id='word_1_332' title='bbox 936 3076 996 3140; x_wconf 91' lang='lat' dir='ltr'>sub</span> <span class='ocrx_word' id='word_1_333' title='bbox 1018 3077 1125 3158; x_wconf 89' lang='lat' dir='ltr'>figura</span> <span class='ocrx_word' id='word_1_334' title='bbox 1147 3075 1277 3140; x_wconf 91' lang='lat' dir='ltr'>Iudaeis</span> <span class='ocrx_word' id='word_1_335' title='bbox 1299 3082 1366 3140; x_wconf 73' lang='lat' dir='ltr'>tra»</span> <span class='ocrx_word' id='word_1_336' title='bbox 1419 3076 1605 3160; x_wconf 85' lang='lat' dir='ltr'>appetentia</span> <span class='ocrx_word' id='word_1_337' title='bbox 1626 3076 1803 3159; x_wconf 90' lang='lat' dir='ltr'>turgidum,</span> <span class='ocrx_word' id='word_1_338' title='bbox 1826 3096 1923 3159; x_wconf 88' lang='lat' dir='ltr'>aegre</span> <span class='ocrx_word' id='word_1_339' title='bbox 1945 3097 1979 3141; x_wconf 89' lang='lat' dir='ltr'>se</span> <span class='ocrx_word' id='word_1_340' title='bbox 1997 3075 2112 3141; x_wconf 92' lang='lat' dir='ltr'>subiici</span> <span class='ocrx_word' id='word_1_341' title='bbox 2124 3075 2282 3161; x_wconf 88' lang='lat' dir='ltr'>sustinet),</span> <span class='ocrx_word' id='word_1_342' title='bbox 2306 3098 2397 3159; x_wconf 88' lang='lat' dir='ltr'>qnae</span> 
     </span>
     <span class='ocr_line' id='line_1_28' title="bbox 392 3160 2399 3237; baseline 0.001 -12"><span class='ocrx_word' id='word_1_343' title='bbox 392 3161 529 3225; x_wconf 90' lang='lat' dir='ltr'>debatur</span> <span class='ocrx_word' id='word_1_344' title='bbox 546 3160 676 3237; x_wconf 90' lang='lat' dir='ltr'>veritas,</span> <span class='ocrx_word' id='word_1_345' title='bbox 695 3161 743 3225; x_wconf 91' lang='lat' dir='ltr'>ita</span> <span class='ocrx_word' id='word_1_346' title='bbox 762 3161 854 3225; x_wconf 89' lang='lat' dir='ltr'>nobis</span> <span class='ocrx_word' id='word_1_347' title='bbox 875 3160 945 3225; x_wconf 92' lang='lat' dir='ltr'>sine</span> <span class='ocrx_word' id='word_1_348' title='bbox 962 3161 1088 3225; x_wconf 88' lang='lat' dir='ltr'>umbris</span> <span class='ocrx_word' id='word_1_349' title='bbox 1106 3161 1366 3226; x_wconf 89' lang='lat' dir='ltr'>commendatur:</span> <span class='ocrx_word' id='word_1_350' title='bbox 1418 3170 1537 3227; x_wconf 89' lang='lat' dir='ltr'>natura</span> <span class='ocrx_word' id='word_1_351' title='bbox 1567 3162 1710 3226; x_wconf 86' lang='lat' dir='ltr'>maxime</span> <span class='ocrx_word' id='word_1_352' title='bbox 1743 3161 1891 3226; x_wconf 90' lang='lat' dir='ltr'>amabilis</span> <span class='ocrx_word' id='word_1_353' title='bbox 1920 3167 1970 3225; x_wconf 91' lang='lat' dir='ltr'>est</span> <span class='ocrx_word' id='word_1_354' title='bbox 2001 3182 2038 3226; x_wconf 87' lang='lat' dir='ltr'>ao</span> <span class='ocrx_word' id='word_1_355' title='bbox 2065 3162 2197 3226; x_wconf 92' lang='lat' dir='ltr'>minime</span> <span class='ocrx_word' id='word_1_356' title='bbox 2227 3160 2399 3228; x_wconf 82' lang='lat' dir='ltr'>invidiosa</span> 
     </span>
     <span class='ocr_line' id='line_1_29' title="bbox 392 3246 2401 3331; baseline 0.002 -21"><span class='ocrx_word' id='word_1_357' title='bbox 392 3248 545 3331; x_wconf 90' lang='lat' dir='ltr'>primum,</span> <span class='ocrx_word' id='word_1_358' title='bbox 566 3255 604 3309; x_wconf 93' lang='lat' dir='ltr'>ut</span> <span class='ocrx_word' id='word_1_359' title='bbox 620 3253 814 3328; x_wconf 90' lang='lat' dir='ltr'>perpetuum</span> <span class='ocrx_word' id='word_1_360' title='bbox 835 3252 904 3311; x_wconf 87' lang='lat' dir='ltr'>tota</span> <span class='ocrx_word' id='word_1_361' title='bbox 921 3246 991 3311; x_wconf 90' lang='lat' dir='ltr'>vita</span> <span class='ocrx_word' id='word_1_362' title='bbox 1013 3247 1247 3311; x_wconf 86' lang='lat' dir='ltr'>sabbatismum</span> <span class='ocrx_word' id='word_1_363' title='bbox 1264 3246 1367 3311; x_wconf 92' lang='lat' dir='ltr'>medi·</span> <span class='ocrx_word' id='word_1_364' title='bbox 1419 3248 1638 3330; x_wconf 86' lang='lat' dir='ltr'>superioritas‚</span> <span class='ocrx_word' id='word_1_365' title='bbox 1661 3248 1696 3310; x_wconf 94' lang='lat' dir='ltr'>in</span> <span class='ocrx_word' id='word_1_366' title='bbox 1717 3247 1884 3330; x_wconf 82' lang='lat' dir='ltr'>exemplar</span> <span class='ocrx_word' id='word_1_367' title='bbox 1904 3249 2070 3329; x_wconf 88' lang='lat' dir='ltr'>proposita</span> <span class='ocrx_word' id='word_1_368' title='bbox 2087 3253 2149 3326; x_wconf 89' lang='lat' dir='ltr'>est;</span> <span class='ocrx_word' id='word_1_369' title='bbox 2170 3247 2245 3329; x_wconf 89' lang='lat' dir='ltr'>quia</span> <span class='ocrx_word' id='word_1_370' title='bbox 2261 3247 2401 3315; x_wconf 86' lang='lat' dir='ltr'>facilius</span> 
     </span>
     <span class='ocr_line' id='line_1_30' title="bbox 393 3331 2401 3414; baseline 0.002 -17"><span class='ocrx_word' id='word_1_371' title='bbox 393 3340 501 3397; x_wconf 85' lang='lat' dir='ltr'>tamur</span> <span class='ocrx_word' id='word_1_372' title='bbox 523 3355 543 3397; x_wconf 89' lang='lat' dir='ltr'>a</span> <span class='ocrx_word' id='word_1_373' title='bbox 564 3332 684 3396; x_wconf 90' lang='lat' dir='ltr'>nostris</span> <span class='ocrx_word' id='word_1_374' title='bbox 702 3331 861 3413; x_wconf 83' lang='lat' dir='ltr'>operibus,</span> <span class='ocrx_word' id='word_1_375' title='bbox 886 3353 948 3413; x_wconf 93' lang='lat' dir='ltr'>quo</span> <span class='ocrx_word' id='word_1_376' title='bbox 961 3333 1124 3396; x_wconf 91' lang='lat' dir='ltr'>Dominus</span> <span class='ocrx_word' id='word_1_377' title='bbox 1145 3333 1180 3396; x_wconf 93' lang='lat' dir='ltr'>in</span> <span class='ocrx_word' id='word_1_378' title='bbox 1198 3331 1291 3396; x_wconf 90' lang='lat' dir='ltr'>nobis</span> <span class='ocrx_word' id='word_1_379' title='bbox 1308 3354 1368 3414; x_wconf 93' lang='lat' dir='ltr'>per</span> <span class='ocrx_word' id='word_1_380' title='bbox 1419 3334 1546 3397; x_wconf 91' lang='lat' dir='ltr'>animos</span> <span class='ocrx_word' id='word_1_381' title='bbox 1563 3339 1691 3398; x_wconf 90' lang='lat' dir='ltr'>nostros</span> <span class='ocrx_word' id='word_1_382' title='bbox 1708 3333 1853 3397; x_wconf 87' lang='lat' dir='ltr'>emollire</span> <span class='ocrx_word' id='word_1_383' title='bbox 1875 3339 1909 3397; x_wconf 91' lang='lat' dir='ltr'>et</span> <span class='ocrx_word' id='word_1_384' title='bbox 1925 3333 2090 3398; x_wconf 85' lang='lat' dir='ltr'>inflectere</span> <span class='ocrx_word' id='word_1_385' title='bbox 2108 3331 2149 3396; x_wconf 92' lang='lat' dir='ltr'>ad</span> <span class='ocrx_word' id='word_1_386' title='bbox 2166 3332 2401 3401; x_wconf 88' lang='lat' dir='ltr'>submissionis</span> 
     </span>
     <span class='ocr_line' id='line_1_31' title="bbox 393 3416 2402 3502; baseline 0.001 -19"><span class='ocrx_word' id='word_1_387' title='bbox 393 3440 491 3483; x_wconf 92' lang='lat' dir='ltr'>suum</span> <span class='ocrx_word' id='word_1_388' title='bbox 514 3419 666 3499; x_wconf 91' lang='lat' dir='ltr'>spiritum</span> <span class='ocrx_word' id='word_1_389' title='bbox 688 3425 841 3499; x_wconf 88' lang='lat' dir='ltr'>operetur</span> <span class='ocrx_word' id='word_1_390' title='bbox 848 3440 856 3496; x_wconf 91' lang='lat'>;</span> <span class='ocrx_word' id='word_1_391' title='bbox 880 3416 997 3481; x_wconf 90' lang='lat' dir='ltr'>deinde</span> <span class='ocrx_word' id='word_1_392' title='bbox 1018 3425 1056 3480; x_wconf 91' lang='lat' dir='ltr'>ut</span> <span class='ocrx_word' id='word_1_393' title='bbox 1076 3418 1132 3500; x_wconf 90' lang='lat' dir='ltr'>pia</span> <span class='ocrx_word' id='word_1_394' title='bbox 1151 3439 1289 3501; x_wconf 90' lang='lat' dir='ltr'>operum</span> <span class='ocrx_word' id='word_1_395' title='bbox 1301 3418 1366 3482; x_wconf 92' lang='lat' dir='ltr'>Dei</span> <span class='ocrx_word' id='word_1_396' title='bbox 1419 3418 1685 3483; x_wconf 89' lang='lat' dir='ltr'>consuetudinem</span> <span class='ocrx_word' id='word_1_397' title='bbox 1707 3425 1843 3500; x_wconf 89' lang='lat' dir='ltr'>poterat.</span> <span class='ocrx_word' id='word_1_398' title='bbox 1880 3418 1935 3482; x_wconf 83' lang='lat' dir='ltr'>Ad</span> <span class='ocrx_word' id='word_1_399' title='bbox 1961 3439 2091 3483; x_wconf 93' lang='lat' dir='ltr'>omnem</span> <span class='ocrx_word' id='word_1_400' title='bbox 2113 3440 2191 3502; x_wconf 85' lang='lat' dir='ltr'>ergo</span> <span class='ocrx_word' id='word_1_401' title='bbox 2211 3417 2402 3502; x_wconf 77' lang='lat' dir='ltr'>legitimam</span> 
     </span>
     <span class='ocr_line' id='line_1_32' title="bbox 393 3502 2401 3588; baseline 0.001 -20"><span class='ocrx_word' id='word_1_402' title='bbox 393 3504 614 3588; x_wconf 88' lang='lat' dir='ltr'>recognitione</span> <span class='ocrx_word' id='word_1_403' title='bbox 636 3504 790 3586; x_wconf 90' lang='lat' dir='ltr'>privatim</span> <span class='ocrx_word' id='word_1_404' title='bbox 812 3525 847 3567; x_wconf 90' lang='lat' dir='ltr'>se</span> <span class='ocrx_word' id='word_1_405' title='bbox 869 3504 1014 3585; x_wconf 91' lang='lat' dir='ltr'>quisque,</span> <span class='ocrx_word' id='word_1_406' title='bbox 1038 3504 1163 3584; x_wconf 91' lang='lat' dir='ltr'>quoties</span> <span class='ocrx_word' id='word_1_407' title='bbox 1186 3513 1296 3580; x_wconf 89' lang='lat' dir='ltr'>vacat,</span> <span class='ocrx_word' id='word_1_408' title='bbox 1317 3502 1366 3568; x_wconf 89' lang='lat' dir='ltr'>di-</span> <span class='ocrx_word' id='word_1_409' title='bbox 1419 3503 1650 3569; x_wconf 87' lang='lat' dir='ltr'>subiectionem</span> <span class='ocrx_word' id='word_1_410' title='bbox 1678 3505 1719 3568; x_wconf 89' lang='lat' dir='ltr'>ab</span> <span class='ocrx_word' id='word_1_411' title='bbox 1742 3525 1781 3585; x_wconf 83' lang='lat' dir='ltr'>ea</span> <span class='ocrx_word' id='word_1_412' title='bbox 1802 3525 1885 3587; x_wconf 89' lang='lat' dir='ltr'>quae</span> <span class='ocrx_word' id='word_1_413' title='bbox 1905 3503 2061 3568; x_wconf 89' lang='lat' dir='ltr'>facillima</span> <span class='ocrx_word' id='word_1_414' title='bbox 2080 3510 2130 3568; x_wconf 89' lang='lat' dir='ltr'>est</span> <span class='ocrx_word' id='word_1_415' title='bbox 2150 3505 2305 3583; x_wconf 87' lang='lat' dir='ltr'>toleratu,</span> <span class='ocrx_word' id='word_1_416' title='bbox 2333 3526 2401 3572; x_wconf 88' lang='lat' dir='ltr'>nos</span> 
     </span>
     <span class='ocr_line' id='line_1_33' title="bbox 392 3588 2402 3675; baseline 0 -21"><span class='ocrx_word' id='word_1_417' title='bbox 392 3590 531 3675; x_wconf 89' lang='lat' dir='ltr'>ligenter</span> <span class='ocrx_word' id='word_1_418' title='bbox 553 3595 704 3669; x_wconf 87' lang='lat' dir='ltr'>exerceat</span> <span class='ocrx_word' id='word_1_419' title='bbox 710 3613 718 3668; x_wconf 90' lang='lat'>;</span> <span class='ocrx_word' id='word_1_420' title='bbox 744 3597 815 3652; x_wconf 94' lang='lat' dir='ltr'>tum</span> <span class='ocrx_word' id='word_1_421' title='bbox 837 3589 951 3666; x_wconf 89' lang='lat' dir='ltr'>etiam,</span> <span class='ocrx_word' id='word_1_422' title='bbox 974 3595 1012 3651; x_wconf 92' lang='grc' dir='ltr'>ιιι</span> <span class='ocrx_word' id='word_1_423' title='bbox 1033 3609 1144 3653; x_wconf 90' lang='lat' dir='ltr'>omncs</span> <span class='ocrx_word' id='word_1_424' title='bbox 1167 3589 1265 3653; x_wconf 89' lang='lat' dir='ltr'>simul</span> <span class='ocrx_word' id='word_1_425' title='bbox 1286 3588 1367 3672; x_wconf 89' lang='lat' dir='ltr'>legi-</span> <span class='ocrx_word' id='word_1_426' title='bbox 1418 3590 1577 3673; x_wconf 89' lang='lat' dir='ltr'>paulatim</span> <span class='ocrx_word' id='word_1_427' title='bbox 1603 3589 1777 3655; x_wconf 88' lang='lat' dir='ltr'>assuefacit</span> <span class='ocrx_word' id='word_1_428' title='bbox 1803 3590 1980 3667; x_wconf 92' lang='lat' dir='ltr'>Dominus;</span> <span class='ocrx_word' id='word_1_429' title='bbox 2012 3589 2141 3672; x_wconf 92' lang='lat' dir='ltr'>quando</span> <span class='ocrx_word' id='word_1_430' title='bbox 2169 3598 2219 3654; x_wconf 91' lang='lat' dir='ltr'>est</span> <span class='ocrx_word' id='word_1_431' title='bbox 2246 3590 2402 3656; x_wconf 92' lang='lat' dir='ltr'>omnium</span> 
     </span>
     <span class='ocr_line' id='line_1_34' title="bbox 392 3672 2398 3758; baseline 0 -18"><span class='ocrx_word' id='word_1_432' title='bbox 392 3678 510 3741; x_wconf 90' lang='lat' dir='ltr'>timum</span> <span class='ocrx_word' id='word_1_433' title='bbox 531 3675 686 3740; x_wconf 88' lang='lat' dir='ltr'>ecclesiae</span> <span class='ocrx_word' id='word_1_434' title='bbox 704 3675 859 3752; x_wconf 90' lang='lat' dir='ltr'>ordinem,</span> <span class='ocrx_word' id='word_1_435' title='bbox 883 3672 1078 3739; x_wconf 88' lang='lat' dir='ltr'>adverbum</span> <span class='ocrx_word' id='word_1_436' title='bbox 1096 3672 1302 3754; x_wconf 89' lang='lat' dir='ltr'>audiendum,</span> <span class='ocrx_word' id='word_1_437' title='bbox 1326 3672 1368 3738; x_wconf 90' lang='lat' dir='ltr'>ad</span> <span class='ocrx_word' id='word_1_438' title='bbox 1420 3675 1533 3740; x_wconf 89' lang='lat' dir='ltr'>eadem</span> <span class='ocrx_word' id='word_1_439' title='bbox 1551 3676 1642 3739; x_wconf 87' lang='lat' dir='ltr'>ratio.</span> <span class='ocrx_word' id='word_1_440' title='bbox 1664 3673 1845 3758; x_wconf 74' lang='lat' dir='ltr'>vSiquidem</span> <span class='ocrx_word' id='word_1_441' title='bbox 1866 3675 1984 3757; x_wconf 91' lang='lat' dir='ltr'>quibus</span> <span class='ocrx_word' id='word_1_442' title='bbox 2002 3675 2151 3740; x_wconf 89' lang='lat' dir='ltr'>attribuit</span> <span class='ocrx_word' id='word_1_443' title='bbox 2167 3675 2398 3756; x_wconf 67' lang='lat' dir='ltr'>eminentiam</span> 
     </span>
     <span class='ocr_line' id='line_1_35' title="bbox 394 3759 2401 3844; baseline 0 -18"><span class='ocrx_word' id='word_1_444' title='bbox 394 3768 673 3826; x_wconf 82' lang='lat' dir='ltr'>sacramentorum</span> <span class='ocrx_word' id='word_1_445' title='bbox 696 3760 1028 3837; x_wconf 88' lang='lat' dir='ltr'>administrationem,</span> <span class='ocrx_word' id='word_1_446' title='bbox 1058 3759 1099 3824; x_wconf 90' lang='lat' dir='ltr'>ad</span> <span class='ocrx_word' id='word_1_447' title='bbox 1127 3761 1273 3843; x_wconf 87' lang='lat' dir='ltr'>publicas</span> <span class='ocrx_word' id='word_1_448' title='bbox 1295 3781 1367 3824; x_wconf 90' lang='lat' dir='ltr'>ora-</span> <span class='ocrx_word' id='word_1_449' title='bbox 1421 3767 1581 3844; x_wconf 88' lang='lat' dir='ltr'>quatenus</span> <span class='ocrx_word' id='word_1_450' title='bbox 1610 3759 1652 3825; x_wconf 89' lang='lat' dir='ltr'>ad</span> <span class='ocrx_word' id='word_1_451' title='bbox 1680 3781 1752 3825; x_wconf 89' lang='lat' dir='ltr'>eam</span> <span class='ocrx_word' id='word_1_452' title='bbox 1774 3760 1929 3825; x_wconf 88' lang='lat' dir='ltr'>tuendam</span> <span class='ocrx_word' id='word_1_453' title='bbox 1953 3782 2084 3826; x_wconf 90' lang='lat' dir='ltr'>necesso</span> <span class='ocrx_word' id='word_1_454' title='bbox 2106 3768 2170 3840; x_wconf 89' lang='lat' dir='ltr'>est,</span> <span class='ocrx_word' id='word_1_455' title='bbox 2199 3782 2295 3826; x_wconf 90' lang='lat' dir='ltr'>suum</span> <span class='ocrx_word' id='word_1_456' title='bbox 2316 3782 2401 3827; x_wconf 92' lang='lat' dir='ltr'>oum</span> 
     </span>
     <span class='ocr_line' id='line_1_36' title="bbox 315 3846 2400 3930; baseline 0.001 -21"><span class='ocrx_word' id='word_1_457' title='bbox 315 3857 318 3863; x_wconf 88' lang='lat'>&#39;</span> <span class='ocrx_word' id='word_1_458' title='bbox 394 3848 499 3910; x_wconf 92' lang='lat' dir='ltr'>tiones</span> <span class='ocrx_word' id='word_1_459' title='bbox 518 3848 739 3924; x_wconf 85' lang='lat' dir='ltr'>constitutum,</span> <span class='ocrx_word' id='word_1_460' title='bbox 762 3848 985 3924; x_wconf 85' lang='lat' dir='ltr'>observemus3</span> <span class='ocrx_word' id='word_1_461' title='bbox 1006 3847 1101 3910; x_wconf 89' lang='lat' dir='ltr'>tertio</span> <span class='ocrx_word' id='word_1_462' title='bbox 1119 3868 1162 3910; x_wconf 96' lang='lat' dir='ltr'>ne</span> <span class='ocrx_word' id='word_1_463' title='bbox 1178 3847 1272 3911; x_wconf 92' lang='lat' dir='ltr'>nobis</span> <span class='ocrx_word' id='word_1_464' title='bbox 1290 3846 1367 3910; x_wconf 91' lang='lat' dir='ltr'>sub·</span> <span class='ocrx_word' id='word_1_465' title='bbox 1419 3846 1484 3911; x_wconf 89' lang='lat' dir='ltr'>illis</span> <span class='ocrx_word' id='word_1_466' title='bbox 1505 3867 1625 3910; x_wconf 93' lang='lat' dir='ltr'>nomen</span> <span class='ocrx_word' id='word_1_467' title='bbox 1646 3847 1871 3913; x_wconf 89' lang='lat' dir='ltr'>communicat.</span> <span class='ocrx_word' id='word_1_468' title='bbox 1916 3846 1956 3910; x_wconf 94' lang='lat' dir='ltr'>In</span> <span class='ocrx_word' id='word_1_469' title='bbox 1985 3867 2090 3910; x_wconf 92' lang='lat' dir='ltr'>unum</span> <span class='ocrx_word' id='word_1_470' title='bbox 2118 3847 2227 3930; x_wconf 92' lang='lat' dir='ltr'>ipsum</span> <span class='ocrx_word' id='word_1_471' title='bbox 2247 3848 2295 3912; x_wconf 87' lang='lat' dir='ltr'>ita</span> <span class='ocrx_word' id='word_1_472' title='bbox 2315 3866 2400 3912; x_wconf 89' lang='lat' dir='ltr'>oon·</span> 
     </span>
     <span class='ocr_line' id='line_1_37' title="bbox 394 3929 2400 4015; baseline 0.001 -20"><span class='ocrx_word' id='word_1_473' title='bbox 394 3931 478 3995; x_wconf 86' lang='lat' dir='ltr'>ditos</span> <span class='ocrx_word' id='word_1_474' title='bbox 499 3929 722 3995; x_wconf 89' lang='lat' dir='ltr'>inhumaniter</span> <span class='ocrx_word' id='word_1_475' title='bbox 734 3954 927 4015; x_wconf 91' lang='lat' dir='ltr'>premamus.</span> <span class='ocrx_word' id='word_1_476' title='bbox 962 3932 1015 3995; x_wconf 91' lang='lat' dir='ltr'>Ita</span> <span class='ocrx_word' id='word_1_477' title='bbox 1038 3938 1239 3997; x_wconf 88' lang='lat' dir='ltr'>evanescunt</span> <span class='ocrx_word' id='word_1_478' title='bbox 1259 3952 1368 4015; x_wconf 91' lang='lat' dir='ltr'>nugae</span> <span class='ocrx_word' id='word_1_479' title='bbox 1419 3933 1556 3997; x_wconf 90' lang='lat' dir='ltr'>veniunt</span> <span class='ocrx_word' id='word_1_480' title='bbox 1564 3933 1677 4014; x_wconf 86' lang='lat' dir='ltr'>patris,</span> <span class='ocrx_word' id='word_1_481' title='bbox 1696 3933 1761 3997; x_wconf 88' lang='lat' dir='ltr'>Dei</span> <span class='ocrx_word' id='word_1_482' title='bbox 1781 3932 1965 3997; x_wconf 89' lang='lat' dir='ltr'>acDomini</span> <span class='ocrx_word' id='word_1_483' title='bbox 1976 3932 2072 4010; x_wconf 87' lang='lat' dir='ltr'>tituli,</span> <span class='ocrx_word' id='word_1_484' title='bbox 2094 3939 2131 3996; x_wconf 88' lang='grc' dir='ltr'>ιιι</span> <span class='ocrx_word' id='word_1_485' title='bbox 2145 3933 2270 4014; x_wconf 89' lang='lat' dir='ltr'>quoties</span> <span class='ocrx_word' id='word_1_486' title='bbox 2286 3952 2400 3998; x_wconf 90' lang='lat' dir='ltr'>unum</span> 
     </span>
     <span class='ocr_line' id='line_1_38' title="bbox 394 4015 2398 4100; baseline 0.001 -19"><span class='ocrx_word' id='word_1_487' title='bbox 394 4015 750 4100; x_wconf 88' lang='lat' dir='ltr'>pseudoprophetarum</span> <span class='ocrx_word' id='word_1_488' title='bbox 782 4020 837 4099; x_wconf 91' lang='lat' dir='ltr'>qui</span> <span class='ocrx_word' id='word_1_489' title='bbox 869 4018 999 4083; x_wconf 84' lang='lat' dir='ltr'>iudaice</span> <span class='ocrx_word' id='word_1_490' title='bbox 1031 4018 1180 4100; x_wconf 92' lang='lat' dir='ltr'>opinione</span> <span class='ocrx_word' id='word_1_491' title='bbox 1212 4018 1368 4100; x_wconf 91' lang='lat' dir='ltr'>populum</span> <span class='ocrx_word' id='word_1_492' title='bbox 1420 4018 1562 4099; x_wconf 90' lang='lat' dir='ltr'>aliquem</span> <span class='ocrx_word' id='word_1_493' title='bbox 1583 4040 1624 4082; x_wconf 81' lang='lat' dir='ltr'>ex</span> <span class='ocrx_word' id='word_1_494' title='bbox 1645 4019 1685 4081; x_wconf 91' lang='lat' dir='ltr'>iis</span> <span class='ocrx_word' id='word_1_495' title='bbox 1707 4016 1866 4095; x_wconf 87' lang='lat' dir='ltr'>audimus,</span> <span class='ocrx_word' id='word_1_496' title='bbox 1889 4018 2069 4082; x_wconf 88' lang='lat' dir='ltr'>maiestatis</span> <span class='ocrx_word' id='word_1_497' title='bbox 2091 4017 2179 4083; x_wconf 89' lang='lat' dir='ltr'>illius</span> <span class='ocrx_word' id='word_1_498' title='bbox 2201 4039 2300 4083; x_wconf 90' lang='lat' dir='ltr'>sensu</span> <span class='ocrx_word' id='word_1_499' title='bbox 2321 4018 2398 4083; x_wconf 88' lang='lat' dir='ltr'>ani·</span> 
     </span>
     <span class='ocr_line' id='line_1_39' title="bbox 395 4101 2397 4187; baseline 0 -19"><span class='ocrx_word' id='word_1_500' title='bbox 395 4101 616 4186; x_wconf 88' lang='lat' dir='ltr'>superioribus</span> <span class='ocrx_word' id='word_1_501' title='bbox 639 4101 775 4165; x_wconf 89' lang='lat' dir='ltr'>saeculis</span> <span class='ocrx_word' id='word_1_502' title='bbox 796 4104 998 4183; x_wconf 87' lang='lat' dir='ltr'>imbuerunt;</span> <span class='ocrx_word' id='word_1_503' title='bbox 1014 4105 1039 4186; x_wconf 95' lang='lat'>¹)</span> <span class='ocrx_word' id='word_1_504' title='bbox 1066 4104 1149 4167; x_wconf 92' lang='lat' dir='ltr'>nihil</span> <span class='ocrx_word' id='word_1_505' title='bbox 1178 4104 1266 4168; x_wconf 89' lang='lat' dir='ltr'>aliud</span> <span class='ocrx_word' id='word_1_506' title='bbox 1288 4104 1367 4168; x_wconf 87' lang='lat' dir='ltr'>affe-</span> <span class='ocrx_word' id='word_1_507' title='bbox 1419 4124 1511 4167; x_wconf 93' lang='lat' dir='ltr'>mum</span> <span class='ocrx_word' id='word_1_508' title='bbox 1536 4110 1685 4167; x_wconf 89' lang='lat' dir='ltr'>nostrum</span> <span class='ocrx_word' id='word_1_509' title='bbox 1712 4103 1801 4167; x_wconf 82' lang='lat' dir='ltr'>feriri</span> <span class='ocrx_word' id='word_1_510' title='bbox 1830 4109 1985 4186; x_wconf 86' lang='lat' dir='ltr'>oporteat</span> <span class='ocrx_word' id='word_1_511' title='bbox 2030 4101 2121 4182; x_wconf 80' lang='lat' dir='ltr'>Quos</span> <span class='ocrx_word' id='word_1_512' title='bbox 2149 4124 2227 4187; x_wconf 84' lang='lat' dir='ltr'>ergo</span> <span class='ocrx_word' id='word_1_513' title='bbox 2253 4104 2397 4168; x_wconf 90' lang='lat' dir='ltr'>istorum</span> 
     </span>
     <span class='ocr_line' id='line_1_40' title="bbox 394 4186 2399 4272; baseline 0.001 -21"><span class='ocrx_word' id='word_1_514' title='bbox 394 4196 504 4252; x_wconf 89' lang='lat' dir='ltr'>rentes</span> <span class='ocrx_word' id='word_1_515' title='bbox 526 4187 590 4250; x_wconf 89' lang='lat' dir='ltr'>nisi</span> <span class='ocrx_word' id='word_1_516' title='bbox 612 4186 806 4268; x_wconf 87' lang='lat' dir='ltr'>abrogatum</span> <span class='ocrx_word' id='word_1_517' title='bbox 826 4209 911 4266; x_wconf 91' lang='lat' dir='ltr'>esse,</span> <span class='ocrx_word' id='word_1_518' title='bbox 934 4188 1020 4271; x_wconf 92' lang='lat' dir='ltr'>quod</span> <span class='ocrx_word' id='word_1_519' title='bbox 1042 4189 1274 4254; x_wconf 87' lang='lat' dir='ltr'>caeremoniale</span> <span class='ocrx_word' id='word_1_520' title='bbox 1297 4196 1368 4254; x_wconf 88' lang='lat' dir='ltr'>erat</span> <span class='ocrx_word' id='word_1_521' title='bbox 1420 4190 1498 4253; x_wconf 84' lang='lat' dir='ltr'>facit</span> <span class='ocrx_word' id='word_1_522' title='bbox 1527 4189 1715 4272; x_wconf 83' lang='lat' dir='ltr'>participes,</span> <span class='ocrx_word' id='word_1_523' title='bbox 1750 4210 1803 4253; x_wconf 92' lang='lat' dir='ltr'>eos</span> <span class='ocrx_word' id='word_1_524' title='bbox 1819 4187 1976 4271; x_wconf 63' lang='lat' dir='ltr'>,quadam</span> <span class='ocrx_word' id='word_1_525' title='bbox 2008 4188 2146 4271; x_wconf 81' lang='lat' dir='ltr'>fulgoris</span> <span class='ocrx_word' id='word_1_526' title='bbox 2173 4189 2224 4253; x_wconf 90' lang='lat' dir='ltr'>sui</span> <span class='ocrx_word' id='word_1_527' title='bbox 2251 4187 2399 4254; x_wconf 83' lang='lat' dir='ltr'>scintilla</span> 
     </span>
     <span class='ocr_line' id='line_1_41' title="bbox 393 4270 2399 4359; baseline 0.001 -21"><span class='ocrx_word' id='word_1_528' title='bbox 393 4276 428 4338; x_wconf 93' lang='lat' dir='ltr'>in</span> <span class='ocrx_word' id='word_1_529' title='bbox 448 4273 509 4338; x_wconf 92' lang='lat' dir='ltr'>hoc</span> <span class='ocrx_word' id='word_1_530' title='bbox 529 4270 683 4335; x_wconf 89' lang='lat' dir='ltr'>mandato</span> <span class='ocrx_word' id='word_1_531' title='bbox 706 4270 754 4355; x_wconf 92' lang='lat' dir='ltr'>(id</span> <span class='ocrx_word' id='word_1_532' title='bbox 776 4279 893 4335; x_wconf 91' lang='lat' dir='ltr'>vocant</span> <span class='ocrx_word' id='word_1_533' title='bbox 914 4294 973 4337; x_wconf 89' lang='lat' dir='ltr'>sua</span> <span class='ocrx_word' id='word_1_534' title='bbox 993 4274 1108 4357; x_wconf 86' lang='lat' dir='ltr'>lingua</span> <span class='ocrx_word' id='word_1_535' title='bbox 1130 4275 1193 4340; x_wconf 92' lang='lat' dir='ltr'>diei</span> <span class='ocrx_word' id='word_1_536' title='bbox 1211 4275 1368 4359; x_wconf 88' lang='lat' dir='ltr'>septimae</span> <span class='ocrx_word' id='word_1_537' title='bbox 1419 4274 1575 4354; x_wconf 89' lang='lat' dir='ltr'>illustrat,</span> <span class='ocrx_word' id='word_1_538' title='bbox 1608 4281 1646 4339; x_wconf 92' lang='lat' dir='ltr'>ut</span> <span class='ocrx_word' id='word_1_539' title='bbox 1677 4275 1744 4338; x_wconf 92' lang='lat' dir='ltr'>sint</span> <span class='ocrx_word' id='word_1_540' title='bbox 1770 4295 1830 4357; x_wconf 90' lang='lat' dir='ltr'>pro</span> <span class='ocrx_word' id='word_1_541' title='bbox 1856 4295 1915 4339; x_wconf 91' lang='lat' dir='ltr'>suo</span> <span class='ocrx_word' id='word_1_542' title='bbox 1943 4274 2078 4357; x_wconf 92' lang='lat' dir='ltr'>quisque</span> <span class='ocrx_word' id='word_1_543' title='bbox 2099 4274 2169 4339; x_wconf 93' lang='lat' dir='ltr'>loco</span> <span class='ocrx_word' id='word_1_544' title='bbox 2191 4273 2399 4357; x_wconf 84' lang='lat' dir='ltr'>spectabiles.</span> 
     </span>
     <span class='ocr_line' id='line_1_42' title="bbox 394 4356 2400 4443; baseline -0 -18"><span class='ocrx_word' id='word_1_545' title='bbox 394 4356 619 4441; x_wconf 83' lang='lat' dir='ltr'>taxationem),</span> <span class='ocrx_word' id='word_1_546' title='bbox 639 4377 809 4420; x_wconf 89' lang='lat' dir='ltr'>remanere</span> <span class='ocrx_word' id='word_1_547' title='bbox 823 4363 932 4421; x_wconf 90' lang='lat' dir='ltr'>autem</span> <span class='ocrx_word' id='word_1_548' title='bbox 946 4358 1029 4439; x_wconf 91' lang='lat' dir='ltr'>quod</span> <span class='ocrx_word' id='word_1_549' title='bbox 1042 4360 1165 4424; x_wconf 89' lang='lat' dir='ltr'>morale</span> <span class='ocrx_word' id='word_1_550' title='bbox 1178 4369 1236 4439; x_wconf 84' lang='lat' dir='ltr'>est,</span> <span class='ocrx_word' id='word_1_551' title='bbox 1250 4382 1368 4443; x_wconf 90' lang='lat' dir='ltr'>nempe</span> <span class='ocrx_word' id='word_1_552' title='bbox 1419 4361 1474 4424; x_wconf 91' lang='lat' dir='ltr'>Ita</span> <span class='ocrx_word' id='word_1_553' title='bbox 1494 4361 1551 4443; x_wconf 92' lang='lat' dir='ltr'>qui</span> <span class='ocrx_word' id='word_1_554' title='bbox 1573 4360 1667 4425; x_wconf 90' lang='lat' dir='ltr'>nobis</span> <span class='ocrx_word' id='word_1_555' title='bbox 1688 4368 1737 4425; x_wconf 88' lang='lat' dir='ltr'>est</span> <span class='ocrx_word' id='word_1_556' title='bbox 1754 4368 1856 4443; x_wconf 88' lang='lat' dir='ltr'>pater,</span> <span class='ocrx_word' id='word_1_557' title='bbox 1878 4361 1914 4423; x_wconf 92' lang='lat' dir='ltr'>in</span> <span class='ocrx_word' id='word_1_558' title='bbox 1936 4381 1973 4424; x_wconf 93' lang='lat' dir='ltr'>eo</span> <span class='ocrx_word' id='word_1_559' title='bbox 1991 4358 2140 4424; x_wconf 92' lang='lat' dir='ltr'>divinum</span> <span class='ocrx_word' id='word_1_560' title='bbox 2157 4359 2277 4441; x_wconf 90' lang='lat' dir='ltr'>aliquid</span> <span class='ocrx_word' id='word_1_561' title='bbox 2295 4380 2400 4442; x_wconf 91' lang='lat' dir='ltr'>repn-</span> 
     </span>
     <span class='ocr_line' id='line_1_43' title="bbox 394 4442 2401 4529; baseline -0 -18"><span class='ocrx_word' id='word_1_562' title='bbox 394 4447 495 4511; x_wconf 91' lang='lat' dir='ltr'>unius</span> <span class='ocrx_word' id='word_1_563' title='bbox 520 4444 583 4508; x_wconf 92' lang='lat' dir='ltr'>diei</span> <span class='ocrx_word' id='word_1_564' title='bbox 605 4442 866 4507; x_wconf 89' lang='lat' dir='ltr'>observationem</span> <span class='ocrx_word' id='word_1_565' title='bbox 889 4445 923 4506; x_wconf 91' lang='lat' dir='ltr'>in</span> <span class='ocrx_word' id='word_1_566' title='bbox 946 4442 1157 4509; x_wconf 91' lang='lat' dir='ltr'>hebdomade.</span> <span class='ocrx_word' id='word_1_567' title='bbox 1208 4448 1309 4529; x_wconf 85' lang='lat' dir='ltr'>Atqui</span> <span class='ocrx_word' id='word_1_568' title='bbox 1333 4445 1368 4510; x_wconf 92' lang='lat' dir='ltr'>id</span> <span class='ocrx_word' id='word_1_569' title='bbox 1420 4453 1490 4510; x_wconf 87' lang='lat' dir='ltr'>tare</span> <span class='ocrx_word' id='word_1_570' title='bbox 1512 4467 1573 4529; x_wconf 90' lang='lat' dir='ltr'>par</span> <span class='ocrx_word' id='word_1_571' title='bbox 1594 4451 1658 4525; x_wconf 83' lang='lat' dir='ltr'>est3</span> <span class='ocrx_word' id='word_1_572' title='bbox 1687 4446 1763 4528; x_wconf 90' lang='lat' dir='ltr'>quia</span> <span class='ocrx_word' id='word_1_573' title='bbox 1786 4445 1933 4510; x_wconf 80' lang='lat' dir='ltr'>divimm</span> <span class='ocrx_word' id='word_1_574' title='bbox 1954 4445 2088 4508; x_wconf 90' lang='lat' dir='ltr'>titulum</span> <span class='ocrx_word' id='word_1_575' title='bbox 2109 4467 2175 4509; x_wconf 91' lang='lat' dir='ltr'>non</span> <span class='ocrx_word' id='word_1_576' title='bbox 2196 4445 2265 4509; x_wconf 91' lang='lat' dir='ltr'>sine</span> <span class='ocrx_word' id='word_1_577' title='bbox 2293 4465 2401 4510; x_wconf 85' lang='lat' dir='ltr'>causa</span> 
     </span>
     <span class='ocr_line' id='line_1_44' title="bbox 334 4527 2399 4616; baseline 0.002 -27"><span class='ocrx_word' id='word_1_578' title='bbox 334 4585 336 4589; x_wconf 87' lang='lat'>.</span> <span class='ocrx_word' id='word_1_579' title='bbox 394 4532 479 4596; x_wconf 91' lang='lat' dir='ltr'>nihil</span> <span class='ocrx_word' id='word_1_580' title='bbox 493 4527 579 4595; x_wconf 88' lang='lat' dir='ltr'>aliud</span> <span class='ocrx_word' id='word_1_581' title='bbox 592 4536 642 4594; x_wconf 89' lang='lat' dir='ltr'>est</span> <span class='ocrx_word' id='word_1_582' title='bbox 659 4549 757 4610; x_wconf 92' lang='lat' dir='ltr'>quam</span> <span class='ocrx_word' id='word_1_583' title='bbox 774 4528 1017 4592; x_wconf 87' lang='lat' dir='ltr'>inIudoeorum</span> <span class='ocrx_word' id='word_1_584' title='bbox 1034 4531 1263 4595; x_wconf 90' lang='lat' dir='ltr'>coutumeliam</span> <span class='ocrx_word' id='word_1_585' title='bbox 1281 4531 1369 4596; x_wconf 92' lang='lat' dir='ltr'>diem</span> <span class='ocrx_word' id='word_1_586' title='bbox 1421 4531 1514 4616; x_wconf 87' lang='lat' dir='ltr'>gerit.</span> <span class='ocrx_word' id='word_1_587' title='bbox 1560 4529 1628 4611; x_wconf 78' lang='lat' dir='ltr'>Qui</span> <span class='ocrx_word' id='word_1_588' title='bbox 1650 4533 1800 4613; x_wconf 87' lang='lat' dir='ltr'>princeps</span> <span class='ocrx_word' id='word_1_589' title='bbox 1821 4537 1884 4609; x_wconf 90' lang='lat' dir='ltr'>est,</span> <span class='ocrx_word' id='word_1_590' title='bbox 1918 4530 1973 4612; x_wconf 94' lang='lat' dir='ltr'>qui</span> <span class='ocrx_word' id='word_1_591' title='bbox 1996 4529 2160 4609; x_wconf 92' lang='lat' dir='ltr'>dominus,</span> <span class='ocrx_word' id='word_1_592' title='bbox 2188 4528 2286 4595; x_wconf 88' lang='lat' dir='ltr'>habet</span> <span class='ocrx_word' id='word_1_593' title='bbox 2308 4550 2399 4594; x_wconf 93' lang='lat' dir='ltr'>non·</span> 
     </span>
     <span class='ocr_line' id='line_1_45' title="bbox 397 4614 2179 4697; baseline 0.001 -18"><span class='ocrx_word' id='word_1_594' title='bbox 397 4623 533 4694; x_wconf 88' lang='lat' dir='ltr'>mutare,</span> <span class='ocrx_word' id='word_1_595' title='bbox 558 4615 622 4678; x_wconf 90' lang='lat' dir='ltr'>diei</span> <span class='ocrx_word' id='word_1_596' title='bbox 639 4614 844 4679; x_wconf 88' lang='lat' dir='ltr'>sanctitatem</span> <span class='ocrx_word' id='word_1_597' title='bbox 866 4615 974 4678; x_wconf 89' lang='lat' dir='ltr'>animo</span> <span class='ocrx_word' id='word_1_598' title='bbox 994 4614 1130 4683; x_wconf 89' lang='lat' dir='ltr'>eandem</span> <span class='ocrx_word' id='word_1_599' title='bbox 1148 4617 1300 4697; x_wconf 89' lang='lat' dir='ltr'>retinere;</span> <span class='ocrx_word' id='word_1_600' title='bbox 1324 4618 1368 4682; x_wconf 92' lang='lat' dir='ltr'>si·</span> <span class='ocrx_word' id='word_1_601' title='bbox 1420 4617 1545 4682; x_wconf 89' lang='lat' dir='ltr'>nullam</span> <span class='ocrx_word' id='word_1_602' title='bbox 1567 4617 1701 4680; x_wconf 87' lang='lat' dir='ltr'>honoris</span> <span class='ocrx_word' id='word_1_603' title='bbox 1722 4638 1796 4680; x_wconf 92' lang='lat' dir='ltr'>oum</span> <span class='ocrx_word' id='word_1_604' title='bbox 1816 4616 1888 4680; x_wconf 91' lang='lat' dir='ltr'>Deo</span> <span class='ocrx_word' id='word_1_605' title='bbox 1911 4617 2179 4680; x_wconf 91' lang='lat' dir='ltr'>communionem.</span> 
     </span>
     <span class='ocr_line' id='line_1_46' title="bbox 397 4699 2398 4786; baseline 0 -21"><span class='ocrx_word' id='word_1_606' title='bbox 397 4701 526 4783; x_wconf 93' lang='lat' dir='ltr'>quidem</span> <span class='ocrx_word' id='word_1_607' title='bbox 548 4706 660 4764; x_wconf 93' lang='lat' dir='ltr'>manet</span> <span class='ocrx_word' id='word_1_608' title='bbox 680 4701 773 4765; x_wconf 92' lang='lat' dir='ltr'>nobis</span> <span class='ocrx_word' id='word_1_609' title='bbox 795 4701 974 4764; x_wconf 89' lang='lat' dir='ltr'>etiamnum</span> <span class='ocrx_word' id='word_1_610' title='bbox 995 4722 1057 4782; x_wconf 88' lang='lat' dir='ltr'>par</span> <span class='ocrx_word' id='word_1_611' title='bbox 1073 4702 1222 4785; x_wconf 82' lang='lat' dir='ltr'>mysterii</span> <span class='ocrx_word' id='word_1_612' title='bbox 1242 4704 1279 4765; x_wconf 92' lang='lat' dir='ltr'>in</span> <span class='ocrx_word' id='word_1_613' title='bbox 1301 4703 1369 4768; x_wconf 89' lang='lat' dir='ltr'>die·</span> <span class='ocrx_word' id='word_1_614' title='bbox 1507 4707 1556 4765; x_wconf 81' lang='lat'>36.</span> <span class='ocrx_word' id='word_1_615' title='bbox 1592 4701 1800 4786; x_wconf 80' lang='lat' dir='ltr'>Quapropter</span> <span class='ocrx_word' id='word_1_616' title='bbox 1821 4701 2010 4784; x_wconf 91' lang='lat' dir='ltr'>ambiguum</span> <span class='ocrx_word' id='word_1_617' title='bbox 2029 4723 2099 4767; x_wconf 87' lang='lat' dir='ltr'>esse</span> <span class='ocrx_word' id='word_1_618' title='bbox 2117 4722 2184 4765; x_wconf 94' lang='lat' dir='ltr'>non</span> <span class='ocrx_word' id='word_1_619' title='bbox 2202 4699 2298 4765; x_wconf 88' lang='lat' dir='ltr'>debet</span> <span class='ocrx_word' id='word_1_620' title='bbox 2314 4702 2398 4783; x_wconf 90' lang='lat' dir='ltr'>quin</span> 
     </span>
     <span class='ocr_line' id='line_1_47' title="bbox 396 4784 2397 4870; baseline 0 -20"><span class='ocrx_word' id='word_1_621' title='bbox 396 4785 458 4850; x_wconf 91' lang='lat' dir='ltr'>bus</span> <span class='ocrx_word' id='word_1_622' title='bbox 484 4786 677 4868; x_wconf 89' lang='lat' dir='ltr'>significatio</span> <span class='ocrx_word' id='word_1_623' title='bbox 706 4807 789 4867; x_wconf 90' lang='lat' dir='ltr'>quae</span> <span class='ocrx_word' id='word_1_624' title='bbox 816 4784 903 4867; x_wconf 90' lang='lat' dir='ltr'>apud</span> <span class='ocrx_word' id='word_1_625' title='bbox 924 4785 1062 4850; x_wconf 89' lang='lat' dir='ltr'>Iudaeos</span> <span class='ocrx_word' id='word_1_626' title='bbox 1090 4785 1198 4851; x_wconf 91' lang='lat' dir='ltr'>locum</span> <span class='ocrx_word' id='word_1_627' title='bbox 1219 4787 1367 4853; x_wconf 91' lang='lat' dir='ltr'>habebat.</span> <span class='ocrx_word' id='word_1_628' title='bbox 1421 4788 1475 4853; x_wconf 92' lang='lat' dir='ltr'>hio</span> <span class='ocrx_word' id='word_1_629' title='bbox 1501 4788 1720 4853; x_wconf 89' lang='lat' dir='ltr'>universalem</span> <span class='ocrx_word' id='word_1_630' title='bbox 1747 4786 1894 4869; x_wconf 83' lang='lat' dir='ltr'>regulam</span> <span class='ocrx_word' id='word_1_631' title='bbox 1915 4787 2077 4851; x_wconf 90' lang='lat' dir='ltr'>Dominus</span> <span class='ocrx_word' id='word_1_632' title='bbox 2103 4793 2241 4851; x_wconf 86' lang='lat' dir='ltr'>statuat:</span> <span class='ocrx_word' id='word_1_633' title='bbox 2276 4807 2397 4870; x_wconf 87' lang='lat' dir='ltr'>nempe</span> 
     </span>
     <span class='ocr_line' id='line_1_48' title="bbox 397 4870 2397 4957; baseline 0.002 -23"><span class='ocrx_word' id='word_1_634' title='bbox 397 4872 444 4934; x_wconf 82' lang='lat' dir='ltr'>Et</span> <span class='ocrx_word' id='word_1_635' title='bbox 472 4891 550 4934; x_wconf 91' lang='lat' dir='ltr'>sane</span> <span class='ocrx_word' id='word_1_636' title='bbox 582 4871 746 4951; x_wconf 90' lang='lat' dir='ltr'>videmus,</span> <span class='ocrx_word' id='word_1_637' title='bbox 785 4870 863 4952; x_wconf 91' lang='lat' dir='ltr'>quid</span> <span class='ocrx_word' id='word_1_638' title='bbox 892 4872 952 4935; x_wconf 90' lang='lat' dir='ltr'>tali</span> <span class='ocrx_word' id='word_1_639' title='bbox 985 4871 1134 4935; x_wconf 83' lang='lat' dir='ltr'>doctrina</span> <span class='ocrx_word' id='word_1_640' title='bbox 1165 4873 1368 4953; x_wconf 88' lang='lat' dir='ltr'>profecerint.</span> <span class='ocrx_word' id='word_1_641' title='bbox 1421 4881 1521 4957; x_wconf 90' lang='lat' dir='ltr'>prout</span> <span class='ocrx_word' id='word_1_642' title='bbox 1542 4893 1701 4956; x_wconf 91' lang='lat' dir='ltr'>quemque</span> <span class='ocrx_word' id='word_1_643' title='bbox 1722 4872 1876 4936; x_wconf 91' lang='lat' dir='ltr'>novimus</span> <span class='ocrx_word' id='word_1_644' title='bbox 1898 4893 1968 4937; x_wconf 90' lang='lat' dir='ltr'>esse</span> <span class='ocrx_word' id='word_1_645' title='bbox 1989 4872 2082 4937; x_wconf 89' lang='lat' dir='ltr'>nobis</span> <span class='ocrx_word' id='word_1_646' title='bbox 2103 4873 2172 4936; x_wconf 92' lang='lat' dir='ltr'>eius</span> <span class='ocrx_word' id='word_1_647' title='bbox 2190 4871 2397 4937; x_wconf 90' lang='lat' dir='ltr'>ordinatione</span> 
     </span>
     <span class='ocr_line' id='line_1_49' title="bbox 399 4953 2396 5042; baseline 0.002 -24"><span class='ocrx_word' id='word_1_648' title='bbox 399 4953 466 5035; x_wconf 81' lang='lat' dir='ltr'>Qui</span> <span class='ocrx_word' id='word_1_649' title='bbox 498 4957 584 5018; x_wconf 92' lang='lat' dir='ltr'>enim</span> <span class='ocrx_word' id='word_1_650' title='bbox 618 4977 730 5020; x_wconf 88' lang='lat' dir='ltr'>eorum</span> <span class='ocrx_word' id='word_1_651' title='bbox 764 4957 1047 5022; x_wconf 88' lang='lat' dir='ltr'>constitutionibus</span> <span class='ocrx_word' id='word_1_652' title='bbox 1076 4957 1226 5036; x_wconf 89' lang='lat' dir='ltr'>haerent,</span> <span class='ocrx_word' id='word_1_653' title='bbox 1259 4979 1371 5026; x_wconf 86' lang='lat' dir='ltr'>crassa</span> <span class='ocrx_word' id='word_1_654' title='bbox 1422 4960 1635 5042; x_wconf 81' lang='lat' dir='ltr'>praefectum,</span> <span class='ocrx_word' id='word_1_655' title='bbox 1664 4965 1703 5021; x_wconf 91' lang='lat' dir='ltr'>ut</span> <span class='ocrx_word' id='word_1_656' title='bbox 1724 4958 1831 5039; x_wconf 92' lang='lat' dir='ltr'>ipsum</span> <span class='ocrx_word' id='word_1_657' title='bbox 1853 4959 2050 5036; x_wconf 86' lang='lat' dir='ltr'>reverentia,</span> <span class='ocrx_word' id='word_1_658' title='bbox 2072 4956 2268 5035; x_wconf 87' lang='lat' dir='ltr'>obedientia,</span> <span class='ocrx_word' id='word_1_659' title='bbox 2292 4957 2396 5040; x_wconf 82' lang='lat' dir='ltr'>grali-</span> 
     </span>
     <span class='ocr_line' id='line_1_50' title="bbox 399 5039 2394 5126; baseline 0.001 -21"><span class='ocrx_word' id='word_1_660' title='bbox 399 5039 584 5120; x_wconf 90' lang='lat' dir='ltr'>carnalique</span> <span class='ocrx_word' id='word_1_661' title='bbox 612 5042 800 5107; x_wconf 88' lang='lat' dir='ltr'>sabbatismi</span> <span class='ocrx_word' id='word_1_662' title='bbox 828 5042 1059 5126; x_wconf 89' lang='lat' dir='ltr'>superstitione</span> <span class='ocrx_word' id='word_1_663' title='bbox 1080 5043 1219 5108; x_wconf 89' lang='lat' dir='ltr'>Iudaeos</span> <span class='ocrx_word' id='word_1_664' title='bbox 1244 5053 1294 5109; x_wconf 82' lang='lat' dir='ltr'>ter</span> <span class='ocrx_word' id='word_1_665' title='bbox 1315 5067 1370 5110; x_wconf 91' lang='lat' dir='ltr'>su·</span> <span class='ocrx_word' id='word_1_666' title='bbox 1423 5044 1550 5121; x_wconf 90' lang='lat' dir='ltr'>tudine,</span> <span class='ocrx_word' id='word_1_667' title='bbox 1583 5051 1617 5107; x_wconf 90' lang='lat' dir='ltr'>et</span> <span class='ocrx_word' id='word_1_668' title='bbox 1650 5043 1767 5125; x_wconf 90' lang='lat' dir='ltr'>quibus</span> <span class='ocrx_word' id='word_1_669' title='bbox 1798 5062 1971 5124; x_wconf 90' lang='lat' dir='ltr'>possumus</span> <span class='ocrx_word' id='word_1_670' title='bbox 2002 5044 2116 5108; x_wconf 88' lang='lat' dir='ltr'>officiis</span> <span class='ocrx_word' id='word_1_671' title='bbox 2148 5063 2394 5126; x_wconf 88' lang='lat' dir='ltr'>prosequamur.</span> 
     </span>
     <span class='ocr_line' id='line_1_51' title="bbox 398 5126 2396 5212; baseline 0 -22"><span class='ocrx_word' id='word_1_672' title='bbox 398 5132 529 5209; x_wconf 87' lang='lat' dir='ltr'>perant;</span> <span class='ocrx_word' id='word_1_673' title='bbox 559 5131 598 5187; x_wconf 88' lang='lat' dir='ltr'>ut</span> <span class='ocrx_word' id='word_1_674' title='bbox 619 5126 722 5199; x_wconf 88' lang='lat' dir='ltr'>nihilo</span> <span class='ocrx_word' id='word_1_675' title='bbox 743 5129 852 5193; x_wconf 88' lang='lat' dir='ltr'>minus</span> <span class='ocrx_word' id='word_1_676' title='bbox 875 5128 970 5192; x_wconf 91' lang='lat' dir='ltr'>hodie</span> <span class='ocrx_word' id='word_1_677' title='bbox 991 5128 1072 5210; x_wconf 91' lang='lat' dir='ltr'>ipsis</span> <span class='ocrx_word' id='word_1_678' title='bbox 1094 5130 1288 5193; x_wconf 89' lang='lat' dir='ltr'>conveniant</span> <span class='ocrx_word' id='word_1_679' title='bbox 1314 5133 1370 5197; x_wconf 91' lang='lat' dir='ltr'>ob-</span> <span class='ocrx_word' id='word_1_680' title='bbox 1422 5129 1491 5194; x_wconf 92' lang='lat' dir='ltr'>Neo</span> <span class='ocrx_word' id='word_1_681' title='bbox 1517 5129 1654 5193; x_wconf 85' lang='lat' dir='ltr'>interest</span> <span class='ocrx_word' id='word_1_682' title='bbox 1676 5127 1808 5211; x_wconf 89' lang='lat' dir='ltr'>dignine</span> <span class='ocrx_word' id='word_1_683' title='bbox 1831 5149 1873 5192; x_wconf 90' lang='lat' dir='ltr'>an</span> <span class='ocrx_word' id='word_1_684' title='bbox 1895 5129 2021 5212; x_wconf 91' lang='lat' dir='ltr'>indigni</span> <span class='ocrx_word' id='word_1_685' title='bbox 2043 5130 2121 5206; x_wconf 89' lang='lat' dir='ltr'>sint,</span> <span class='ocrx_word' id='word_1_686' title='bbox 2144 5128 2261 5211; x_wconf 91' lang='lat' dir='ltr'>quibus</span> <span class='ocrx_word' id='word_1_687' title='bbox 2289 5128 2396 5198; x_wconf 88' lang='lat' dir='ltr'>honor</span> 
     </span>
     <span class='ocr_line' id='line_1_52' title="bbox 398 5211 2396 5301; baseline 0 -25"><span class='ocrx_word' id='word_1_688' title='bbox 398 5211 613 5295; x_wconf 88' lang='lat' dir='ltr'>iurgationes,</span> <span class='ocrx_word' id='word_1_689' title='bbox 649 5232 729 5292; x_wconf 89' lang='lat' dir='ltr'>quae</span> <span class='ocrx_word' id='word_1_690' title='bbox 762 5213 848 5295; x_wconf 87' lang='lat' dir='ltr'>apud</span> <span class='ocrx_word' id='word_1_691' title='bbox 875 5214 1015 5279; x_wconf 88' lang='lat' dir='ltr'>Iesaiam</span> <span class='ocrx_word' id='word_1_692' title='bbox 1042 5215 1092 5298; x_wconf 93' lang='lat' dir='ltr'>(l,</span> <span class='ocrx_word' id='word_1_693' title='bbox 1122 5219 1159 5277; x_wconf 86' lang='lat'>13</span> <span class='ocrx_word' id='word_1_694' title='bbox 1183 5221 1216 5278; x_wconf 88' lang='lat' dir='ltr'>et</span> <span class='ocrx_word' id='word_1_695' title='bbox 1239 5217 1370 5301; x_wconf 83' lang='lat'>58,13)</span> <span class='ocrx_word' id='word_1_696' title='bbox 1423 5217 1484 5279; x_wconf 88' lang='lat' dir='ltr'>iste</span> <span class='ocrx_word' id='word_1_697' title='bbox 1504 5213 1683 5294; x_wconf 79' lang='lat' dir='ltr'>deferatur3</span> <span class='ocrx_word' id='word_1_698' title='bbox 1710 5234 1787 5279; x_wconf 89' lang='lat' dir='ltr'>nam</span> <span class='ocrx_word' id='word_1_699' title='bbox 1808 5215 2047 5298; x_wconf 89' lang='lat' dir='ltr'>qualescunque</span> <span class='ocrx_word' id='word_1_700' title='bbox 2068 5216 2135 5279; x_wconf 88' lang='lat' dir='ltr'>sint</span> <span class='ocrx_word' id='word_1_701' title='bbox 2155 5212 2303 5293; x_wconf 86' lang='lat' dir='ltr'>tandem,</span> <span class='ocrx_word' id='word_1_702' title='bbox 2325 5233 2396 5278; x_wconf 89' lang='lat' dir='ltr'>non</span> 
     </span>
     <span class='ocr_line' id='line_1_53' title="bbox 396 5297 2396 5383; baseline 0.001 -21"><span class='ocrx_word' id='word_1_703' title='bbox 396 5298 567 5382; x_wconf 90' lang='lat' dir='ltr'>leguntur,</span> <span class='ocrx_word' id='word_1_704' title='bbox 599 5315 696 5376; x_wconf 90' lang='lat' dir='ltr'>quam</span> <span class='ocrx_word' id='word_1_705' title='bbox 723 5297 763 5361; x_wconf 91' lang='lat' dir='ltr'>iis</span> <span class='ocrx_word' id='word_1_706' title='bbox 785 5319 865 5379; x_wconf 90' lang='lat' dir='ltr'>quos</span> <span class='ocrx_word' id='word_1_707' title='bbox 886 5322 946 5365; x_wconf 89' lang='lat' dir='ltr'>sua</span> <span class='ocrx_word' id='word_1_708' title='bbox 967 5306 1072 5365; x_wconf 85' lang='lat' dir='ltr'>aetate</span> <span class='ocrx_word' id='word_1_709' title='bbox 1088 5300 1248 5383; x_wconf 89' lang='lat' dir='ltr'>propheta</span> <span class='ocrx_word' id='word_1_710' title='bbox 1266 5301 1371 5367; x_wconf 90' lang='lat' dir='ltr'>incre·</span> <span class='ocrx_word' id='word_1_711' title='bbox 1423 5307 1532 5364; x_wconf 83' lang='lat' dir='ltr'>tamen</span> <span class='ocrx_word' id='word_1_712' title='bbox 1564 5300 1634 5363; x_wconf 90' lang='lat' dir='ltr'>sine</span> <span class='ocrx_word' id='word_1_713' title='bbox 1660 5298 1725 5364; x_wconf 91' lang='lat' dir='ltr'>Dei</span> <span class='ocrx_word' id='word_1_714' title='bbox 1752 5300 1956 5382; x_wconf 89' lang='lat' dir='ltr'>providentia</span> <span class='ocrx_word' id='word_1_715' title='bbox 1982 5300 2070 5365; x_wconf 92' lang='lat' dir='ltr'>hunc</span> <span class='ocrx_word' id='word_1_716' title='bbox 2094 5301 2201 5366; x_wconf 93' lang='lat' dir='ltr'>locum</span> <span class='ocrx_word' id='word_1_717' title='bbox 2227 5299 2396 5381; x_wconf 85' lang='lat' dir='ltr'>assequuti</span> 
     </span>
     <span class='ocr_line' id='line_1_54' title="bbox 397 5379 2398 5470; baseline 0.001 -23"><span class='ocrx_word' id='word_1_718' title='bbox 397 5385 505 5466; x_wconf 89' lang='lat' dir='ltr'>pabat.</span> <span class='ocrx_word' id='word_1_719' title='bbox 543 5379 704 5447; x_wconf 83' lang='lat' dir='ltr'>Caeterum</span> <span class='ocrx_word' id='word_1_720' title='bbox 723 5384 876 5464; x_wconf 70' lang='lat' dir='ltr'>cacare</span> <span class='ocrx_word' id='word_1_721' title='bbox 896 5386 1036 5450; x_wconf 82' lang='lat' dir='ltr'>doctrina</span> <span class='ocrx_word' id='word_1_722' title='bbox 1052 5388 1222 5468; x_wconf 76' lang='lat' dir='ltr'>praecipue</span> <span class='ocrx_word' id='word_1_723' title='bbox 1242 5389 1372 5453; x_wconf 66' lang='lat' dir='ltr'>iaaac</span> <span class='ocrx_word' id='word_1_724' title='bbox 1423 5391 1515 5464; x_wconf 89' lang='lat' dir='ltr'>sunt,</span> <span class='ocrx_word' id='word_1_725' title='bbox 1556 5386 1648 5451; x_wconf 92' lang='lat' dir='ltr'>cuius</span> <span class='ocrx_word' id='word_1_726' title='bbox 1683 5386 1807 5450; x_wconf 89' lang='lat' dir='ltr'>ratione</span> <span class='ocrx_word' id='word_1_727' title='bbox 1842 5386 1912 5469; x_wconf 91' lang='lat' dir='ltr'>ipsc</span> <span class='ocrx_word' id='word_1_728' title='bbox 1949 5386 2115 5470; x_wconf 91' lang='lat' dir='ltr'>legislator</span> <span class='ocrx_word' id='word_1_729' title='bbox 2153 5407 2206 5451; x_wconf 89' lang='lat' dir='ltr'>eos</span> <span class='ocrx_word' id='word_1_730' title='bbox 2239 5384 2398 5449; x_wconf 83' lang='lat' dir='ltr'>honorari</span> 
     </span>
     <span class='ocr_line' id='line_1_55' title="bbox 399 5466 2397 5556; baseline 0.002 -25"><span class='ocrx_word' id='word_1_731' title='bbox 399 5475 460 5532; x_wconf 82' lang='lat' dir='ltr'>cst:</span> <span class='ocrx_word' id='word_1_732' title='bbox 492 5489 530 5533; x_wconf 79' lang='lat' dir='ltr'>ira</span> <span class='ocrx_word' id='word_1_733' title='bbox 557 5466 666 5552; x_wconf 76' lang='lat' dir='ltr'>relipio</span> <span class='ocrx_word' id='word_1_734' title='bbox 692 5468 774 5531; x_wconf 82' lang='lat' dir='ltr'>iclcr</span> <span class='ocrx_word' id='word_1_735' title='bbox 799 5489 856 5533; x_wconf 81' lang='lat' dir='ltr'>oca</span> <span class='ocrx_word' id='word_1_736' title='bbox 882 5469 929 5534; x_wconf 80' lang='lat' dir='ltr'>cel</span> <span class='ocrx_word' id='word_1_737' title='bbox 955 5471 1093 5536; x_wconf 77' lang='lat' dir='ltr'>cmcidot</span> <span class='ocrx_word' id='word_1_738' title='bbox 1119 5472 1166 5537; x_wconf 84' lang='lat' dir='ltr'>cel</span> <span class='ocrx_word' id='word_1_739' title='bbox 1187 5473 1371 5556; x_wconf 59' lang='lat' dir='ltr'>longam,</span> <span class='ocrx_word' id='word_1_740' title='bbox 1423 5471 1534 5536; x_wconf 87' lang='lat' dir='ltr'>voluit.</span> <span class='ocrx_word' id='word_1_741' title='bbox 1579 5472 1781 5537; x_wconf 89' lang='lat' dir='ltr'>Nominatim</span> <span class='ocrx_word' id='word_1_742' title='bbox 1808 5480 1920 5536; x_wconf 88' lang='lat' dir='ltr'>tamen</span> <span class='ocrx_word' id='word_1_743' title='bbox 1945 5471 1984 5536; x_wconf 93' lang='lat' dir='ltr'>de</span> <span class='ocrx_word' id='word_1_744' title='bbox 2012 5479 2187 5553; x_wconf 85' lang='lat' dir='ltr'>parentum</span> <span class='ocrx_word' id='word_1_745' title='bbox 2209 5469 2397 5536; x_wconf 85' lang='lat' dir='ltr'>reverentia</span> 
     </span>
     <span class='ocr_line' id='line_1_56' title="bbox 1139 5553 2397 5641; baseline -0.001 -20"><span class='ocrx_word' id='word_1_746' title='bbox 1139 5633 1141 5637; x_wconf 10' lang='lat'><strong>¹</strong></span> <span class='ocrx_word' id='word_1_747' title='bbox 1422 5558 1601 5641; x_wconf 86' lang='lat' dir='ltr'>praecepit,</span> <span class='ocrx_word' id='word_1_748' title='bbox 1634 5559 1774 5640; x_wconf 92' lang='lat' dir='ltr'>quinos</span> <span class='ocrx_word' id='word_1_749' title='bbox 1802 5559 1837 5622; x_wconf 92' lang='lat' dir='ltr'>in</span> <span class='ocrx_word' id='word_1_750' title='bbox 1865 5558 1950 5622; x_wconf 88' lang='lat' dir='ltr'>hanc</span> <span class='ocrx_word' id='word_1_751' title='bbox 1976 5558 2078 5623; x_wconf 90' lang='lat' dir='ltr'>vitam</span> <span class='ocrx_word' id='word_1_752' title='bbox 2100 5557 2319 5636; x_wconf 80' lang='lat' dir='ltr'>sustulerrmt3</span> <span class='ocrx_word' id='word_1_753' title='bbox 2351 5553 2397 5620; x_wconf 90' lang='lat' dir='ltr'>ad</span> 
     </span>
     <span class='ocr_line' id='line_1_57' title="bbox 469 5639 2396 5730; baseline 0.002 -25"><span class='ocrx_word' id='word_1_754' title='bbox 469 5653 768 5722; x_wconf 66' lang='lat' dir='ltr'>machamatus</span> <span class='ocrx_word' id='word_1_755' title='bbox 786 5655 847 5708; x_wconf 82' lang='lat' dir='ltr'>vide</span> <span class='ocrx_word' id='word_1_756' title='bbox 859 5654 996 5713; x_wconf 78' lang='lat' dir='ltr'>Socratem</span> <span class='ocrx_word' id='word_1_757' title='bbox 1016 5657 1079 5711; x_wconf 75' lang='lat' dir='ltr'>hnc.</span> <span class='ocrx_word' id='word_1_758' title='bbox 1097 5660 1161 5730; x_wconf 80' lang='lat' dir='ltr'>trip.</span> <span class='ocrx_word' id='word_1_759' title='bbox 1176 5661 1237 5713; x_wconf 84' lang='lat' dir='ltr'>libr.</span> <span class='ocrx_word' id='word_1_760' title='bbox 1249 5657 1273 5712; x_wconf 86' lang='grc'>9.</span> <span class='ocrx_word' id='word_1_761' title='bbox 1292 5680 1314 5717; x_wconf 83' lang='lat' dir='ltr'>c.</span> <span class='ocrx_word' id='word_1_762' title='bbox 1330 5660 1371 5719; x_wconf 81' lang='lat'>38.</span> <span class='ocrx_word' id='word_1_763' title='bbox 1423 5665 1522 5726; x_wconf 87' lang='lat' dir='ltr'>quam</span> <span class='ocrx_word' id='word_1_764' title='bbox 1542 5651 1662 5708; x_wconf 81' lang='lat' dir='ltr'>natum</span> <span class='ocrx_word' id='word_1_765' title='bbox 1683 5645 1756 5727; x_wconf 88' lang='lat' dir='ltr'>ipsa</span> <span class='ocrx_word' id='word_1_766' title='bbox 1773 5642 2008 5726; x_wconf 89' lang='lat' dir='ltr'>quodammodo</span> <span class='ocrx_word' id='word_1_767' title='bbox 2025 5643 2196 5708; x_wconf 75' lang='lat' dir='ltr'>institimre</span> <span class='ocrx_word' id='word_1_768' title='bbox 2210 5664 2271 5708; x_wconf 89' lang='lat' dir='ltr'>nos</span> <span class='ocrx_word' id='word_1_769' title='bbox 2288 5639 2396 5708; x_wconf 80' lang='lat' dir='ltr'>debet</span> 
     </span>
    </p>
   </div>
   <div class='ocr_carea' id='block_1_4' title="bbox 0 0 2811 6804">
    <p class='ocr_par' dir='ltr' id='par_1_8' title="bbox 0 0 2811 6804">
     <span class='ocr_line' id='line_1_58' title="bbox 0 0 2811 6804; baseline 0 0"><span class='ocrx_word' id='word_1_770' title='bbox 0 0 2811 6804; x_wconf 95' lang='lat' dir='ltr'> </span> 
     </span>
    </p>
   </div>
  </div>
 </body>
</html>
