5600 6809
391 755 453 815 497
655 747 745 814 LIB.
768 747 845 824 ΠΙ,
877 747 941 813 ΒΕ
966 746 1103 814 MODO
1124 746 1476 814 PnRoleNDAn
1499 745 1690 813 effluam
1711 748 1929 815 GRATIAE.
1976 749 2074 815 OAP.
2098 750 2140 815 V.
2330 755 2393 815 498

385 941 453 1004 sint
473 939 647 1005 universae
669 943 849 1013 creaturae,
879 936 957 1018 quid
980 937 1087 1001 obstat
1108 936 1281 1018 quominus
1301 956 1361 1017 per
1412 936 1483 1015 hoc,
1507 956 1633 1014 aurum,
1656 945 1838 1020 argentum,
1860 938 1987 1022 lapides
2006 939 2173 1020 pretiosos,
2196 939 2297 1023 ligna,
2326 941 2393 1005 foe·

383 1026 539 1104 infernos,
562 1021 705 1087 diabolos
725 1021 956 1105 intelligam,
985 1023 1041 1104 qui
1062 1043 1140 1087 sane
1161 1021 1203 1086 ad
1224 1021 1361 1085 Domini
1412 1043 1507 1099 num,
1536 1021 1707 1104 stipulam,
1736 1025 1993 1105 uniuscuiusque
2013 1044 2094 1105 opus
2116 1025 2211 1106 quale
2233 1026 2289 1104 sit,
2323 1026 2393 1091 dies

383 1109 713 1185 tribunalsistentur,
736 1106 877 1172 iudicem
899 1129 996 1172 suum
1018 1109 1170 1191 agnituri,
1196 1129 1272 1172 cum
1294 1118 1360 1171 ter·
1412 1108 1549 1172 Domini
1570 1109 1793 1174 manifestabit
1800 1133 1808 1188 ;
1836 1109 1923 1191 quod
1951 1110 1987 1172 in
2013 1109 2090 1192 igne
2122 1111 2329 1189 revelabitur,
2359 1121 2392 1177 et

383 1219 456 1263 rore
479 1205 513 1261 et
534 1193 773 1277 trepidatione?
818 1192 970 1273 Qualiter
994 1192 1132 1258 eandem
1153 1193 1360 1275 prophetiam
1412 1193 1668 1274 uniuscuiusque
1696 1210 1777 1276 opus
1813 1194 1909 1277 quale
1948 1195 2005 1273 sit,
2044 1196 2131 1277 ignis
2163 1196 2325 1277 probabit;
2364 1199 2391 1262 si

382 1283 506 1349 Paulus
533 1283 603 1363 ipse
626 1280 703 1344 alibi
725 1280 836 1364 (Rom
859 1283 913 1355 14,
936 1278 989 1363 10)
1013 1280 1261 1361 interpretatur:
1290 1299 1360 1342 om·
1413 1277 1505 1343 cuius
1523 1300 1604 1361 opus
1623 1282 1748 1358 arserit,
1768 1279 2003 1345 detrimentum
2020 1281 2172 1362 patietur,
2190 1281 2260 1363 ipse
2278 1292 2390 1348 autem

384 1391 457 1446 nes,
480 1369 601 1449 inquit,
625 1365 779 1431 sistemur
802 1364 844 1429 ad
866 1362 1010 1430 tribunal
1033 1363 1172 1442 Ohristi3
1200 1365 1359 1446 scriptum
1413 1365 1524 1430 salvus
1552 1365 1627 1444 erit,
1656 1365 1714 1430 sed
1741 1366 1835 1448 quasi
1858 1387 1918 1448 per
1939 1367 2059 1450 ignem.
2105 1365 2207 1446 Quis,
2237 1369 2391 1449 inquiunt,
2493 1361 2513 1432 J

383 1463 433 1520 est
454 1455 555 1518 enim:
579 1452 655 1517 vivo
677 1473 752 1534 ege,
779 1450 862 1514 mihi
884 1451 1034 1515 flectetur
1055 1471 1152 1529 omne
1174 1471 1275 1533 genu,
1299 1457 1358 1514 etc.
1412 1450 1468 1531 ille
1495 1451 1582 1534 ignis
1616 1472 1686 1515 esse
1717 1459 1826 1534 potest
1856 1453 1920 1516 nisi
1946 1453 2172 1536 purgatorius,
2205 1474 2265 1535 per
2294 1477 2391 1536 quem

382 1542 485 1622 Atqui
501 1540 539 1603 in
556 1559 632 1602 eum
654 1536 788 1601 modum
804 1536 1013 1617 interpretari
1031 1557 1098 1598 non
1117 1535 1202 1613 lieet,
1220 1535 1305 1617 quod
1324 1536 1360 1599 in
1413 1549 1620 1618 peccatorum
1653 1535 1765 1601 sordes
1798 1536 2046 1621 absterguntur,
2081 1560 2145 1620 quo
2178 1540 2254 1620 puri
2281 1541 2392 1623 ingre·

383 1625 581 1709 Apocalypsi
594 1624 638 1708 (5,
654 1623 868 1707 13)habetur,
882 1629 1216 1700 omnemoreaturam,
1230 1622 1360 1703 quaein
1413 1621 1543 1686 diamur
1564 1623 1752 1706 inregnum
1764 1623 1850 1687 Dei?
1883 1623 1987 1706 Atqui
2005 1623 2106 1688 alium
2125 1645 2195 1689 esse
2218 1634 2393 1690 senserunt

383 1713 486 1790 coelo,
510 1723 645 1792 atquae
667 1715 923 1791 superterram,
953 1713 1090 1789 atquae
1113 1706 1299 1785 subterra,
1328 1714 1360 1771 et
1413 1715 1563 1772 veterum
1588 1708 1751 1790 plerique,
1766 1709 1790 1792 ¹)
1817 1730 1935 1791 nempe
1961 1709 2205 1774 tribulationem
2231 1732 2290 1775 seu
2318 1734 2392 1776 oru-

383 1819 465 1880 quae
492 1798 527 1859 in
555 1795 655 1872 mari,
683 1801 717 1857 et
743 1813 827 1876 quae
847 1794 882 1856 in
903 1793 982 1874 ipsis
1004 1802 1084 1856 sunt
1110 1794 1221 1857 omnia
1249 1792 1358 1858 audivi
1413 1814 1493 1872 cem,
1516 1814 1575 1874 per
1596 1815 1696 1876 quam
1716 1795 1881 1859 Dominus
1904 1815 1979 1859 suos
1997 1796 2173 1874 examinat,
2198 1817 2239 1859 ne
2262 1797 2298 1860 in
2320 1819 2391 1861 oar-

383 1883 538 1949 dioentia:
568 1881 691 1946 sedenti
718 1879 755 1942 in
777 1879 912 1957 throne,
942 1885 976 1942 et
999 1899 1096 1961 agno,
1119 1878 1302 1943 benedictio
1325 1886 1358 1943 et
1412 1880 1465 1943 nis
1492 1878 1642 1944 sordibus
1669 1880 1890 1961 acquiescant;
1924 1880 2022 1962 idque
2054 1881 2158 1945 multo
2190 1880 2391 1963 probabilius

385 1970 490 2033 honor
516 1978 550 2032 et
578 1967 681 2050 gloria
708 1973 741 2029 et
767 1972 912 2047 potestas
936 1965 971 2027 in
994 1964 1125 2029 saecula
1145 1964 1358 2029 saeculorum.
1413 1987 1513 2046 quam
1531 1967 1758 2048 purgatorium
1776 1965 1998 2049 confingendo.
2028 1965 2228 2048 Quanquam
2245 1988 2306 2032 neo
2325 1969 2390 2032 illis

383 2054 423 2118 Id
442 2053 574 2137 quidem
595 2051 689 2118 facile
710 2048 864 2129 eonced0;
893 2048 952 2115 sed
977 2050 1090 2131 quales
1118 2050 1173 2114 hic
1194 2058 1360 2115 creaturas
1413 2051 1583 2129 assentior,
1606 2051 1682 2133 quia
1703 2050 1786 2114 mihi
1806 2050 1919 2115 videor
1940 2053 2111 2116 certiorem
2133 2052 2236 2116 multo
2259 2061 2293 2116 et
2309 2054 2390 2118 luci-

383 2140 545 2205 reoenseri
566 2136 705 2220 putant?
735 2135 833 2201 Certo
855 2136 943 2200 enim
964 2136 1085 2202 certius
1103 2143 1161 2214 est,
1184 2143 1218 2200 et
1235 2137 1360 2200 ratione
1413 2134 1538 2201 diorem
1565 2137 1636 2202 eius
1667 2136 1730 2201 loci
1759 2136 2011 2220 intelligentiam
2039 2145 2242 2220 assequutus.
2287 2139 2391 2204 Ante

383 2235 529 2290 carentes
551 2234 585 2289 et
605 2224 801 2287 inanimatas
818 2220 1058 2303 comprehendi.
1088 2220 1164 2302 Quo
1184 2243 1251 2287 non
1272 2221 1360 2286 aliud
1412 2243 1511 2304 quam
1539 2230 1651 2287 tamen
1678 2243 1753 2312 eam
1774 2222 1916 2304 profero,
1947 2223 2044 2288 velim
2066 2224 2147 2286 mihi
2170 2223 2391 2306 respondeant

382 2312 566 2376 affirmatur
598 2330 698 2391 quam
730 2308 876 2392 singulas
908 2306 994 2372 orbis
1027 2317 1151 2390 partes,
1185 2329 1205 2372 a
1232 2329 1359 2373 summo
1413 2316 1574 2391 putantne
1607 2308 1762 2390 apostolis
1800 2330 1838 2373 ac
1870 2310 1992 2374 sanctis
2025 2309 2176 2373 omnibus
2209 2331 2268 2391 per
2301 2311 2391 2374 hunc

384 2397 550 2462 coelorum
572 2396 693 2461 vertice
715 2393 757 2458 ad
778 2415 881 2475 usque
903 2400 1010 2457 terrae
1032 2400 1191 2471 centrum,
1214 2415 1273 2457 suo
1290 2415 1360 2457 mo-
1412 2395 1523 2477 ignem
1542 2394 1771 2477 purgatorium
1792 2394 2031 2459 transeundum
2048 2394 2170 2458 fuisse?
2203 2395 2389 2479 Negabunt,

384 2483 424 2546 do
457 2482 612 2547 creatoris
645 2479 782 2565 gloriam
816 2498 978 2543 enarrare.
1024 2477 1122 2559 Quod
1155 2501 1197 2543 ex
1223 2479 1360 2545 Mache·
1413 2480 1494 2558 scio;
1521 2479 1621 2544 nimis
1649 2480 1738 2544 enim
1759 2480 1917 2544 absonum
1938 2480 2023 2545 foret
2049 2501 2104 2545 eos
2132 2483 2268 2563 purgari
2295 2502 2390 2564 opor-

383 2569 539 2633 baeorum
565 2567 702 2631 historia
730 2565 764 2649 (2
789 2565 898 2629 Mach.
927 2568 981 2642 12,
1006 2565 1064 2649 43)
1091 2566 1277 2646 proferunt,
1307 2587 1359 2629 re·
1413 2565 1515 2629 tuisse
1542 2586 1681 2647 quorum
1707 2566 1825 2629 merita
1853 2566 1941 2630 ultra
1959 2588 2149 2631 mensuram
2170 2565 2212 2630 ad
2234 2566 2390 2633 universa

383 2654 557 2736 sponsione
588 2673 655 2716 non
682 2650 853 2735 dignabor,
887 2671 929 2714 ne
962 2671 1044 2732 opus
1072 2650 1153 2714 illud
1179 2649 1293 2716 videar
1324 2651 1360 2713 in
1412 2650 1568 2715 eeclesiae
1589 2651 1737 2714 membra
1757 2650 1941 2716 redundare
1960 2635 2133 2717 sonlniant
2162 2653 2290 2716 Verum
2312 2675 2391 2736 apo-

383 2760 551 2804 sacrorum
583 2737 740 2802 librorum
772 2735 957 2819 catalogum
990 2736 1121 2800 referre.
1165 2737 1213 2800 At
1244 2737 1360 2818 Augu·
1412 2736 1517 2801 stolus
1544 2737 1606 2800 hoc
1635 2735 1792 2799 affirmat:
1820 2758 1926 2819 neque
1948 2739 2037 2802 enim
2060 2736 2153 2817 dicit,
2182 2736 2391 2819 quorundam
2494 2762 2499 2786 ¹

382 2824 526 2975 atinus&
548 2845 606 2906 pro
628 2823 782 2888 canonico
803 2822 933 2903 recepit.
977 2822 1129 2886 Primum
1149 2843 1249 2903 quam
1271 2829 1361 2886 certa
1413 2842 1494 2904 opus
1516 2822 1689 2903 probatum
1710 2822 1760 2898 iri,
1784 2821 1841 2886 sed
1862 2824 2018 2887 omnium.
2058 2824 2174 2906 Neque
2196 2824 2257 2888 hoc
2279 2845 2390 2888 meum

382 2910 469 2976 fide?
527 2911 715 2992 cripturam,
736 2909 855 2989 inquit,
873 2906 1149 2971 Machabaeorum
1160 2929 1227 2971 non
1238 2907 1360 2972 habent
1413 2914 1646 2990 argumentum
1677 2914 1741 2983 est,
1774 2906 1832 2970 sed
1860 2909 2090 2991 Augustini,²)
2123 2911 2180 2991 qui
2213 2910 2259 2973 sic
2287 2912 2390 2975 inter-

382 2996 497 3061 Iudaei
525 2997 609 3061 siout
630 2995 752 3077 legem,
779 2993 973 3076 prophetas,
1001 3000 1034 3057 et
1056 2992 1213 3074 psalmos,
1241 2994 1360 3075 quibus
1411 2993 1628 3075 pretationem
1654 2992 1747 3057 illam
1774 3000 1951 3076 oppugnat.
1995 2994 2042 3058 Et
2070 2993 2171 3077 (quod
2199 2996 2304 3078 magis
2332 2996 2389 3060 ab·

382 3083 606 3147 testimonium
638 3080 788 3162 perbibet
820 3077 985 3143 Dominus
1025 3084 1184 3160 tanquam
1221 3078 1360 3144 testibus
1413 3078 1549 3143 surdum
1562 3079 1626 3163 est)
1645 3099 1712 3142 non
1730 3077 1811 3142 dicit
1827 3079 2022 3144 transituros
2039 3078 2080 3142 ob
2098 3078 2389 3162 quaelibetopera3

383 3168 466 3243 suis,
498 3166 623 3233 dicens:
653 3166 822 3248 oportebat
848 3164 977 3245 impleri
1004 3165 1114 3228 omnia
1134 3185 1217 3247 quae
1239 3165 1361 3246 scripta
1412 3165 1469 3229 sed
1492 3165 1520 3228 si
1542 3165 1711 3250 ecclesiam
1733 3186 1863 3229 summa
1883 3164 2041 3229 fidelitate
2064 3163 2279 3241 aedificarint,
2302 3186 2389 3229 mer-

383 3263 460 3319 eunt
480 3255 515 3318 in
536 3253 625 3336 lege,
649 3261 682 3316 et
703 3251 854 3333 psalmis,
880 3257 914 3313 et
934 3250 1101 3333 prophetis
1124 3249 1164 3315 de
1186 3271 1238 3314 me
1260 3250 1358 3333 (Luc.
1412 3250 1525 3316 cedem
1546 3257 1750 3333 recepturos,
1777 3250 1835 3315 ubi
1864 3271 1946 3332 opus
1968 3271 2081 3314 eorum
2102 3249 2173 3333 igni
2189 3250 2290 3313 fuerit
2311 3271 2388 3314 exa-

384 3344 439 3418 24,
458 3339 531 3421 44);
563 3336 621 3403 sed
642 3345 773 3418 recepta
796 3343 846 3400 est
874 3335 914 3399 ab
945 3335 1167 3401 ecclesianon
1189 3336 1358 3414 inutiliter,
1412 3337 1585 3401 minatum
1618 3336 1797 3417 Principio,
1821 3335 1971 3401 videmus
1993 3334 2176 3418 apostolum
2197 3335 2389 3417 metaphora

382 3427 410 3489 si
442 3425 548 3490 sobrie
580 3423 710 3507 legatur
741 3422 794 3488 vel
827 3419 996 3500 audiatur,
1031 3429 1090 3486 etc.
1134 3421 1359 3506 Hieronymus
1412 3443 1509 3487 usum
1529 3443 1609 3500 esse,
1630 3443 1732 3504 quum
1754 3421 1918 3487 doctrinas
1939 3422 2110 3486 hominum
2131 3422 2237 3503 capite
2259 3421 2388 3504 excogi-

382 3519 500 3588 autem,
519 3511 590 3577 sine
608 3509 818 3584 dubitatione,
836 3506 971 3577 minime
988 3507 1099 3572 valere
1116 3509 1186 3572 eius
1204 3508 1359 3572 autorita·
1412 3515 1512 3586 tatas,
1541 3506 1685 3591 lignum,
1718 3507 1849 3572 foenum
1875 3515 1908 3572 et
1932 3507 2088 3590 stipulam
2109 3508 2246 3573 vocavit
2290 3507 2389 3572 Ratio

383 3605 450 3660 tem
470 3596 511 3660 ad
533 3594 709 3661 asserenda
730 3592 884 3676 dogmata
905 3593 1005 3658 docet.
1045 3592 1091 3656 Et
1112 3614 1154 3656 ex
1175 3593 1284 3658 libello
1304 3592 1360 3657 illo
1412 3614 1540 3676 quoque
1560 3594 1771 3675 metaphorae
1792 3599 1943 3676 prompta
1963 3600 2027 3657 est:
2050 3613 2168 3674 nempe
2190 3592 2276 3674 quod
2297 3593 2390 3658 velut
2459 3611 2461 3614 ’

383 3690 527 3759 vetusto,
561 3683 618 3764 qui
650 3680 712 3744 sub
744 3678 877 3743 nomine
903 3677 1063 3762 Cypriani
1090 3678 1131 3743 de
1159 3680 1360 3762 expositione
1412 3679 1557 3762 lignum,
1586 3679 1698 3745 statim
1726 3686 1824 3762 atque
1845 3679 1916 3762 igni
1938 3679 2106 3743 admotum
2127 3678 2238 3756 fuerit,
2272 3699 2389 3743 oonsu-

384 3768 524 3852 symboli
541 3765 739 3842 inscribitur,
763 3771 874 3846 aperte
896 3772 1025 3829 constat
1046 3764 1154 3829 locum
1175 3765 1303 3829 nullum
1324 3765 1360 3828 in
1413 3766 1515 3829 mitur
1536 3773 1570 3830 et
1591 3763 1794 3846 deperditur,
1825 3766 1872 3829 sic
1900 3785 2005 3846 neque
2032 3764 2108 3829 illae
2130 3764 2310 3848 perdurare
2330 3784 2389 3847 po-

383 3854 488 3918 veteri
517 3852 652 3918 ecclesia
679 3851 841 3916 habuisse.
885 3850 932 3914 Et
957 3849 1037 3932 quid
1058 3851 1181 3916 frustra
1208 3851 1263 3917 hio
1285 3871 1361 3915 oon·
1413 3858 1533 3929 terunt,
1555 3872 1656 3933 quum
1676 3871 1732 3915 eas
1753 3850 1935 3915 examinari
1956 3851 2138 3933 contigerit.
2177 3851 2282 3915 Porro
2303 3850 2389 3915 eius·

384 3936 504 4002 tendo?
550 3937 654 4018 Quasi
683 3944 777 4001 autor
804 3937 874 4018 ipse
895 3956 963 3999 non
984 3936 1065 4000 satis
1086 3936 1236 4001 ostendat
1258 3957 1361 4019 quan-
1413 3935 1502 4001 modi
1520 3957 1657 4000 examen
1675 3957 1695 4000 a
1713 3936 1829 4018 spiritu
1842 3936 1907 4000 Dei
1925 3937 2093 4018 proficisci,
2116 3937 2282 4000 neminem
2298 3936 2388 4001 latet

384 4031 456 4088 tum
478 4022 540 4087 sibi
560 4022 771 4088 deferendum
793 4023 846 4100 sit,
869 4043 971 4103 quum
992 4022 1124 4086 veniam
1144 4023 1180 4087 in
1200 4025 1265 4087 fine
1286 4043 1360 4105 pre-
1414 4021 1489 4103 Quo
1508 4023 1611 4105 igitur
1631 4021 1725 4086 filum
1745 4022 1956 4103 metaphorae
1977 4029 2234 4104 prosequeretur,
2258 4042 2296 4086 ae
2313 4042 2390 4105 par·

384 4121 487 4188 catur,
511 4109 538 4173 si
560 4108 639 4192 quid
660 4109 770 4172 minus
792 4107 874 4172 bene
897 4106 1018 4171 dixerit
1040 4106 1073 4191 (2
1093 4108 1201 4172 Mach.
1225 4113 1272 4186 15,
1293 4111 1359 4191 38).
1414 4116 1463 4173 tes
1484 4109 1572 4174 iusta
1593 4108 1807 4172 correlatione
1825 4108 1913 4172 inter
1934 4128 1969 4172 se
1987 4115 2123 4188 aptaret,
2148 4109 2262 4191 ignem
2279 4107 2389 4189 appel·

385 4195 482 4261 Corte
504 4196 559 4278 qui
581 4195 704 4277 scripta
725 4215 785 4259 sua
800 4192 947 4277 indigere
966 4193 1063 4257 venia
1072 4194 1203 4271 fatetur,
1226 4195 1361 4276 spiritus
1413 4194 1497 4259 lavit
1525 4215 1664 4258 examen
1690 4193 1823 4274 spiritus
1849 4194 1963 4258 saneti.
2007 4193 2151 4258 Perinde
2180 4194 2269 4256 enim
2290 4199 2389 4272 atque

385 4283 489 4347 sancti
511 4280 642 4346 oracula
661 4301 735 4345 non>
750 4301 820 4344 esse
843 4279 970 4344 clamat.
1005 4278 1098 4343 Adde
1118 4280 1199 4360 qood
1220 4292 1281 4344 rtoo
1297 4278 1361 4343 clio
1414 4301 1532 4344 aurum
1554 4287 1588 4345 et
1609 4289 1798 4362 argentum,
1823 4299 1887 4361 quo
1914 4279 2048 4361 propius
2076 4278 2117 4343 ad
2145 4280 2255 4360 ignem
2277 4276 2388 4340 admo-

384 4370 507 4433 mmme
529 4368 678 4433 modotm
698 4366 799 4431 Iodoe
814 4367 928 4446 pieton
950 4365 1016 4429 cisi
1032 4365 1109 4444 qaia
1129 4386 1215 4447 spem
1233 4364 1362 4444 timeam
1414 4372 1548 4443 ventur,
1576 4387 1614 4429 eo
1639 4364 1810 4429 certiorem
1838 4364 2010 4447 probitatis
2035 4365 2251 4447 puritatisque
2272 4360 2388 4443 proba-

383 4455 421 4519 de
442 4456 555 4519 altimo
575 4453 797 4518 resurrectione
817 4450 971 4527 demerit,
1001 4451 1054 4514 abi
1075 4449 1256 4516 commem
1275 4451 1362 4514 misit
1415 4452 1540 4515 tionem
1561 4451 1722 4528 referrmt,
1754 4451 1802 4515 ita
1822 4451 1960 4516 Domini
1982 4452 2118 4527 veritas,
2149 4469 2212 4529 quo
2241 4447 2388 4515 exactius

379 4560 441 4618 pro
468 4543 600 4605 mortuis
621 4538 880 4620 Hierosolymam.
927 4535 1035 4617 Neque
1061 4538 1143 4601 enim
1164 4539 1207 4602 od
1223 4538 1362 4617 pretium
1415 4537 1576 4619 spirituali
1608 4537 1758 4602 examine
1788 4536 1998 4619 expenditur,
2033 4556 2070 4598 eo
2102 4533 2259 4597 maiorem
2286 4532 2389 4596 sumit

384 4625 604 4704 redemptionis
633 4624 731 4690 trabit
761 4625 894 4703 scriptor
919 4621 1067 4687 historice
1092 4623 1173 4704 qaod
1199 4622 1252 4687 ille
1283 4623 1362 4706 epit·
1415 4623 1599 4688 autoritatis
1616 4624 1905 4689 confirmationem.
1939 4617 2222 4702 Quemadmodum
2246 4619 2387 4695 foenum,

384 4708 439 4772 aed
470 4714 504 4770 m
535 4716 687 4775 consortes
719 4715 865 4775 oetmaoe
896 4709 978 4773 vitoe
1004 4714 1103 4774 essem
1133 4729 1205 4774 cum
1230 4707 1363 4790 reliquie
1415 4710 1560 4793 lignum,
1584 4708 1716 4793 stipula,
1739 4710 1809 4793 igni
1831 4708 1977 4783 admota,
2000 4705 2220 4786 corripiuntur
2242 4704 2278 4766 in
2299 4702 2389 4767 subi·

383 4793 541 4874 fidelibus,
564 4796 619 4873 qui
634 4817 697 4876 pro
713 4797 826 4876 patrio
847 4801 874 4859 et
893 4794 1040 4878 religione
1062 4793 1269 4860 occubuerant.
1303 4792 1363 4858 Su-
1415 4803 1485 4859 tam
1507 4796 1797 4878 consumptionem,
1825 4796 1873 4858 ita
1894 4792 2066 4857 hominum
2086 4791 2230 4867 inventa
2252 4789 2389 4854 Domini

379 4879 561 4962 perstitiose
585 4881 711 4959 quidm
736 4887 766 4945 et
781 4885 981 4962 praepostero
1008 4881 1073 4946 reio
1100 4901 1161 4945 nore
1181 4882 1283 4947 comit
1309 4879 1363 4945 boe
1416 4882 1515 4946 verbo
1547 4903 1614 4946 non
1647 4881 1804 4959 stabilita,
1838 4879 1971 4960 spiritus
2004 4875 2109 4940 sancti
2137 4894 2275 4939 examen
2303 4873 2389 4938 ferre

384 4966 518 5046 foetam
540 4963 595 5027 sed
611 4964 689 5044 plus
710 4985 805 5044 quom
824 4966 911 5046 fatui
932 4971 1012 5047 soro,
1033 4969 1089 5047 qui
1109 4967 1302 5047 sacrificium
1323 4966 1363 5030 le
1415 4974 1597 5049 nequeunt,
1630 4969 1709 5049 quin
1743 4963 1913 5031 concidant
1944 4960 2095 5043 protinus
2128 4968 2161 5024 et
2193 4959 2387 5043 dispereant.

383 5052 454 5133 pole
482 5050 525 5114 od
550 5069 607 5113 nos
634 5069 731 5129 usqae
757 5050 901 5116 trahant:
934 5053 1058 5133 quoodo
1087 5048 1219 5118 edomita
1244 5050 1363 5117 Christi
1414 5054 1566 5136 Denique
1584 5054 1612 5117 si
1630 5051 1869 5118 commentitiae
1888 5047 2061 5124 doctrinae,
2084 5046 2182 5129 ligno,
2204 5047 2309 5124 foeno,
2330 5047 2389 5111 sti·

385 5137 503 5202 ammos
524 5154 644 5200 mesore
664 5155 745 5215 quoe
766 5135 802 5197 in
822 5157 885 5199 aaa
907 5142 977 5201 troo
998 5139 1133 5218 sueram.
1415 5139 1511 5220 pulae
1529 5148 1767 5221 comparantur,
1787 5134 1874 5216 quod
1895 5134 2000 5197 instar
2021 5131 2113 5216 ligni,
2136 5132 2231 5210 foeni,
2251 5131 2389 5214 stipulae

473 5228 501 5286 9.
546 5221 675 5286 Verum
696 5219 819 5284 habent
847 5221 1008 5287 invictum
1030 5243 1170 5288 cuneum
1191 5225 1227 5286 in
1248 5222 1362 5301 Paule,
1415 5225 1650 5290 comburantur
1667 5222 1802 5303 abigne,
1826 5226 1859 5282 et
1880 5227 2134 5302 corrumpantur
2154 5220 2190 5281 in
2207 5219 2387 5292 interitum,

387 5309 442 5389 qui
475 5329 543 5370 non
570 5307 618 5369 ita
644 5305 738 5371 facile
771 5304 903 5387 percelli
930 5313 1038 5386 queat.
1083 5306 1121 5370 Si
1149 5309 1223 5389 quis
1250 5329 1363 5389 super·
1416 5331 1482 5374 non
1504 5318 1613 5374 autem
1635 5305 1852 5371 conficiuntur
1873 5312 1932 5370 aut
1952 5305 2169 5388 profligantur
2194 5305 2257 5368 nisi
2278 5324 2298 5366 a
2318 5302 2351 5366 D

388 5392 550 5470 aedificat,
573 5393 682 5474 inquit
704 5393 736 5476 (l
758 5389 831 5455 (lor.
852 5394 881 5468 3,
902 5390 973 5473 12),
996 5411 1094 5473 super
1113 5392 1363 5455 fundamentum
2325 5436 2328 5441 >

1488 5596 1516 5660 1)
1539 5596 1761 5663 Obrysostomns.
1787 5595 1955 5665 Augustinus
1985 5603 2013 5647 et
2040 5596 2092 5646 alii.
2163 5590 2193 5649 fil
2221 5591 2330 5642 Euchir.
2354 5589 2390 5642 sd

458 5667 488 5733 1)
507 5669 608 5720 (lontra
627 5666 760 5720 Gaudent.
780 5667 860 5734 episc.
881 5664 905 5730 l,
924 5662 966 5716 31.
1421 5665 1500 5716 Laut.
1519 5681 1541 5715 c.
1560 5662 1601 5715 68.

494 5753 604 5807 Osirim
619 5767 710 5820 opero.
754 5751 809 5805 Vol.
829 5750 871 5804 11.
2151 5743 2185 5797 32
