5600 6809
394 741 458 802 are
1018 730 1307 801 marmano
1328 731 1434 801 aaa
1457 730 1638 798 anama.
1664 735 1756 798 1559.
1983 811 1985 814 v
2009 819 2022 840 .
2340 730 2406 794 aso

399 923 468 991 lida
484 942 579 986 mens
601 927 722 1001 nostra,
745 920 804 986 ubi
827 922 938 987 Deum
962 942 1022 1006 pro
1050 939 1111 985 sua
1131 918 1279 984 crassitie
1302 939 1378 984 con·
1429 921 1678 986 usitatissimum
1699 927 1750 986 est
1770 921 1851 1000 Deo,
1874 920 2034 1003 siquidem
2055 918 2327 999 coniunctioque
2343 935 2407 983 nos

395 1011 495 1092 cepit,
519 1007 722 1073 comminisci
741 1007 833 1087 solet,
856 1009 893 1071 in
914 1015 1020 1072 totum
1047 1011 1179 1071 revocat
1199 1011 1233 1068 et
1252 1002 1377 1068 abstra-
1430 1007 1493 1071 sibi
1514 1006 1669 1082 devincit,
1690 1006 1770 1070 dum
1791 1007 1828 1071 in
1854 1007 2010 1072 ecclesiae
2032 1005 2140 1069 sinum
2162 1003 2291 1086 recipit,
2319 1002 2406 1068 sacri

395 1096 462 1176 hit,
496 1117 533 1161 ac
560 1092 697 1178 proinde
719 1089 761 1158 ad
782 1094 967 1178 legitimum
994 1093 1046 1157 sui
1068 1091 1210 1167 cultum,
1243 1089 1305 1155 hoc
1327 1097 1378 1154 est
1429 1093 1598 1158 cuiusdam
1625 1093 1770 1176 coniugii
1794 1093 1902 1158 instar
1930 1093 2043 1170 habet,
2077 1089 2163 1172 quod
2195 1097 2311 1153 mutua
2338 1086 2405 1154 fide

403 1181 609 1265 spiritualem
631 1189 705 1243 eta
732 1202 766 1244 se
794 1180 995 1257 institutum,
1025 1178 1154 1242 format.
1199 1173 1297 1255 Quod
1319 1197 1376 1240 au·
1428 1186 1517 1243 stare
1545 1186 1683 1262 oportet
1728 1178 1804 1259 Ipso
1830 1186 1870 1242 ut
1899 1179 2048 1243 omnibns
2080 1175 2186 1240 fidelis
2212 1196 2251 1239 aa
2276 1173 2405 1240 veracis

399 1277 466 1334 tem
485 1276 535 1332 est
556 1268 592 1330 in
612 1265 675 1331 hac
705 1266 964 1348 transgressione
995 1262 1236 1328 crassissimum
1257 1262 1376 1327 vitium
1428 1264 1539 1329 mariti
1559 1266 1674 1331 officiis
1696 1265 1894 1348 defimgitnr,
1916 1266 1964 1328 ita
1980 1263 2123 1329 vicissim
2145 1282 2165 1324 a
2185 1260 2278 1326 nobis
2299 1259 2405 1342 stipu-

397 1362 507 1419 notat:
548 1351 764 1416 idololatriam
797 1358 976 1415 externam.
1030 1350 1081 1413 Ao
1122 1346 1205 1411 duae
1244 1347 1374 1429 quidem
1427 1350 1517 1415 latur
1534 1372 1678 1415 amorem
1696 1371 1733 1414 ao
1751 1351 1934 1415 castitatem
1957 1348 2176 1432 coniugalem:
2199 1347 2261 1412 hoc
2278 1353 2338 1424 est,
2360 1365 2406 1411 ne

398 1447 476 1505 sunt
497 1437 643 1502 mandati
661 1445 779 1519 partes.
812 1437 910 1500 Prior
926 1434 1095 1500 licentiam
1117 1449 1264 1497 nostram
1285 1454 1375 1498 coer·
1427 1437 1553 1500 animas
1590 1444 1720 1501 nostras
1751 1445 1899 1513 satanae,
1937 1435 2065 1500 hb1d1m
2097 1431 2263 1514 foedisque
2293 1431 2406 1497 carnis
2441 1466 2449 1475 .

398 1534 458 1605 cet,
487 1546 529 1588 ne
550 1525 670 1598 Deum,
694 1523 749 1604 qui
775 1519 1113 1603 incomprehensibilis
1135 1526 1193 1596 est,
1217 1520 1277 1585 sub
1300 1539 1375 1584 sen·
1427 1522 1659 1606 cupiditatibus
1681 1520 1878 1606 stuprandas
1895 1521 2138 1603 prostituamus.
2182 1517 2280 1584 Unde
2301 1537 2407 1600 quum

398 1634 455 1676 sus
477 1617 606 1674 nostros
628 1608 796 1687 subiicere,
820 1615 877 1671 aut
903 1607 973 1671 nlla
994 1606 1101 1688 specie
1128 1613 1375 1687 repraesentare
1427 1608 1625 1672 Iudaeorum
1646 1608 1843 1693 apostasiam
1868 1607 2010 1689 corripit,
2040 1628 2094 1671 eos
2115 1603 2261 1688 proiecta
2276 1602 2406 1685 pudici*

400 1695 589 1761 audeamus.
636 1691 789 1758 Secunda
809 1699 901 1758 vetat
921 1715 964 1757 ne
980 1692 1141 1775 imagines
1158 1690 1243 1755 ullas
1261 1690 1374 1756 adore-
1427 1695 1474 1758 tia
1494 1693 1663 1759 adulteriis
1685 1693 1873 1776 inquinatos
1890 1693 2109 1774 conqueritur.
2154 1691 2245 1774 Ergo
2273 1699 2312 1752 ut
2332 1709 2406 1754 ma·

399 1803 474 1845 mus
496 1779 664 1863 religionis
693 1799 798 1843 eausa
842 1779 947 1844 Porro
976 1779 1097 1843 formas
1124 1798 1238 1841 omnes
1267 1775 1375 1841 brevi·
1428 1781 1519 1856 ritus,
1544 1802 1607 1862 quo
1625 1781 1767 1846 sanctior
1789 1787 1839 1843 est
1860 1799 1898 1844 ac
1918 1779 2051 1857 castior,
2078 1799 2116 1841 eo
2137 1777 2272 1858 gravius
2288 1794 2406 1841 aceen-

400 1874 450 1931 ter
472 1874 659 1941 enumerat,
690 1865 807 1947 quibus
835 1864 959 1929 solebat
985 1886 1005 1928 a
1029 1861 1179 1946 profanis
1206 1868 1234 1927 θῖ
1261 1883 1374 1945 super·
1428 1865 1516 1929 ditur
1538 1868 1566 1929 si
1588 1867 1699 1931 uxoris
1721 1865 1869 1930 animum
1895 1864 1937 1929 ad
1956 1864 2095 1930 rivalem
2121 1861 2280 1927 inclinare
2301 1860 2406 1940 videt,

399 1953 537 2033 stitiosis
566 1950 715 2033 gentibus
742 1951 888 2033 figurari.
939 1951 1005 2015 Per
1034 1971 1073 2014 ea
1108 1971 1191 2031 quae
1221 1950 1257 2011 in
1286 1948 1375 2013 coelo
1427 1952 1476 2015 ita
1496 1950 1673 2029 Dominus,
1705 1953 1760 2035 qui
1786 1971 1847 2015 nos
1874 1951 1936 2015 sibi
1964 1950 1999 2013 in
2021 1950 2159 2015 veritate
2185 1946 2406 2029 desponsavit,

398 2045 487 2115 sunt,
506 2035 616 2112 solem,
639 2035 762 2113 lunam,
785 2036 930 2118 aliasque
953 2035 1064 2100 stellas
1087 2043 1120 2098 et
1141 2035 1278 2098 fortasse
1297 2055 1374 2099 aves
1428 2037 1692 2101 ardentissimam
1713 2037 1910 2120 zelotypiam
1932 2057 2025 2102 suam
2051 2056 2122 2100 esse
2144 2039 2300 2112 testatur,
2323 2053 2407 2116 quo-

397 2122 559 2205 intelligit.
584 2119 1128 2201 QuemadmodumDeutercnomii
1138 2118 1373 2203 quarto(v.15)
1427 2124 1503 2202 ties,
1533 2123 1681 2206 neglecta
1708 2123 1810 2188 saneti
1833 2123 1884 2187 sui
1905 2122 2047 2203 coniugii
2072 2120 2228 2203 puritate,
2257 2118 2407 2201 scelestis

396 2209 585 2292 exprimens
619 2229 712 2270 suam
744 2216 903 2285 mentem,
943 2215 1012 2271 tam
1034 2228 1123 2276 ,aves
1155 2227 1253 2288 quam
1285 2212 1375 2270 astra
1426 2207 1615 2274 libidinibus
1637 2229 1901 2291 conspurcamnr,
1926 2215 1996 2271 tum
2018 2228 2095 2272 vero
2111 2205 2307 2287 praesertim
2324 2203 2408 2269 dnm

396 2297 552 2358 nominat.
599 2290 698 2371 Quod
720 2313 787 2356 non
808 2301 1030 2371 annotassem,
1058 2292 1121 2357 nisi
1146 2291 1303 2375 quosdam
1325 2292 1374 2356 vi-
1427 2296 1571 2359 numinis
1599 2296 1648 2358 sui
1677 2294 1817 2372 cultum,
1847 2314 1942 2375 quem
1972 2293 2116 2356 maxime
2144 2290 2309 2355 illibatum
2331 2310 2407 2356 esso

398 2379 509 2444 derem
532 2377 573 2441 ad
597 2378 730 2460 angelos
756 2378 907 2460 imperite
935 2379 1065 2443 referre.
1110 2379 1228 2467 Itaque
1251 2376 1376 2458 reliqua
1428 2379 1588 2457 deene'rat,
1607 2381 1671 2444 alio
1688 2379 1884 2457 derivamus,
1908 2379 1961 2442 vel
1977 2379 2141 2443 inficimus
2159 2375 2268 2458 aliqua
2288 2396 2407 2458 supcr-

396 2465 554 2541 membra,
588 2464 665 2543 quia
697 2484 756 2544 per
788 2485 823 2527 se
853 2471 931 2553 nota
962 2472 1062 2542 sunt,
1099 2463 1334 2547 praetermitto.
1349 2461 1374 2545 ¹)
1427 2467 1567 2530 stitione.
1624 2464 1896 2547 Quandoquidem
1934 2464 1997 2528 hoc
2032 2462 2129 2527 modo
2167 2482 2234 2525 non
2271 2468 2408 2547 tantum

396 2551 447 2614 Ac
473 2551 540 2612 iem
564 2548 633 2612 libr.
658 2554 687 2611 1.
715 2550 795 2613 sotis
827 2555 932 2631 aperto
965 2551 1142 2628 cauimus,
1177 2568 1375 2629 quoscunque
1427 2552 1587 2617 violamus
1608 2551 1719 2615 datam
1740 2552 1777 2614 in
1799 2551 1947 2633 coniugio
1969 2548 2077 2626 fidem,
2106 2548 2164 2613 sed
2183 2547 2296 2630 ipsum
2318 2568 2406 2631 nup·

396 2636 547 2717 excogitat
568 2633 655 2698 bomo
675 2634 811 2698 visibiles
831 2635 896 2699 Dei
914 2637 1054 2716 famas,
1073 2654 1219 2719 paquara
1245 2655 1283 2698 ea
1304 2634 1374 2698 dia
1426 2637 1538 2702 tialem
1560 2637 1694 2701 thorum
1716 2635 1859 2701 inductis
1881 2635 2038 2700 adulteris
2059 2633 2246 2716 polluimus.

394 2726 491 2785 metro
513 2740 582 2783 oum
604 2721 672 2784 etas
691 2725 818 2799 notura,
849 2721 990 2801 ideoque,
1018 2721 1152 2786 simulac
1174 2721 1210 2783 ia
1237 2720 1375 2784 medium
1515 2728 1563 2786 19.
1608 2723 1648 2787 In
1671 2721 1922 2787 comminatione
1952 2720 2129 2786 videndum
2156 2726 2207 2785 est
2233 2718 2313 2801 quid
2340 2719 2408 2786 sibi

388 2807 545 2887 prodeant
558 2806 651 2883 idolo,
669 2807 828 2888 corrumpi
839 2826 945 2887 veram
958 2806 1137 2889 reliqimrem
1149 2811 1176 2870 et
1189 2806 1372 2870 adulterari.
1426 2808 1514 2885 velit,
1534 2830 1635 2891 quum
1653 2830 1688 2872 se
1705 2808 1915 2873 visitaturum
1932 2806 2030 2872 edicit
2046 2807 2253 2888 iniquitatem
2270 2811 2410 2888 patrum

485 2894 532 2955 18.
581 2891 666 2971 Quae
687 2892 817 2957 adddor
842 2894 959 2957 sardio
988 2913 1049 2955 noo
1071 2913 1193 2974 param
1222 2893 1265 2957 ad
1286 2911 1375 2956 exoro
1426 2895 1461 2958 in
1483 2894 1576 2972 filios,
1600 2894 1641 2958 ad
1661 2894 1793 2958 tertiam
1815 2902 1849 2958 et
1867 2903 2019 2975 quartam
2040 2891 2292 2975 generationem.
2314 2889 2409 2955 Nam

392 2977 530 3042 tartdam
554 2978 727 3043 socordiam
748 2978 849 3042 ualere
869 2977 959 3043 debet.
993 2977 1141 3043 Minatur
1425 2987 1655 3062 praeterquam
1679 2978 1766 3062 quod
1788 3000 1808 3042 a
1829 2977 1958 3044 divinae
1980 2979 2122 3043 institiae
2144 2977 2305 3058 aequitate
2322 2975 2406 3040 alie-

1426 3087 1508 3129 num
1529 3073 1579 3130 est
1599 3087 1738 3148 poenam
1760 3065 1858 3129 alieni
1880 3063 1991 3129 delicti
2011 3063 2052 3128 ab
2080 3064 2210 3128 insonte
2237 3067 2405 3144 expetere,

395 3154 437 3220 Se
466 3155 612 3219 Iebovam
639 3175 720 3239 esse,
749 3155 856 3222 Deum
874 3162 1033 3239 nostrum,
1064 3151 1231 3244 Deum‚‘²)
1259 3176 1397 3221 aemu-v
1427 3149 1519 3217 Deus
1545 3151 1616 3235 ipse
1644 3171 1771 3234 quoque
1797 3150 1861 3215 hoc
1890 3172 1925 3214 se
1942 3171 2010 3214 non
2037 3149 2284 3213 commissurum
2309 3145 2407 3211 affir-

394 3255 541 3339 latorem,
580 3256 636 3348 qui
663 3256 770 3325 visitet
805 3255 1011 3350 iniquitatem
1050 3266 1179 3350 patrum
1215 3257 1248 3324 iu
1278 3256 1373 3342 filios,
1426 3243 1504 3315 mab
1523 3244 1566 3336 ,Ui
1586 3237 1674 3301 fflillss
1694 3243 1806 3334 ,limi
1822 3235 2029 3318 ifliqffiiawm
2050 3234 2153 3317 patris
2170 3233 2241 3318 (El
2262 3236 2311 3312 ¹⁸³
2326 3232 2408 3331 ‚²⁰i·

393 3358 426 3426 in
455 3358 583 3427 tertiam
621 3368 655 3427 et
690 3368 837 3454 quartam
872 3358 1132 3452 generationem,
1176 3358 1209 3427 in
1246 3359 1284 3429 iis
1317 3358 1372 3453 qui
1426 3322 1978 3473 dAetqugosinoeffifflssffig
2002 3319 2204 3470 ffiuffl
2230 3324 2411 3470 mlffiffi

393 3460 536 3531 ederunt
562 3485 682 3532 nomen
711 3485 825 3550 suum;
855 3463 950 3532 iaciat
980 3470 1091 3533 autem
1119 3460 1374 3532 misericordiam
1426 3430 1749 3577 nesppmnrlggssnffiffl
1775 3491 1832 3559 550
1853 3496 1941 3557 emm
1967 3493 2098 3575 saepius
2126 3425 2305 3573 ffloqffim
2326 3510 2412 3555 „um

392 3564 425 3634 iu
463 3564 576 3653 millia,
615 3566 653 3635 iis
689 3566 744 3660 qni
778 3564 918 3658 diligunt
952 3590 1006 3654 se,
1046 3590 1085 3637 ac
1113 3575 1282 3659 praecepta
1317 3587 1375 3635 sua
1427 3578 1836 3663 Moses(Num14,18)2
1867 3578 2026 3656 lehovah,
2056 3577 2215 3655 Iehovah‚
2243 3576 2300 3658 qui
2328 3574 2411 3641 red-

813 3679 953 3740 servant.
1428 3664 1478 3730 dis
1499 3666 1707 3748 iniquitatem
1726 3671 1862 3813 patrum
1879 3665 1955 3729 filiis
1982 3665 2018 3728 in
2036 3664 2169 3727 tertiam
2194 3670 2229 3726 et
2249 3667 2411 3745 quartam

1428 3752 1683 3834 generationem.
1743 3751 1881 3816 eremias
1902 3750 2055 3814 similiter
2081 3749 2159 3836 (Iar.
2179 3751 2230 3826 32,
2252 3747 2323 3832 18):
2345 3746 2409 3830 qui

481 3835 556 3900 Hoc
580 3855 655 3898 vero
677 3833 813 3917 perinde
834 3842 885 3901 est
912 3857 950 3902 ac
978 3837 1006 3901 si
1039 3835 1170 3913 diceret,
1200 3856 1235 3899 εθ
1268 3832 1375 3899 solnm
1427 3837 1508 3902 facis
1529 3836 1787 3902 misericordiam
1807 3838 1844 3900 in
1869 3836 2029 3913 millibus,
2059 3836 2116 3917 qui
2142 3832 2252 3898 reddis
2279 3831 2410 3915 iniqni-

398 3941 469 3985 esse
491 3921 609 4000 inquo
632 3920 768 3985 haerere
791 3920 974 3987 debeamus.
1018 3923 1070 3986 Eo
1092 3928 1130 3985 ut
1152 3940 1212 3985 nos
1230 3919 1374 3998 inducat,
1428 3930 1531 3987 tatem
1581 3930 1690 3987 atrum
1722 3924 1758 3987 in
1792 3923 1904 3986 sinum
1930 3921 2076 3987 filiorum
2102 3925 2178 4003 post
2202 3939 2266 3984 eos.
2310 3917 2410 3983 Non·

395 4005 575 4086 potentiam
606 4027 701 4070 suam
732 4006 912 4088 praedicat,
945 4029 1028 4091 quae
1063 4030 1098 4072 se
1131 4007 1267 4088 impune
1306 4026 1375 4072 con-
1428 4009 1525 4088 nnlli,
1554 3944 1639 4082 dum,
1661 4008 1697 4072 in
1724 4007 1881 4073 solvendo
1910 4007 1972 4073 hoc
1999 4005 2085 4070 nodo
2110 4026 2208 4089 aegre
2229 4001 2407 4083 desudant,

398 4091 492 4154 tororoo'
525 4089 572 4153 col
601 4090 721 4155 elevari
747 4114 814 4156 non
841 4094 994 4175 patiatur.
1052 4094 1194 4158 Ponitur
1221 4092 1274 4156 hio
1302 4092 1375 4174 qui-
1429 4094 1469 4159 de
1496 4095 1610 4177 poenis
1642 4093 1806 4158 duntaxat
1837 4093 2044 4176 temporariis
2069 4099 2190 4175 putant
2213 4089 2408 4173 intelligen-

400 4175 474 4239 dem
495 4195 613 4238 nomeu
637 4175 694 4254 El,
729 4176 816 4260 quod
836 4180 946 4243 Deum
968 4180 1147 4264 significat3
1180 4177 1237 4242 sed
1258 4177 1377 4260 quiaa
1429 4181 1522 4245 dnm:
1553 4201 1634 4262 quas
1663 4181 1690 4245 si
1712 4181 1773 4246 filii
1795 4179 1960 4245 sustinent
1980 4200 2040 4262 pro
2066 4185 2243 4261 parentum
2265 4174 2408 4256 delictis,

397 4259 592 4326 fortitudine
615 4259 752 4341 ducitur,
776 4284 840 4345 quo
858 4286 991 4330 sensum
1011 4264 1129 4329 melius
1146 4264 1375 4347 exprimerem,
1428 4287 1497 4330 non
1519 4273 1570 4331 est
1591 4265 1780 4344 absurdum,
1811 4265 1942 4348 quando
1965 4285 2062 4348 saepe
2083 4264 2119 4327 in
2145 4263 2284 4329 salutem
2313 4260 2409 4326 inssi-

396 4348 452 4414 boo
470 4367 588 4428 quoque
610 4348 735 4413 reddero
751 4350 971 4430 u-onclabitooi,
992 4352 1042 4415 ool
1056 4351 1210 4414 amatur·
1230 4350 1375 4414 taceare.
1475 4360 1562 4416 ntur.
1607 4350 1703 4432 Quod
1727 4372 1845 4418 verum
1871 4349 2004 4433 quidem
2030 4357 2088 4415 est
2132 4350 2220 4415 Nam
2239 4346 2411 4412 Ezechiae

397 4434 527 4498 Deinde
550 4432 786 4499 aemulatorem
812 4444 978 4515 sevocat,
1007 4436 1064 4518 qui
1087 4443 1269 4500 consortem
1290 4436 1376 4499 ferre
1428 4373 1643 4502 ddnuntiabat
1664 4438 1786 4502 Iesaias
1816 4436 1882 4521 (39,
1904 4440 1953 4522 7),
1984 4437 2069 4502 filios
2091 4436 2162 4500 eius
2181 4452 2282 4517 regno
2299 4431 2409 4513 spoli-

398 4528 550 4601 nequeat.
596 4520 716 4598 Tertio,
739 4519 903 4586 vindicem
924 4543 959 4586 se
986 4522 1135 4585 futurum
1164 4520 1281 4585 asserit
1298 4541 1375 4585 suae
1429 4524 1540 4601 andos,
1563 4522 1654 4587 etin
1676 4523 1830 4587 exsilium
1854 4520 2082 4605 deportandos,
2104 4520 2337 4604 obpeccatum
2359 4517 2409 4583 ab

397 4605 580 4669 maiestatis
602 4625 640 4670 ac
661 4605 798 4688 gloriae,
826 4609 854 4670 si
881 4608 937 4702 qui
963 4628 1036 4672 eam
1064 4606 1106 4671 ad
1128 4614 1296 4672 creaturas
1317 4614 1376 4670 aut
1428 4629 1466 4672 eo
1488 4616 1721 4692 perpetratum.
1765 4609 1895 4673 Domus
1905 4607 2090 4674 Pharaonis
2100 4615 2134 4671 et
2150 4601 2343 4672 Abimelech
2360 4603 2408 4669 ob

398 4690 563 4773 sculptilia
589 4692 802 4771 transt'erant;
836 4714 941 4775 neque
968 4693 1002 4757 id
1029 4692 1122 4760 brevi
1150 4700 1209 4756 aut
1235 4692 1375 4773 simplici
1427 4694 1554 4758 laesum
1575 4693 1804 4758 Abrahamum
1825 4694 2027 4759 afflictantur
2048 4693 2148 4778 (Gen.
2170 4695 2219 4770 12,
2239 4693 2276 4754 17
2295 4695 2332 4753 et
2348 4691 2405 4769 20,

398 4775 558 4855 vindicta,
593 4776 650 4840 sed
678 4799 761 4860 quae
789 4779 824 4842 in
845 4779 944 4857 filios,
976 4787 1111 4861 nepotes
1132 4785 1165 4842 et
1181 4785 1375 4860 pronepotes
1428 4780 1473 4864 3),
1497 4787 1556 4844 ete.
1586 4776 1654 4843 sed
1676 4801 1778 4861 quum
1798 4779 1833 4844 id
1855 4780 1897 4845 ad
1919 4778 2121 4863 quaestionis
2142 4778 2243 4842 huius
2264 4773 2406 4840 solutio-

399 4882 434 4926 se
455 4861 639 4943 protendat,
684 4886 720 4928 ur
741 4864 865 4931 scilicet
885 4871 1042 4948 paternae
1069 4863 1245 4947 impietatis
1266 4862 1375 4926 imita-
1427 4887 1505 4930 nem
1527 4865 1673 4943 affertur,
1696 4866 1856 4950 effugium
1877 4873 1928 4931 est
1948 4866 2056 4949 magis
2077 4885 2177 4948 quam
2198 4882 2278 4928 vera
2297 4860 2406 4926 inter·

399 4954 485 5011 tores
508 4954 614 5011 erunt.
660 4885 943 5029 &Quemadmodum
970 4958 1164 5034 perpetuam
1192 4970 1317 5031 quoque
1338 4949 1375 5013 in
1426 4951 1576 5034 prelatio.
1626 4950 1824 5017 Graviorem
1856 4954 1945 5017 enim
1973 4952 2135 5016 ultionem
2161 4948 2259 5015 edicit
2284 4945 2341 5011 hio
2369 4951 2407 5011 et

398 5031 533 5116 longam
560 5035 785 5115 posteritatem
809 5038 850 5102 iis
877 5036 1135 5102 misericordiam
1162 5056 1200 5100 ao
1225 5035 1374 5119 benigni·
1427 5035 1589 5101 similibus
1610 5036 1690 5101 loeis
1711 5058 1811 5121 quam
1838 5044 1877 5102 ut
1897 5038 1987 5103 intra
2015 5039 2103 5103 vitae
2128 5033 2312 5121 praesentis
2333 5037 2405 5125 ter-

397 5126 501 5182 tatem
524 5137 618 5182 suam
640 5120 773 5185 exhibet
788 5124 844 5205 qui
866 5145 900 5190 se
923 5123 1072 5206 diligunt,
1097 5143 1134 5188 ac
1155 5121 1262 5206 legem
1281 5142 1375 5185 suam
1426 5123 1535 5186 minos
1556 5122 1727 5187 limitetur.
1770 5122 1829 5189 Sic
1848 5124 1952 5207 igitur
1974 5122 2199 5206 accipiendum
2220 5127 2285 5200 est,
2313 5113 2405 5201 quod

398 5203 596 5268 custodiunt.
658 5205 841 5272 Personam
877 5209 990 5274 mariti
1028 5228 1108 5292 erga
1145 5229 1206 5272 nos
1238 5205 1374 5272 induere
1426 5208 1516 5272 iusta
1536 5207 1675 5271 Domini
1693 5209 1879 5274 maledictio
1907 5230 1975 5273 non
2001 5208 2099 5273 modo
2121 5209 2159 5272 in
2176 5213 2276 5290 eaput
2296 5201 2402 5286 impii,

1426 5293 1484 5359 sed
1505 5295 1541 5358 in
1561 5300 1674 5358 totam‘
1693 5316 1820 5378 quoque
1845 5295 2005 5360 familiam
2030 5295 2210 5360 incumbat.
2254 5290 2321 5357 Ubi
2347 5287 2403 5354 in·

468 5375 497 5438 1)
516 5377 590 5456 Hac·
602 5391 689 5446 “⁸⁹⁰0
710 5380 961 5458 reamareiqator
985 5379 1195 5461 maliem
1225 5376 1292 5497 σας·
1311 5375 1373 5429 111·
1426 5378 1549 5459 cubuit,
1571 5380 1652 5463 quid
1673 5381 1856 5464 exspectari
1876 5387 1994 5465 potest,
2016 5381 2080 5445 nisi
2101 5385 2259 5462 ut-pater,
2281 5373 2403 5459 spiritu

400 5442 664 5579 {„2†,“ggg²“p,
713 5446 826 5582 Μ
834 5443 1281 5581 ffl‘mgfflwss-J,
1298 5461 1375 5580 §¹⁴15
1425 5465 1491 5530 nei
1510 5465 1694 5545 recatus,
1716 5466 1969 5550 flagitiosissime
1990 5465 2102 5533 vivata
2124 5463 2214 5532 mus
2234 5462 2276 5528 ob
2296 5461 2404 5546 paea

402 5553 545 5632 traaar'tbr.
588 5555 592 5563 ⁵
616 5580 646 5647 2)
662 5553 708 5634 rel
726 5582 832 5644 fortem,
850 5601 913 5636 nam
930 5555 982 5634 boe
991 5583 1041 5634 Dei
1064 5599 1163 5636 nomen
1181 5601 1197 5635 a
1214 5554 1373 5636 fertitudine
1425 5553 1606 5651 nequitiam
1638 5552 1788 5618 Simffiwl'
1818 5574 1839 5617 Β
1864 5553 2008 5618 ΒΟΠῙΪΠΟ
2041 5551 2229 5628 d⁰f⁰li⁰tu⁸r
2261 5545 2404 5614 mdem

404 5649 515 5701 ductum
532 5659 582 5702 esa
617 5650 696 5705 llaec
712 5653 769 5707 aa
784 5650 854 5705 1559
871 5654 902 5706 in
918 5652 1041 5720 macae
1059 5652 1193 5720 ιῳκηιατ.
1249 5683 1253 5689 -
1426 5640 1519 5704 exitii
1529 5646 1686 5723 sequatur
1701 5637 1812 5705 uam?
1843 5658 1946 5723 nepos
1961 5637 2095 5705 demum
2106 5645 2323 5722 etpronepoe,
2341 5631 2404 5699 ho-
