5600 6809
417 761 436 823 3
1069 754 1275 824 IOANNES
1299 753 1535 822 CALVINUS
1557 752 1770 822 LECTORI.
2411 764 2431 821 4

417 971 511 1014 mum
540 968 695 1032 quaerere
724 948 759 1010 in
787 946 962 1029 scriptura,
992 953 1025 1010 et
1056 966 1152 1028 quem
1179 945 1214 1008 in
1237 920 1370 1026 scopuui
1392 943 1550 1026 quidquid
1571 945 1606 1008 in
1629 965 1668 1008 ea
1689 943 1879 1009 continetur
1904 945 2026 1010 referre
2048 945 2171 1011 debeat.
2216 948 2344 1031 Itaque,
2369 949 2431 1014 hae

418 1061 524 1126 veluti
546 1066 649 1125 strata
673 1059 735 1136 via,
751 1058 790 1123 ‘si
806 1077 886 1140 quas
908 1056 1045 1140 posthac
1068 1057 1248 1138 scripturae
1269 1055 1496 1120 enarrationes
1517 1054 1657 1131 edidero,
1680 1055 1757 1137 quia
1778 1076 1846 1118 non
1867 1076 1998 1122 necesse
2020 1058 2144 1124 habebo
2167 1058 2207 1123 de
2228 1058 2433 1142 dogmatibus

423 1172 539 1256 longas
562 1171 798 1253 disputationes
820 1169 1010 1247 instituere,
1034 1177 1067 1233 et
1089 1170 1125 1232 in
1145 1167 1231 1232 locos
1253 1185 1442 1231 communes
1464 1168 1611 1250 evagari,
1635 1185 1690 1230 eas
1713 1166 1903 1249 compendio
1926 1189 2054 1251 semper
2075 1171 2263 1254 astringam.
2308 1172 2360 1235 Ea
2380 1191 2433 1234 ra-

422 1280 511 1347 tione
533 1303 655 1365 magna
676 1280 827 1345 molestia
844 1287 877 1345 et
896 1280 1026 1345 fastidio
1052 1280 1126 1361 pius
1148 1278 1248 1342 lector
1271 1276 1510 1343 sublevabitur:
1539 1277 1636 1342 modo
1657 1278 1841 1360 praesentis
1864 1281 1971 1362 operis
1993 1281 2185 1362 cognitione,
2208 1283 2301 1364 quasi
2322 1302 2433 1346 neces-

422 1394 509 1458 sario
531 1394 762 1471 instrumento,
784 1392 1010 1474 praemunitus
1034 1389 1174 1455 accedat.
1212 1386 1280 1453 Sed
1302 1388 1379 1469 quia
1401 1387 1500 1453 huius
1518 1388 1662 1454 instituti
1684 1389 1767 1453 ratio
1789 1390 1824 1452 in
1848 1397 1897 1454 tot
1918 1391 2001 1454 meis
2022 1394 2263 1457 commentariis
2284 1396 2377 1475 quasi
2397 1395 2433 1458 in

423 1505 564 1588 speculis
586 1504 673 1569 clare
697 1510 841 1585 apparet,
864 1525 900 1567 re
922 1505 994 1587 ipsa
1016 1502 1102 1566 malo
1127 1500 1291 1565 declarare
1314 1498 1411 1581 quale
1432 1500 1484 1577 sit,
1506 1520 1605 1582 quam
1624 1499 1734 1566 verbis
1756 1500 1953 1583 praedicare.
1988 1501 2072 1565 Vale
2095 1504 2197 1568 amice
2218 1504 2327 1582 lector,
2351 1512 2384 1568 et
2405 1505 2432 1569 si

423 1637 522 1698 quem
544 1638 585 1680 ex
607 1616 689 1679 meis
709 1612 875 1680 laboribus
897 1615 1043 1679 fructum
1062 1613 1212 1696 percipis,
1234 1631 1287 1673 me
1309 1610 1459 1691 precibus
1482 1613 1547 1676 tuis
1567 1610 1654 1694 apud
1672 1612 1782 1676 Deum
1802 1619 1930 1694 patrem
1948 1620 2098 1678 nostrum
2116 1613 2243 1680 adiuva
2277 1614 2433 1680 Genevae

424 1726 560 1792 Galend.
584 1728 726 1810 August.
752 1727 848 1790 Anno
870 1725 1036 1790 MDLIX.

1026 1929 1109 2012 Quos
1130 1930 1258 1992 animos
1276 1927 1381 2008 fuerat
1401 1928 1488 1991 tenui
1509 1947 1654 1992 eacucme
1676 1927 1783 2008 libello,

1019 2039 1172 2106 Disceodi
1193 2040 1296 2105 studio
1317 2058 1468 2122 magnum
1486 2038 1585 2119 fecere
1606 2038 1755 2103 colmam.

1255 2243 1424 2312 Augustinus
1441 2244 1566 2313 Epistola
1584 2240 1607 2295 7.

731 2341 789 2408 Ilgo
807 2357 840 2393 ex
859 2357 952 2393 eorum
970 2355 1082 2392 numero
1101 2355 1144 2391 me
1163 2354 1222 2391 esse
1239 2337 1370 2407 profiteor
1389 2338 1436 2405 qui
1454 2338 1575 2390 scribunt
1592 2336 1767 2405 proficiendo,
1786 2346 1815 2392 et
1833 2341 1974 2395 scribendo
1992 2342 2143 2410 proficiunt.
