5600 6809
433 784 497 847 899

1082 727 1349 839 uvsuirumo
1370 771 1476 837 uun.
1499 768 1679 835 ouamv.
1706 772 1797 833 1559.

2380 772 2450 834 900

523 971 551 1030 9.
596 966 819 1046 Posteaquam
845 983 925 1028 vero
948 963 1134 1045 excogitata
1160 962 1224 1025 fuit
1244 962 1328 1025 ratio
1350 983 1415 1043 qua
1466 965 1534 1024 tate
1562 965 1641 1022 sunt
1669 958 1771 1022 abusi.
1823 955 1914 1021 Olim
1941 958 2002 1040 pii,
2032 958 2060 1022 si
2094 958 2174 1040 quid
2202 960 2448 1025 controversiae

436 1052 579 1136 episcopi
608 1049 751 1128 titulum,
783 1049 949 1127 honorem,
978 1070 1055 1131 opes
1085 1048 1136 1113 sui
1153 1048 1300 1112 muneris
1322 1053 1415 1112 tene-
1465 1044 1634 1122 inciderat,
1655 1050 1694 1106 ut
1715 1042 1868 1127 litigandi
1889 1044 2115 1108 necessitatem
2143 1044 2334 1126 effugerent,
2357 1045 2449 1127 epis·

436 1143 513 1203 rent
542 1138 611 1202 sine
640 1157 738 1201 onere
765 1157 803 1200 ac
830 1134 1062 1200 sollicitudine:
1090 1155 1134 1198 ne
1162 1133 1259 1197 otiosi
1280 1154 1415 1215 prorsus

1467 1151 1546 1214 copo
1567 1129 1769 1195 mandabant
1790 1128 1962 1194 arbitrium
1968 1152 1976 1208 ;
1997 1129 2083 1211 quod
2105 1129 2145 1193 de
2163 1130 2233 1194 eius
2254 1132 2448 1214 integritate

349 1226 352 1232 ’
436 1223 711 1305 relinquerentur,
732 1223 784 1314 ins
805 1221 871 1284 illis
894 1220 994 1304 gladii
1014 1218 1127 1284 datum
1149 1226 1208 1297 cst,
1232 1219 1283 1283 vel
1305 1221 1415 1302 potius
1466 1239 1533 1281 non
1556 1216 1755 1281 dubitabant.
1797 1215 1931 1301 Talibus
1953 1215 2095 1280 arbitriis
2116 1236 2213 1298 saepe
2231 1215 2448 1300 implicaban-

438 1395 512 1460 dem
546 1400 720 1477 praetextu
754 1390 947 1456 defendent?
997 1393 1052 1455 An
1080 1391 1274 1460 iudiciorum
1303 1391 1415 1475 cogni·

437 1479 591 1558 tionibus,
619 1480 853 1560 civitatumque
882 1486 915 1541 et
942 1478 1184 1560 provinciarum
1206 1477 1415 1542 administra-

438 1567 583 1646 tionibus
611 1586 682 1629 sese
709 1564 890 1640 involvere,
922 1572 955 1627 et
982 1564 1209 1645 occupationes
1237 1583 1257 1626 a
1284 1585 1319 1628 se
1347 1572 1416 1627 tam

439 1651 564 1716 alienas
596 1651 753 1715 latissime
786 1649 957 1731 amplecti,
998 1649 1032 1713 id
1064 1649 1289 1731 episcoporum
1322 1648 1414 1714 erat‘l

327 1745 328 1748 ’
439 1737 558 1820 quibus
576 1743 709 1801 tantum
725 1736 761 1798 in
779 1756 837 1798 suo
858 1756 996 1799 munere
1018 1755 1135 1816 operae
1154 1754 1192 1798 ac
1209 1736 1333 1818 negotii
1356 1743 1414 1812 est,

441 1829 479 1887 ut
501 1823 528 1886 si
550 1821 616 1887 illio
634 1822 694 1884 toti
712 1820 897 1903 assiduique
919 1822 994 1899 sint,
1017 1842 1077 1885 nec
1096 1820 1172 1884 ullis
1194 1822 1416 1885 avocamentis

440 1907 677 1985 distrahantur,
699 1908 756 1972 vix
779 1913 889 1970 tamen
912 1907 1062 1972 sufficere
1084 1913 1214 1988 queant.
1259 1907 1307 1971 At
1328 1929 1415 1983 vero,

439 2012 504 2076 qua
531 1993 834 2075 suntpervicacia,
862 1994 982 2057 iactare
1004 2015 1070 2057 non
1094 1992 1260 2068 dubitant,
1289 1993 1336 2058 sic
1357 2015 1416 2075 pro

440 2077 599 2163 dignitate
627 2080 743 2143 florere
771 2078 909 2161 gloriam
936 2079 1030 2162 regni
1059 2077 1199 2154 Christi,
1229 2100 1288 2143 neo
1311 2101 1345 2143 so
1365 2081 1416 2143 in·

439 2166 537 2229 terim
565 2164 705 2228 nimium
727 2164 875 2229 abstrahi
903 2186 923 2229 a
950 2164 1131 2229 vocationis
1159 2186 1237 2229 suae
1258 2166 1415 2247 partibus.

439 2248 612 2330 Quantum
634 2250 675 2314 ad
697 2251 789 2332 prius
810 2249 893 2313 illud
913 2251 1039 2329 attinet,
1064 2251 1093 2314 si
1111 2250 1172 2315 hoo
1195 2249 1348 2315 decorum
1360 2259 1417 2315 est

438 2337 524 2401 sacri
545 2336 694 2400 muneris
716 2343 955 2414 ornamentum,
974 2356 1022 2399 ⁴eo
1049 2336 1172 2418 fastigii
1195 2345 1323 2401 evectos
1346 2358 1416 2401 esse

438 2430 477 2485 nt
503 2423 640 2486 summis
667 2421 849 2503 quibusque
877 2421 1063 2486 monarchis
1092 2421 1159 2486 sint
1184 2422 1415 2502 formidabiles,

438 2515 490 2572 est
512 2528 669 2572 curcum
691 2507 824 2571 Christo
847 2508 1062 2588 expostulent,
1086 2529 1106 2570 a
1128 2529 1190 2590 quo
1212 2509 1357 2591 graviter
1378 2530 1415 2573 eo

438 2592 536 2657 modo
564 2592 672 2656 laesus
700 2600 749 2656 est
778 2614 890 2657 eorum
918 2594 1031 2657 honor.
1076 2591 1165 2672 Quid
1193 2595 1281 2657 enim
1301 2602 1416 2658 eontu-

439 2678 615 2755 meliosius,
638 2697 752 2741 eorum
774 2677 904 2759 quidem
927 2679 1086 2762 opinione,
1110 2678 1172 2743 dici
1195 2687 1324 2760 poterat
1345 2682 1416 2745 istis

439 2763 561 2828 verbis:
586 2784 680 2846 reges
702 2764 852 2845 gentium
869 2772 903 2829 et
920 2765 1083 2847 principes
1106 2764 1317 2829 dominantur
1338 2766 1415 2845 illis,

439 2869 498 2913 vos
526 2858 634 2912 autem
662 2871 727 2913 non
761 2848 828 2912 sic?
875 2850 945 2915 Neo
973 2861 1085 2914 tamen
1114 2849 1280 2914 duriorem
1308 2852 1415 2935 legem

438 2935 543 2999 servis
565 2934 632 2997 suis
660 2935 798 3016 imponit
819 2956 919 3017 quam
947 2936 1016 3018 ipse
1043 2937 1170 3017 primus
1195 2938 1256 3001 sibi
1279 2939 1356 3001 tulit
1378 2960 1416 3003 ac

438 3020 569 3102 recepit.
622 3018 705 3099 Quis
732 3041 799 3099 me,
826 3022 934 3102 inquit
963 3022 1059 3107 (Luc.
1095 3027 1148 3100 12,
1175 3023 1243 3106 14),
1274 3023 1416 3089 iudicem

437 3106 608 3169 constituit
629 3112 687 3169 aut
709 3105 885 3170 divisorem
913 3107 1101 3172 intervos?
1147 3109 1307 3173 Videmus
1330 3109 1415 3174 iudi-

436 3190 533 3255 candi
555 3212 676 3255 munus
698 3191 889 3274 simpliciter
911 3214 930 3255 a
950 3215 985 3258 so
1006 3194 1149 3273 reiicere,
1173 3194 1258 3276 quod
1280 3216 1346 3260 non
1366 3197 1415 3260 fa·

436 3283 534 3354 oeret,
557 3277 585 3341 si
607 3297 661 3341 res
686 3285 771 3341 esset
792 3299 852 3342 suo
874 3280 1005 3343 muneri
1027 3293 1252 3344 consentanea.
1298 3281 1340 3345 Iu
1362 3303 1414 3346 or-

436 3361 547 3426 dinem
570 3363 622 3426 cui
645 3383 679 3427 se
701 3364 867 3428 Dominus
889 3364 1034 3443 subiecit,
1057 3388 1123 3429 non
1141 3367 1306 3447 patientur
1328 3369 1415 3434 servi

436 3469 471 3513 sc
493 3447 588 3531 cogi?
632 3448 786 3513 Alterum
814 3450 933 3514 vellem
960 3460 1029 3515 tam
1051 3452 1274 3533 experimento
1295 3454 1415 3535 proba

436 3540 512 3598 rent
534 3554 632 3615 quam
654 3533 803 3599 dictitare
825 3536 919 3601 facile
942 3543 1000 3602 est.
1038 3539 1140 3620 Atqui
1164 3559 1265 3619 quum
1287 3546 1415 3620 aposto-

434 3619 477 3684 lis
498 3620 608 3684 visum
629 3642 696 3701 non
723 3622 823 3685 fuerit
850 3623 937 3708 (Aet.
963 3629 991 3702 6,
1016 3623 1061 3707 2),
1084 3623 1237 3688 derelicto
1258 3623 1323 3688 Dei
1346 3647 1415 3689 ser-

435 3726 541 3782 mone,
564 3706 752 3770 ministrare
774 3709 906 3785 mensis,
929 3730 971 3772 ex
993 3730 1040 3788 eo,
1064 3710 1140 3792 quia
1163 3709 1270 3775 doceri
1288 3711 1413 3789 uolunt,

437 3791 686 3871 convincuntur,
705 3813 772 3857 non
784 3793 931 3858 eiusdem
944 3816 1023 3873 csse,
1043 3804 1076 3860 et
1092 3794 1214 3859 bonum
1226 3797 1415 3880 episcopum

437 3882 604 3959 praestare
636 3884 669 3941 et
700 3879 823 3942 bonum
856 3880 1047 3963 principem.
1097 3881 1183 3945 Nam
1217 3882 1245 3945 si
1271 3883 1321 3946 illi
1348 3884 1413 3965 qui,

437 3981 496 4043 pro
515 3959 675 4025 donorum
693 3965 809 4046 quibus
826 3966 968 4048 praediti
986 3974 1079 4031 erant
1098 3966 1320 4050 amplitudine,
1338 3970 1414 4055 plu-

437 4046 528 4112 ribus
555 4046 652 4130 longe
679 4057 712 4112 et
739 4051 943 4132 gravioribus
972 4055 1058 4117 curis
1081 4055 1230 4118 sufficere
1251 4062 1413 4137 poterant,

436 4152 537 4216 quam
564 4133 624 4197 ulli
650 4143 724 4216 post
751 4157 805 4200 eos
832 4139 902 4201 nati
922 4139 1080 4217 homines,
1102 4140 1241 4204 confessi
1263 4150 1341 4206 sunt
1363 4149 1413 4206 ta-

435 4240 512 4284 men
548 4239 583 4284 se
612 4221 703 4285 verbi
732 4229 767 4284 et
794 4243 982 4288 mensarum
1009 4225 1191 4290 ministerio
1224 4227 1413 4293 incumbere

434 4306 535 4370 simul
552 4325 620 4369 non
637 4328 731 4387 posse
752 4308 829 4390 quin
854 4310 946 4374 oneri
967 4310 1230 4376 succumberent:
1253 4313 1413 4394 quomodo

433 4389 490 4456 isti
507 4412 586 4474 prae
605 4393 759 4474 apostolis
777 4395 874 4458 nihili
892 4395 1128 4462 homunciones
1147 4406 1282 4480 possent
1300 4421 1414 4464 eorum

433 4476 629 4541 industriam
659 4480 811 4562 centuplo
838 4482 1015 4563 superare?
1060 4482 1101 4546 Id
1129 4483 1259 4566 quidem
1285 4492 1413 4551 tentare

433 4563 738 4646 impudentissimae
783 4567 985 4650 nimiumque
1024 4568 1158 4634 audacis
1198 4570 1413 4636 confidentiae

433 4648 503 4713 fuit.
555 4648 622 4714 Sed
654 4658 766 4715 tamen
798 4652 922 4716 factum
954 4653 1119 4720 videmus:
1155 4677 1218 4737 quo
1250 4678 1411 4737 successu,

432 4734 544 4817 palam
564 4746 621 4800 est.
658 4737 772 4819 Neque
790 4739 878 4801 enim
896 4739 991 4804 aliter
1010 4742 1141 4806 evenire
1164 4749 1292 4823 poterat
1313 4765 1411 4826 quam

432 4826 471 4883 ut
503 4820 633 4885 deserta
660 4843 721 4886 sua
748 4824 914 4890 functione
941 4826 977 4889 in
1006 4826 1113 4891 aliena
1141 4835 1248 4893 castra
1277 4830 1412 4893 commi-

432 4913 575 4987 grarent.
844 4944 847 4953 ,

483 5074 489 5086 Ι
523 4994 570 5054 10.
615 4991 684 5057 Neo
706 4991 843 5059 dubium
864 4998 943 5078 quin
966 5019 1007 5062 ex
1030 4998 1184 5063 tenuibus
1206 4999 1309 5065 initiis
1331 5021 1412 5083 pau·

430 5074 526 5139 lat1m
544 5082 652 5141 tantos
670 5099 861 5161 progressus
882 5084 1025 5149 fecerint.
1061 5086 1177 5167 Neque
1195 5085 1284 5148 enim
1305 5087 1411 5167 primo

430 5182 531 5245 passu
553 5161 722 5246 hucusque
740 5174 892 5248 poterant
909 5171 1142 5248 conscendere3
1165 5169 1224 5236 sed
1245 5193 1333 5236 nunc
1351 5193 1411 5236 va-

430 5248 518 5347 fritie
541 5255 574 5311 et
596 5248 733 5332 obliquis
756 5254 882 5319 artibus
904 5275 974 5320 sese
997 5256 1185 5322 clanculum
1207 5257 1408 5336 extulerunt,

378 5355 380 5358 ’
430 5340 478 5400 ita
499 5340 537 5399 ιιι
558 5356 654 5400 nemo
676 5338 824 5402 futurum
845 5341 1053 5422 prospiceret,
1082 5342 1185 5408 donec
1213 5344 1335 5408 factum
1358 5365 1409 5409 es·

431 5428 494 5498 set;
522 5443 613 5488 nunc
639 5444 698 5505 per
724 5425 940 5503 occasionem,
969 5434 1095 5493 terrore
1124 5435 1157 5493 et
1176 5429 1276 5495 minis
1298 5436 1409 5494 extor-

430 5514 545 5570 serunt
574 5529 594 5572 a
621 5509 822 5590 principibus
850 5510 981 5593 aliquod
1009 5515 1174 5596 potentiae
1196 5536 1274 5581 suae
1296 5522 1408 5582 aucta»

430 5590 533 5671 rium,
554 5614 643 5657 nuno
663 5614 765 5675 quum
787 5595 938 5660 viderent
953 5600 1117 5682 principes
1140 5599 1182 5664 ad
1199 5601 1408 5686 largiendum

429 5696 496 5740 non
524 5677 686 5758 difficiles,
716 5678 817 5745 stulta
844 5687 878 5746 et
905 5683 1146 5751 inconsiderata
1168 5705 1281 5752 eorum
1302 5688 1408 5754 facili·

313 1339 316 1349 =
435 1309 500 1392 ipsi
522 1308 585 1374 sibi
613 1313 823 1390 usurparunt.
868 1306 965 1371 Hanc
992 1304 1230 1389 impudentiam
1256 1327 1319 1387 quo
1342 1313 1414 1370 tan-
1466 1310 1522 1366 tur
1543 1311 1670 1367 veteres
1691 1301 1842 1385 episcopi,
1871 1299 1956 1382 quod
1983 1301 2062 1383 ipsis
2084 1301 2215 1383 quidem
2237 1323 2449 1385 summopere

1467 1388 1660 1471 displicebat
1677 1385 1965 1473 (quemadmodum
1983 1386 2099 1451 alicubi
2121 1395 2263 1452 testatur
2283 1391 2448 1472 Augusti-

1468 1475 1555 1553 nus),
1579 1473 1636 1539 sed
1658 1493 1700 1537 ne
1726 1479 1836 1556 partes
1864 1471 1906 1536 ad
1934 1475 2169 1537 contentiosum
2190 1474 2346 1539 iudicium
2367 1498 2448 1559 pro·

1468 1561 1605 1637 silirent
1628 1560 1713 1624 hano
1734 1559 1918 1625 molestiam
1941 1558 2038 1622 inviti
2059 1557 2198 1624 obibant.
2239 1561 2299 1625 Isti
2322 1583 2365 1625 er
2386 1585 2448 1627 vo-

1469 1647 1620 1712 luntariis
1645 1645 1804 1725 arbitriis,
1838 1666 1920 1728 quae
1950 1665 2084 1727 prorsus
2109 1667 2133 1734 a
2154 1647 2275 1711 forensi
2304 1649 2448 1730 strepitu

1469 1732 1703 1810 abhorrebant,
1744 1733 1891 1797 fecerunt
1934 1729 2134 1802 ordinariam
2175 1732 2446 1799 iurisdictionem.

1469 1818 1582 1899 Quum
1613 1817 1711 1882 urbes
1743 1839 1781 1882 ao
1814 1819 1964 1900 regiones
1997 1816 2162 1898 aliquanto
2193 1828 2268 1900 post
2296 1827 2448 1902 tempore

1468 1905 1569 1971 variis
1602 1904 1846 1969 difficultatibus
1873 1911 2115 1984 premerentur,
2150 1903 2191 1969 ad
2219 1906 2448 1987 episcoporum

1468 1992 1685 2072 patrocinium
1712 2011 1747 2054 se
1774 1988 1996 2065 contulerunt,
2023 1998 2061 2052 ut
2083 1990 2228 2072 ipsorum
2249 1990 2313 2055 fide
2334 2000 2447 2075 prote-

1469 2086 1638 2159 gerentur:
1660 2077 1716 2141 isti
1738 2076 1820 2139 miro
1843 2075 1980 2139 artificio
2004 2095 2046 2139 ex
2067 2077 2213 2156 patronis
2238 2075 2386 2143 dominos
2411 2102 2447 2144 se

1468 2164 1623 2228 fecerunt.
1662 2160 1758 2242 Quin
1780 2162 1932 2226 violentis
1953 2161 2147 2225 factionibus
2176 2162 2294 2226 bonam
2316 2173 2447 2245 partem

1470 2250 1667 2331 occuparint,
1691 2249 1806 2330 negari
1827 2269 1894 2311 non
1922 2256 2037 2329 potest.
2083 2245 2150 2326 Qui
2177 2269 2255 2312 vero
2284 2249 2446 2333 episcopis

1468 2334 1724 2399 iurisdictionem
1755 2341 1869 2416 sponte
1902 2332 2109 2397 contulerimt
2132 2334 2313 2417 principes,
2343 2338 2447 2402 variis

1468 2420 1509 2484 ad
1531 2420 1565 2484 id
1588 2420 1703 2485 studiis
1725 2419 1858 2500 impulsi
1879 2426 1964 2482 sunt
2006 2419 2132 2482 Verum
2154 2426 2191 2483 ut
2212 2420 2355 2502 aliquam
2377 2424 2447 2504 pie-

1468 2509 1546 2571 tatis
1568 2507 1708 2588 speciem
1730 2504 1882 2569 habuerit
1899 2506 2045 2587 ipsorum
2065 2505 2280 2588 indulgentia,
2304 2529 2370 2571 non
2388 2529 2447 2590 op-

1468 2595 1547 2657 time
1581 2601 1691 2655 tamen
1720 2592 1782 2656 hac
1809 2598 2019 2673 praepostera
2046 2611 2105 2654 sua
2139 2590 2293 2675 largitate
2328 2615 2447 2658 consu-

1468 2679 1601 2743 luerunt
1623 2677 1778 2742 ecclesiae
1801 2676 1986 2753 commodis,
2010 2677 2102 2740 cuius
2124 2678 2293 2760 antiquam
2315 2701 2446 2744 veram-

1468 2786 1532 2846 que
1551 2764 1756 2845 disciplinam
1776 2764 1822 2828 sic
1840 2772 2065 2844 corruperunt,
2084 2763 2161 2839 imo,
2179 2772 2219 2826 ut
2236 2785 2313 2828 vere
2325 2764 2444 2844 dicam,

1469 2851 1599 2932 penitus
1622 2850 1844 2915 aboleverunt.
1882 2847 1948 2928 Qui
1970 2869 2048 2912 vero
2065 2848 2126 2912 tali
2143 2844 2327 2931 principum
2350 2851 2447 2916 boni-

1468 2944 1537 3000 tate
1564 2937 1659 3000 abusi
1686 2937 1821 2999 suntin
1847 2955 1944 3000 suum
1970 2934 2178 2999 commodum
2207 2935 2356 3018 episcopi,
2381 2937 2447 3001 hoc

1468 3044 1534 3086 uno
1556 3023 1740 3103 specimine·
1757 3022 1843 3085 edito
1872 3022 1952 3084 satis
1974 3041 2136 3103 superque
2166 3021 2273 3085 testati
2295 3029 2381 3097 sunt,
2407 3044 2446 3086 se

1468 3109 1603 3171 minime
1637 3129 1708 3172 esse
1737 3109 1911 3190 episcopos.
1961 3106 2048 3170 Nam
2077 3107 2105 3170 si
2135 3128 2234 3188 quam
2265 3108 2447 3173 scintillam

1468 3194 1661 3258 habuissent
1688 3193 1858 3277 apostolici
1886 3193 2030 3274 spiritus,
2058 3193 2302 3273 respondissent
2328 3195 2446 3277 procul

1468 3279 1568 3345 dubio
1596 3302 1637 3344 ex
1665 3301 1721 3344 ore
1752 3280 1849 3344 Pauli
1871 3279 1905 3364 (2
1929 3277 2005 3343 Cor.
2033 3282 2086 3356 10,
2110 3280 2160 3360 4),
2193 3300 2285 3343 arma
2306 3280 2446 3346 militiae

1468 3375 1598 3431 nostrae
1626 3388 1692 3430 non
1720 3365 1874 3444 carnalia,
1903 3362 1961 3429 sed
1982 3362 2166 3448 spiritualia
2187 3372 2273 3429 sunt.
2317 3366 2447 3430 Verum

1467 3472 1563 3517 caeca
1581 3452 1759 3535 eupiditate
1777 3453 1864 3534 rapti
1882 3458 1915 3515 et
1938 3473 1972 3515 se
1997 3458 2031 3515 et
2054 3459 2201 3533 posteros
2218 3460 2252 3516 ct
2273 3451 2446 3518 ecclesiam

1466 3537 1688 3619 perdiderunt.
2342 3541 2349 3562 '

1557 3629 1604 3689 ll.
1649 3623 1797 3689 Tandem
1831 3643 1988 3687 romanus
2020 3621 2185 3705 pontifex,
2224 3623 2444 3689 mediocribus

1468 3712 1620 3793 satrapiis
1641 3732 1708 3775 non
1731 3716 1915 3786 contentus,
1938 3709 2048 3791 regnis
2066 3708 2217 3789 primum,
2242 3709 2360 3774 deinde
2381 3710 2443 3773 im-

1466 3797 1556 3878 perio
1573 3816 1701 3879 quoque
1718 3817 1854 3860 manum
1870 3796 1988 3859 iniecit.
2024 3795 2134 3875 Atque
2150 3803 2188 3857 ut
2204 3797 2443 3877 possessionem

1466 3901 1556 3946 mero
1590 3883 1759 3948 latrocinio
1787 3888 1979 3965 occupatam
2012 3880 2227 3962 qualicunque
2254 3882 2362 3946 colore
2391 3903 2443 3945 re-

1467 3968 1580 4047 tineat,
1610 3991 1699 4033 nunc
1725 3970 1797 4033 iure
1828 3967 1938 4033 divino
1961 3988 1996 4030 se
2018 3967 2138 4032 habere
2161 3967 2330 4050 gloriatur,
2353 3990 2444 4035 nunc

1467 4052 1677 4119 Constantini
1699 4055 1924 4131 donationem,
1952 4075 2042 4117 nunc
2069 4052 2169 4116 alium
2191 4054 2325 4116 titulum
2348 4075 2444 4136 proe-

1466 4140 1580 4204 tendit.
1625 4141 1776 4206 Primum
1805 4162 1881 4204 eum
1909 4139 2080 4204 Bernardo
2092 4139 2116 4221 ¹)
2146 4140 2340 4222 respondeo:
2373 4149 2443 4205 esto

1466 4233 1504 4289 ut
1535 4227 1601 4300 alia
1631 4248 1823 4309 quacunque
1851 4226 1977 4290 ratione
2006 4226 2068 4289 hoc
2092 4225 2152 4290 sibi
2180 4226 2345 4302 vendicet,
2376 4248 2445 4290 non

1465 4319 1577 4378 tamen
1595 4314 1770 4396 apostolico
1793 4315 1877 4390 iure;
1901 4334 2007 4394 neque
2029 4311 2116 4375 enim
2135 4312 2256 4375 Petrus
2273 4311 2358 4393 quod
2375 4334 2445 4376 non

1465 4397 1582 4463 habuit
1600 4398 1677 4464 dare
1694 4400 1814 4482 potuit:
1835 4398 1892 4464 sed
1911 4398 2001 4462 dedit
2022 4396 2261 4462 suecessoribus
2279 4395 2365 4479 quod
2382 4397 2445 4461 ha-

1465 4483 1571 4562 bebat,
1595 4485 1849 4551 sollicitudinem
1872 4484 2096 4561 ecclesiarum;
2125 4504 2227 4564 quum
2256 4505 2333 4548 vero
2357 4483 2446 4548 dieat

1465 4571 1630 4637 Dominus
1658 4593 1695 4637 ac
1725 4573 1893 4655 magister,
1916 4592 1951 4634 se
1973 4589 2040 4632 non·
2062 4589 2132 4632 esse
2154 4570 2370 4632 constitutum
2392 4570 2445 4632 in-
2484 4614 2489 4640 ,

1465 4663 1516 4721 ter
1544 4658 1624 4723 duos
1651 4658 1800 4734 iudicem,
1824 4679 1889 4721 non
1912 4656 2008 4720 debet
2030 4674 2124 4718 servo
2148 4672 2185 4715 ac
2208 4653 2369 4737 discipulo
2392 4658 2444 4718 in-

1465 4741 1601 4827 dignum
1623 4744 1743 4820 videri,
1772 4744 1798 4808 si
1822 4764 1889 4806 non
1911 4740 2032 4806 iudicet
2053 4739 2233 4803 universos.
2279 4742 2445 4823 Loquitur

1465 4838 1574 4893 autem
1608 4830 1802 4894 Bernardus
1837 4826 1876 4891 de
1913 4825 2040 4890 iudiciis
2073 4824 2237 4905 civilibus;
2271 4827 2443 4910 subiungit

1465 4916 1566 4979 enim:
1588 4905 1679 4998 ‘ergo
1711 4916 1747 4978 in
1779 4912 1987 4989 criminibus,
2024 4932 2091 4974 non
2113 4911 2147 4974 in
2168 4912 2440 4993 possessionibus,

1462 5008 1607 5082 potestas
1633 5007 1757 5080 vestra;
1787 4999 1941 5082 quoniam
1968 5003 2101 5080 propter
2129 4997 2195 5077 illa,
2218 5020 2284 5062 non
2305 5006 2441 5081 propter

1464 5086 1524 5150 has
1549 5087 1718 5169 accepistis
1740 5087 1849 5158 claves
1870 5084 1964 5168 regni
1986 5083 2168 5163 coelorum;
2194 5105 2356 5166 quaenam
2378 5084 2440 5148 tibi

1462 5171 1592 5236 videtur
1612 5174 1717 5237 maior
1739 5173 1890 5257 dignitas,
1912 5170 2100 5236 dimittendi
2117 5177 2256 5252 peccata,
2280 5192 2323 5234 an
2343 5190 2438 5253 prae-

1462 5257 1516 5323 dia
1533 5257 1721 5324 dividendi?
1741 5259 1833 5324 nulla
1850 5258 2048 5342 comparatio
2054 5281 2062 5336 ;
2081 5256 2296 5321 habenthaeo
2307 5257 2439 5320 infirma

1461 5352 1496 5408 et
1522 5351 1654 5410 terrena
1681 5345 1807 5412 iudices
1835 5366 1925 5423 suos,
1953 5364 2050 5492 reges
2077 5347 2110 5406 et
2128 5342 2293 5425 principes
2313 5350 2434 5407 terrae:

1461 5431 1538 5513 quid
1565 5433 1649 5498 fines
1676 5431 1801 5510 alienos
1829 5429 1984 5498 invaditis
2034 5434 2094 5494 eto.
2139 5429 2238 5492 Item:
2267 5430 2374 5494 factus
2401 5449 2438 5492 es

1529 5705 1558 5774 1)
1575 5707 1649 5759 Libr.
1668 5704 1701 5757 de
1719 5705 1850 5757 consider.
1868 5703 1894 5757 2.
