5600 6809
397 809 479 872 1103
1037 796 1304 899 msul'fflu'lo
1324 801 1430 868 RDL.
1454 798 1636 868 omer.
1664 805 1755 866 1559,
2322 805 2407 867 1104

394 993 536 1061 diciariis
564 993 678 1076 poenis
705 991 897 1071 coercenda,
927 992 985 1057 scd
1012 991 1055 1057 ad
1084 992 1223 1056 ditiones
1245 1010 1372 1074 quoque
1516 995 1563 1054 13.
1608 989 1707 1055 Libet
1726 989 1815 1054 istud
1837 1009 1964 1072 quoque
1985 996 2149 1073 postremo
2172 989 2321 1069 adiicere,
2346 992 2407 1055 tri·

393 1079 470 1145 fidei
497 1099 576 1144 suae
604 1079 795 1144 commissas
816 1078 902 1143 bello
925 1077 1161 1155 defendendas,
1190 1077 1218 1141 si
1240 1075 1371 1160 quando
1425 1075 1504 1141 buta
1526 1084 1559 1141 et
1580 1075 1754 1158 vectigalia
1781 1075 1944 1159 legitimos
1966 1096 2037 1141 1111
2061 1076 2247 1159 principum
2269 1075 2405 1156 reditus,

393 1163 556 1230 hostiliter
584 1165 796 1247 impetantur.
851 1165 898 1228 Et
930 1163 1088 1229 eiusmodi
1120 1162 1207 1229 bella
1238 1162 1372 1245 spiritus
1425 1183 1506 1244 quos
1527 1162 1569 1226 ad
1592 1160 1784 1228 sustinenda
1804 1159 1935 1242 quidem
1956 1162 2164 1243 potissimum
2181 1161 2312 1245 publica
2329 1183 2406 1227 mu·

393 1257 528 1316 sanctus
552 1249 666 1315 multis
696 1250 879 1333 scripturae
907 1249 1104 1315 testimoniis
1131 1248 1279 1331 legitima
1301 1269 1373 1313 esse
1425 1248 1515 1312 neris
1543 1249 1595 1313 sui
1616 1267 1717 1312 onera
1737 1248 1921 1324 conferant,
1944 1247 2062 1329 quibus
2083 1255 2194 1313 tamen
2216 1249 2267 1312 111
2287 1248 2406 1312 simili-

393 1335 544 1402 doclarat
1425 1340 1476 1397 ter
1501 1334 1628 1417 possint
1656 1332 1700 1398 ad
1725 1331 1931 1414 splendorem
1961 1354 2061 1397 suum
2083 1332 2313 1411 domesticum,
2346 1334 2406 1417 qui

482 1425 530 1485 12.
575 1421 672 1501 Quod
689 1421 719 1486 si
735 1420 817 1484 mihi
836 1421 995 1498 obiicitur,
1017 1420 1054 1484 in
1070 1440 1155 1484 novo
1175 1424 1371 1483 testamento
1425 1439 1500 1483 oum
1528 1420 1672 1503 imperii,
1700 1417 1787 1501 quod
1810 1424 1944 1502 gerunt,
1973 1417 2132 1501 dignitate
2165 1418 2405 1501 quodammodo

393 1507 522 1573 nullum
539 1517 669 1573 exstare
687 1506 741 1572 vel
765 1506 988 1570 testimonium
1008 1505 1062 1570 vel
1080 1503 1269 1587 exemplum
1286 1502 1372 1586 quod
1424 1505 1617 1571 coniunctus
1645 1513 1702 1569 est
1749 1501 1901 1583 Qualiter
1921 1503 2101 1582 Davidem,
2130 1505 2326 1584 Ezechiam,
2349 1506 2404 1570 Ic-

394 1593 509 1658 dooeat
535 1592 659 1658 bellum
691 1613 762 1656 rem
794 1611 866 1656 esse
897 1591 1023 1657 licitam
1051 1589 1266 1656 Christianis:
1303 1591 1371 1673 pri·
1424 1591 1516 1667 siam,
1539 1591 1705 1673 Iosophat,
1729 1589 1874 1672 aliosque
1891 1598 2022 1660 sanctos
2039 1610 2144 1673 reges,
2163 1591 2285 1674 Ioseph
2302 1593 2405 1657 etiam

392 1700 487 1744 mum
508 1677 705 1761 respondeo,
728 1677 887 1741 rationem
910 1676 1045 1760 gerendi
1068 1675 1162 1754 belli,
1184 1696 1269 1758 quae
1291 1676 1371 1740 olim
1424 1683 1457 1740 e't
1478 1675 1666 1754 Danielem,
1690 1674 1857 1753 videmus,
1880 1696 1939 1757 pro
1960 1695 2118 1758 personae
2140 1698 2240 1759 quam
2261 1678 2404 1742 sustine-

394 1765 472 1842 fuit,
502 1764 598 1829 hodie
625 1784 753 1847 quoque
781 1783 989 1845 permanere,
1022 1783 1129 1844 neque
1158 1783 1229 1827 esse
1251 1783 1292 1827 ex
1313 1761 1370 1827 ad-
1423 1761 1504 1826 bant
1536 1761 1647 1841 modo,
1680 1762 1841 1827 inoffensa
1878 1763 2015 1843 pietate,
2055 1762 2156 1827 fuisse
2187 1784 2229 1826 ex
2270 1763 2402 1846 publico

393 1870 488 1916 verso
510 1870 643 1915 oausam
664 1869 749 1932 quae
775 1849 989 1931 magistratus
1016 1869 1036 1912 a
1062 1867 1197 1913 suorum
1224 1846 1370 1912 subdito-
1424 1855 1646 1930 sumptuosos,
1677 1853 1710 1911 et
1736 1847 1975 1930 amplissimum
1996 1848 2068 1930 agri
2096 1849 2240 1929 spatium
2267 1848 2404 1933 regibus

393 1956 468 2001 rum
490 1933 679 2000 defensione
702 1940 820 1999 arceat
865 1933 1007 2011 Deinde,
1030 1954 1097 1998 non
1119 1955 1189 1998 esse
1211 1953 1371 2016 quaeren·
1424 1931 2295 2018 111111111111131111111111111111111111(4121).
2325 1934 2401 2014 Ubi,
2435 1962 2445 1985 ,

394 2020 470 2086 dam
492 2021 529 2085 in
551 2020 737 2102 apostolicis
758 2019 863 2084 literis
885 2040 1075 2102 expressam
1097 2020 1238 2084 istarum
1259 2040 1371 2084 rerum
1423 2019 1554 2084 tametsi
1575 2017 1702 2084 Ohristi
1728 2018 1895 2100 spirituale
1923 2017 2070 2102 depingit
2095 2039 2251 2102 regnum,
2279 2041 2298 2084 a
2319 2019 2401 2104 legi·

394 2107 648 2184 enarrationem,
672 2104 729 2170 ubi
750 2126 816 2170 non
837 2105 987 2188 politiam
1007 2107 1165 2181 formare,
1196 2104 1254 2169 sed
1275 2105 1370 2188 spiri-
1422 2105 1505 2168 timo
1534 2114 1646 2169 tamen
1685 2104 1857 2169 hominum
1893 2125 1995 2186 regno
2033 2104 2199 2182 simulacri
2232 2106 2402 2189 exemplar

392 2192 482 2257 tuale
515 2190 641 2257 Christi
678 2212 820 2276 regnum
857 2191 1030 2256 instituere
1067 2190 1272 2274 propositum
1310 2200 1368 2256 est
1422 2189 1515 2273 petit.
1561 2189 1617 2256 Sic
1645 2191 1785 2272 quiden,
1814 2198 1851 2254 ut
1872 2189 2018 2255 vicissim
2045 2190 2258 2255 meminerint
2277 2192 2403 2275 princi·

392 2279 565 2344 Postremo
587 2277 654 2342 illic
676 2297 804 2359 quoque
826 2275 930 2341 obiter
951 2275 1098 2354 indicari,
1122 2275 1294 2342 Christum
1312 2297 1370 2342 suo
1422 2296 1480 2357 pes
1508 2276 1584 2358 ipsi,
1614 2278 1709 2342 fiscos
1737 2297 1813 2341 suos
1839 2295 1908 2340 non
1935 2284 2005 2353 tam
2031 2276 2179 2359 privatas
2207 2297 2278 2342 esse
2307 2299 2401 2343 arcas

393 2363 538 2430 adventu
558 2362 645 2427 nihil
666 2363 729 2427 hac
750 2362 786 2425 in
812 2368 905 2445 parte
927 2376 1080 2427 mutasse.
1124 2362 1211 2426 Nam
1233 2362 1262 2427 si
1282 2362 1370 2428 chri-
1421 2382 1521 2443 quam
1542 2363 1643 2427 totius
1671 2361 1783 2445 populi
1804 2361 1931 2426 aeraria
1958 2360 2020 2444 (sic
2042 2361 2131 2433 enim
2152 2362 2279 2427 Paulus
2299 2371 2401 2428 testa·

393 2450 501 2515 stiana
533 2447 719 2531 disciplina,
764 2453 805 2511 ut
835 2448 1016 2531 Augustini
1031 2448 1056 2531 ¹)
1096 2447 1205 2513 verbis
1243 2448 1368 2531 loquar,
1422 2454 1478 2512 tur
1506 2447 1601 2512 Rom.
1630 2450 1678 2524 13,
1704 2447 1754 2528 6),
1798 2468 1881 2530 quae
1916 2444 2089 2530 prodigere
2123 2456 2181 2511 aut
2219 2439 2402 2531 dila‘pidare

393 2536 503 2600 omnia
530 2532 616 2599 bella
637 2531 826 2612 damnaret,
853 2533 916 2599 hoc
946 2534 1055 2617 potius
1082 2533 1242 2599 militibus
1264 2535 1370 2599 consi-
1422 2532 1495 2598 sine
1534 2533 1707 2598 manifesta
1743 2533 1865 2597 iniuria
1898 2554 1966 2597 non
2006 2533 2141 2615 possint.
2193 2533 2259 2598 Vel
2290 2535 2402 2618 potius

392 2621 476 2685 lium
502 2619 617 2685 salutis
645 2616 834 2702 petentibus
864 2617 1042 2697 diceretur,
1071 2626 1111 2684 ut
1139 2641 1231 2684 arma
1252 2617 1370 2685 abiicc-
1422 2619 1531 2701 ipsum
1557 2639 1662 2702 paene
1683 2638 1754 2684 esse
1781 2618 1893 2701 populi
1921 2619 2130 2701 sanguinem,
2162 2619 2214 2684 cui
2236 2640 2303 2684 non
2324 2641 2401 2703 par·

393 2713 469 2770 rent
489 2725 589 2787 seque
609 2705 729 2769 militia
750 2706 881 2789 penitus
903 2704 1130 2772 subducerent
1165 2704 1302 2771 Dictum
1320 2712 1371 2772 est
1422 2727 1497 2770 cere
1519 2704 1694 2770 durissima
1715 2704 1758 2769 sit
1788 2704 2030 2782 inhumanitas3
2063 2725 2140 2769 suas
2162 2712 2274 2769 autem
2295 2705 2401 2772 indic·

393 2797 505 2856 autem
525 2789 585 2855 eis:
615 2791 781 2855 neminem
803 2792 1046 2869 concusseritis,
1069 2792 1193 2856 nemini
1213 2791 1370 2856 iniuriam
1422 2790 1527 2856 tiones
1548 2797 1582 2854 11
1603 2790 1782 2855 oblationes
1804 2789 1932 2873 aliaque
1954 2788 2156 2854 tributorum
2178 2810 2309 2874 genera,
2333 2812 2399 2857 non

393 2876 550 2953 111111111,
577 2875 719 2941 sufficiat
745 2876 839 2942 vobis
868 2877 1069 2960 stipendium
1097 2883 1245 2943 vestrum
1272 2876 1369 2963 (Luc.
1422 2877 1487 2941 nisi
1518 2875 1667 2959 publicae
1705 2877 1909 2941 necessitatis
1947 2875 2093 2941 subsidia
2112 2896 2197 2941 esse
2235 2884 2395 2959 reputent,

395 2959 510 3045 3,14).
562 2959 693 3042 Quibus
720 2963 893 3046 proprium
919 2961 1119 3046 stipendium
1141 2962 1291 3028 sufficere
1313 2963 1370 3029 do·
1422 2961 1541 3045 quibus
1568 2962 1724 3026 miseram
1751 2961 1880 3045 plebem
1909 2960 2030 3044 absque
2060 2983 2160 3026 causa
2185 2962 2242 3026 fati
2341 2969 2396 3046 ty-

393 3048 471 3113 bere
492 3047 673 3130 praecepit,
695 3047 838 3113 militare
859 3048 974 3130 utique
995 3069 1061 3113 non
1082 3048 1258 3131 prohibuit.
1302 3050 1370 3114 Ve·
1422 3048 1561 3112 rannica
1586 3048 1630 3113 sit
1656 3048 1827 3130 rapacitas.
1871 3047 1964 3112 Haec
1991 3047 2196 3131 principibus
2222 2983 2397 3130 uilfrido·

393 3154 470 3198 rum
497 3133 751 3216 magistratuum
780 3134 928 3198 omniurn
955 3134 1054 3199 fuerit
1081 3155 1287 3218 summopere
1315 3135 1371 3200 hie
1422 3134 1547 3199 sionem
1569 3140 1602 3198 et
1630 3133 1797 3198 luxuriam
1819 3141 2011 3215 sumptuum
2030 3153 2098 3197 non
2125 3134 2250 3199 faciunt
2270 3134 2398 3198 animos

393 3240 524 3296 cavere,
557 3238 601 3282 ne
630 3216 863 3301 cupiditatibus
895 3220 963 3285 suis
995 3219 1048 3282 vel
1081 3220 1252 3285 tantillum
1278 3219 1370 3286 obse·
1423 3218 1475 3305 (ut
1506 3225 1595 3285 certe
1623 3220 1729 3284 facem
1755 3217 1881 3282 'eorum
1918 3216 2167 3303 cupiditatibus,
2207 3218 2281 3303 plus
2311 3220 2399 3285 iusto

392 3311 555 3388 quantur;
577 3304 659 3387 quin
678 3305 793 3387 magis,
817 3305 888 3369 sive
910 3304 1113 3387 expetendae
1135 3314 1214 3370 sunt
1234 3327 1368 3390 poenae,
1423 3312 1540 3388 sponte
1561 3305 1715 3384 accensis,
1736 3304 1896 3370 subiicere
1918 3324 2001 3386 opus
2021 3325 2088 3369 non
2110 3304 2193 3390 est),
2217 3304 2275 3370 sed
2295 3325 2400 3388 quum

392 3411 460 3455 non
492 3390 662 3473 praecipiti
696 3389 868 3455 iracundia
899 3392 1063 3469 ferantur,
1098 3412 1165 3456 non
1197 3393 1370 3475 rapiantur
1422 3390 1601 3474 plurimum
1618 3390 1747 3467 referat,
1769 3391 1856 3472 ipsos
1877 3411 1963 3473 pura
1983 3410 2094 3456 coram
2111 3391 2184 3456 Deo
2202 3391 2402 3457 conscientia

393 3476 480 3556 odio,
509 3497 576 3541 non
604 3475 803 3558 implacabili
824 3476 1014 3542 austeritate
1036 3475 1187 3556 ardeant,
1210 3478 1370 3543 miseren·
1423 3475 1543 3541 audere
1574 3475 1734 3559 quidquid
1766 3475 1907 3555 audent,
1940 3496 1983 3540 ne
2008 3476 2111 3559 impia
2138 3475 2337 3542 confidentia
2363 3477 2401 3544 in

393 3562 574 3627 1111111111
600 3582 808 3627 communem
836 3563 872 3625 in
894 3581 932 3627 eo
955 3569 1122 3642 naturam,
1150 3569 1189 3627 11
1209 3565 1369 3648 Augusti·
1422 3560 1488 3627 Dei
1519 3570 1744 3644 contemptum
1776 3562 1924 3639 veniant,
1962 3560 2097 3626 docendi
2129 3569 2209 3627 sunt
2239 3570 2401 3646 quantum

393 3669 457 3714 nus
490 3648 649 3731 loquitur,
677 3647 713 3711 in
739 3666 803 3730 quo
832 3648 975 3730 puniunt
1001 3649 1171 3732 proprium
1199 3647 1368 3731 delictum;
1423 3648 1485 3714 sibi
1512 3648 1617 3713 liceat.
1667 3647 1783 3730 Neque
1809 3647 1891 3714 haec
1920 3646 2069 3712 doctrina
2090 3648 2230 3731 privatis
2258 3649 2400 3713 homini·

393 3733 463 3798 sire
490 3754 583 3797 arma
608 3734 645 3797 in
674 3733 819 3812 hostem,
849 3734 912 3800 hoc
933 3741 985 3798 est
1004 3742 1168 3800 armatum
1198 3735 1368 3815 latronem,
1421 3733 1483 3800 bus
1503 3752 1707 3817 supervacua
1728 3740 1788 3813 est,
1809 3754 1852 3798 nc
1874 3735 2006 3816 quosvis
2027 3733 2214 3816 principum
2236 3741 2398 3817 sumptus,

394 3817 559 3882 induenda
592 3825 683 3897 sunt,
711 3838 779 3883 non
806 3840 850 3885 ex
877 3819 965 3886 facili
992 3820 1194 3886 occasionem
1220 3829 1368 3905 captent;
1422 3819 1555 3885 tametsi
1576 3816 1748 3902 vulgarem
1772 3819 1965 3901 civilemque
1992 3818 2126 3883 modum
2147 3816 2328 3899 excedunt,
2350 3827 2400 3886 te-

393 3903 460 3967 imo
486 3923 547 3969 nee
569 3903 713 3968 oblatam
734 3905 909 3988 accipiant,
938 3906 1004 3970 nisi
1026 3926 1155 3973 summa
1175 3908 1370 3973 necessitate
1422 3926 1512 3971 mere
1534 3926 1572 3971 11
1592 3905 1773 3989 procaciter
1794 3905 1951 3988 sugillare
1972 3903 2035 3970 sibi
2055 3903 2256 3988 permittant.

394 3988 507 4054 adacti.
552 3989 639 4054 Nam
661 3991 691 4055 si
712 3990 816 4055 multo
844 3991 919 4074 plus
940 3992 1035 4058 nobis
1062 3992 1298 4076 praestandum
1319 4000 1370 4060 est
1511 3995 1559 4055 14.
1603 3989 1780 4056 Proximae
1810 3998 1891 4056 1111
1916 3989 2127 4073 magistratui
2146 3991 2183 4055 in
2202 3991 2325 4074 politiis
2352 3992 2400 4057 le-

393 4095 492 4158 quam
524 4075 671 4158 exegerit
703 4076 854 4142 ethnicus
880 4077 984 4161 11111)
1017 4077 1073 4162 qui
1106 4078 1230 4144 bellurn
1263 4080 1370 4146 videri
1422 4097 1496 4161 ges,
1520 4076 1714 4144 validissimi
1734 4075 2075 4159 rerumpublicarum
2095 4077 2205 4157 nerri;
2226 4077 2295 4156 vel,
2318 4098 2399 4161 quo-

392 4160 497 4225 voluit
518 4181 632 4243 pacem
649 4162 840 4244 quaesitam,
863 4163 975 4247 omnia
994 4165 1087 4247 prius
1104 4170 1193 4230 11111
1210 4166 1370 4232 tentanda
1421 4163 1518 4229 modo
1538 4164 1706 4228 amandum
1728 4161 1893 4227 Platone»
1914 4181 1934 4225 a
1952 4160 2111 4227 Cicerone
2133 4170 2304 4243 vocantur,
2327 4163 2397 4228 ani-

392 4252 472 4311 sunt
493 4267 593 4328 quam
614 4249 715 4312 armis
737 4246 986 4313 deremendum
1016 4250 1059 4314 In
1081 4257 1219 4334 utroque
1236 4250 1369 4318 demum
1421 4269 1504 4328 mae,
1517 4250 1588 4315 sine
1598 4247 1715 4333 quibus
1726 4247 1904 4313 consistere
1915 4248 2030 4330 nequit
2038 4248 2251 4332 magistrahrs
2258 4272 2267 4328 ;
2286 4269 2397 4332 quem·
2509 4311 2514 4317 .

393 4352 529 4415 genere,
558 4331 649 4398 nullo
675 4333 806 4416 privato
835 4333 953 4400 affectu
979 4336 1149 4419 patiantur
1176 4359 1211 4403 11
1239 4339 1368 4422 corripi,
1422 4335 1598 4401 admodum
1619 4353 1680 4399 neo
1706 4335 1797 4418 ipsae
1827 4355 1963 4402 rursum
1989 4334 2059 4398 sine
2082 4355 2117 4398 m
2190 4343 2277 4400 tratu
2303 4332 2398 4416 quid-

393 4417 451 4481 sed
472 4418 602 4501 publico
624 4417 787 4484 duntaxat
814 4440 913 4486 sensu
942 4418 1113 4487 ducantur.
1157 4423 1291 4506 Alioqui
1311 4446 1370 4508 pc-
1421 4443 1521 4504 quam
1542 4421 1665 4506 vigoris
1679 4420 1818 4487 vhabent
1855 4420 2001 4486 Proinde
2022 4356 2190 4485 nihillhMl
2213 4419 2321 4486 verius
2337 4439 2399 4501 po-

393 4508 511 4567 testate
541 4524 601 4570 sua
621 4506 761 4587 pessime
788 4504 983 4595 abutrmtur,
1010 4529 1093 4590 quse
1119 4529 1188 4574 non
1208 4510 1245 4574 in
1272 4532 1370 4576 suum
1422 4515 1523 4587 terat,
1546 4528 1645 4590 quam
1665 4513 1797 4571 mutum
1818 4527 1890 4572 esse
1911 4507 2159 4590 magistratum,
2184 4507 2306 4603 legem3
2326 4525 2400 4569 ma·

268 4636 269 4639 η
392 4587 459 4654 illis
484 4589 705 4670 commodum,
738 4589 796 4656 sed
832 4591 973 4657 aliorum
1001 4593 1124 4660 bonum
1151 4615 1189 4660 11
1220 4597 1370 4662 ministc-
1423 4594 1613 4677 gistratum,
1643 4594 1751 4677 legem
1773 4613 1845 4659 esse
1866 4592 1986 4660 vivam.
2032 4590 2132 4672 Quod
2159 4599 2268 4658 autem
2295 4590 2400 4657 dictu-

287 4736 292 4745 Ι
393 4674 481 4738 rium
514 4673 590 4738 data
617 4684 674 4741 est.
725 4677 779 4741 Ex
812 4677 927 4742 eodem
959 4687 1129 4761 praeterea
1154 4681 1370 4766 belligerandi
1422 4701 1498 4744 rum
1515 4701 1569 4745 me
1586 4680 1703 4762 recepi,
1722 4679 1841 4762 quibus
1858 4675 1985 4762 legibus
2007 4677 2235 4743 constituenda
2251 4678 2295 4743 sit
2312 4677 2400 4741 chri-

393 4759 465 4824 11111
492 4759 614 4843 pendet
639 4770 673 4826 et
698 4762 950 4844 praesidiorum,
980 4771 1014 4831 et
1038 4766 1207 4832 foederum
1235 4775 1268 4833 et
1289 4768 1370 4835 civi·
1423 4766 1531 4833 stiana
1551 4766 1675 4849 politia,
1698 4785 1764 4829 non
1787 4775 1838 4828 est
1854 4785 1913 4829 cur
1929 4763 2064 4847 longam
2086 4762 2127 4828 de
2144 4764 2268 4848 optimo
2287 4764 2401 4847 legum

392 4844 476 4908 lium
505 4845 643 4909 aliarum
670 4848 891 4912 munitionum
918 4851 1011 4916 ratio.
1061 4852 1232 4919 Praesidia
1258 4863 1370 4921 autom
1423 4873 1543 4938 genere
1576 4850 1831 4934 disputationem
1858 4850 1930 4932 quis
1956 4857 2137 4932 exspectet:
2167 4870 2250 4932 quae
2278 4858 2311 4913 et
2339 4850 2401 4913 im·

393 4950 490 5006 voco,
520 4951 603 5012 quae
630 4932 672 4996 ad
693 4932 832 4999 tuendos
860 4936 1004 5020 regionis
1032 4939 1114 5004 fines
1141 4960 1201 5022 per
1221 4941 1370 5007 civitttos
1423 4960 1539 5004 mensa
1559 4938 1657 5015 foret,
1680 4956 1741 5000 nec
1762 4936 1945 5018 praesentis
1967 4942 2055 5001 essct
2076 4935 2265 5019 argumenti
2286 4940 2315 5000 et
2335 4935 2401 5000 lect

394 5014 629 5098 disponuntur,
656 5017 801 5098 foedera,
835 5040 918 5103 quae
943 5043 964 5085 a
991 5023 1141 5089 finitimis
1168 5025 1370 5107 principibus
1423 5025 1545 5091 Paucis
1566 5028 1707 5100 tantum,
1728 5027 1762 5085 et
1783 5020 1876 5105 quasi
1897 5022 1934 5085 in
1956 5029 2162 5100 transcursu,
2186 5021 2308 5087 notabo
2330 5021 2402 5104 qui·

393 5100 430 5165 in
453 5100 538 5167 hano
560 5101 666 5185 legem
688 5105 850 5185 feruntur,
860 5105 889 5192 3)
922 5116 961 5172 ut
987 5110 1014 5172 si
1039 5110 1118 5192 quid
1140 5109 1312 5175 turbarum
1333 5113 1370 5176 in
1424 5110 1484 5176 bus
1507 5108 1634 5193 legibus
1656 5109 1709 5191 pie
1731 5129 1841 5173 coram
1862 5107 1935 5172 Dec
1957 5109 2007 5172 uti
2028 5109 2146 5190 possit,
2175 5114 2209 5172 et
2230 5107 2319 5172 inter
2341 5108 2401 5171 ho-

395 5188 484 5284 agris
514 5188 582 5252 suis
610 5189 776 5268 inciderit,
804 5201 955 5257 mutuam
983 5193 1044 5259 sibi
1066 5216 1160 5278 opem
1185 5197 1308 5278 ferant,
1337 5205 1371 5263 et
1423 5197 1529 5261 mines
1550 5196 1613 5260 rite
1631 5194 1863 5260 administrari.
1898 5192 1995 5274 Quod
2017 5194 2116 5258 etiam
2137 5193 2246 5278 ipsum
2267 5214 2402 5277 prorsus

393 5294 483 5339 vires
512 5275 546 5337 in
580 5293 750 5340 commune
783 5279 953 5343 conferant
978 5279 1019 5344 ad
1049 5283 1278 5363 opprimendos
1307 5284 1370 5349 hu·
1423 5282 1552 5350 silentio
1584 5282 1809 5347 transmittere
1847 5280 2052 5359 maluissem,
2086 5280 2150 5345 nisi
2180 5279 2402 5363 intelligerem

396 5360 486 5422 mani
508 5360 638 5457 generis
661 5382 850 5428 communes
872 5364 982 5429 hostes
989 5389 997 5444 ;
1026 5366 1138 5432 civiles
1159 5370 1369 5449 munitiones,
1423 5369 1602 5452 periculose
1635 5367 1689 5432 hio
1717 5390 1737 5432 a
1763 5366 1877 5432 multis
1905 5367 2058 5431 aberrari.
2108 5365 2197 5431 Sunt
2230 5365 2319 5430 enim
2344 5364 2402 5447 qui

396 5462 537 5526 quarum
557 5467 592 5508 1n
615 5452 684 5511 arte
705 5446 839 5512 militari
860 5471 940 5515 usus
962 5459 1019 5516 cst
1423 5463 1511 5520 recte
1538 5454 1752 5535 compositam
1780 5472 1851 5517 esse
1883 5452 2121 5535 rempublicam
2152 5458 2289 5534 negent,
2317 5469 2401 5532 quae

1424 5540 1582 5624 neglectis
1603 5540 1696 5605 Mose
1717 5537 1873 5620 politicis,
1908 5539 2133 5602 communibus
2153 5537 2302 5621 gentium
2317 5535 2401 5620 legi-

1066 5680 1068 5683 .
1423 5626 1486 5690 bus
1513 5624 1647 5707 regitur.
1679 5622 1773 5705 Quae
1797 5624 1960 5689 sententia
1984 5644 2081 5706 quam
2104 5623 2286 5708 periculosa
2306 5622 2350 5687 sit
2368 5630 2403 5687 et

346 5710 352 5719 ·
466 5713 798 5786 1111111111.
863 5721 965 5792 111.
985 5724 1035 5776 ou
1055 5726 1071 5777 1.
1091 5725 1114 5779 1.
1168 5725 1371 5794 11111111
1423 5711 1628 5802 turbulenta,
1661 5709 1806 5778 viderint
1827 5709 1899 5789 alir3
1920 5710 2004 5775 mihi
2025 5710 2141 5776 11111111
2162 5729 2234 5775 esse
2251 5729 2290 5775 ac
2309 5707 2402 5774 stoli-
