5600 6809
376 783 418 844 aa
987 776 1254 841 passusne
1278 776 1343 840 an
1365 775 1533 841 aucun
1556 775 1775 841 emuna.
1919 755 1921 760 ’
2346 784 2388 844 ac

376 974 561 1051 nequeunt,
595 966 783 1043 concilium,
817 972 977 1048 qnantum
1010 965 1052 1029 ad
1084 973 1237 1029 externos
1270 966 1353 1029 ritus
1409 963 1572 1029 debuerat.
1602 966 1665 1028 Est
1686 964 1740 1029 hic
1763 964 1867 1028 divini
1889 965 1981 1030 verbi
1999 967 2132 1049 quidam
2151 965 2244 1051 quasi
2262 971 2386 1052 genius,

379 1082 510 1157 attinet,
540 1079 640 1143 fuisse
661 1078 859 1161 legitimum,
889 1098 949 1142 nec
971 1077 1012 1141 ab
1031 1096 1097 1141 uno
1119 1084 1251 1140 tantum
1271 1097 1353 1157 pon·
1408 1083 1445 1140 ut
1472 1096 1640 1159 nunqnam
1667 1085 1827 1159 emergat,
1855 1076 1963 1157 quieto
1991 1099 2028 1143 ac
2051 1078 2232 1144 dormiente
2261 1089 2384 1146 satana

379 1193 481 1271 tifice,
505 1190 563 1255 scd
590 1189 758 1253 adnobus
783 1188 952 1253 indictum.
997 1189 1185 1252 Damnatus
1212 1194 1263 1250 est
1288 1187 1354 1250 illic
1408 1186 1500 1252 Haec
1522 1188 1703 1252 certissima
1725 1195 1758 1251 et
1783 1187 1818 1251 in
1848 1189 1962 1269 primis
1983 1188 2089 1254 fidelis
2115 1198 2209 1268 nota,
2233 1213 2298 1274 qua
2320 1191 2386 1259 dis·

379 1304 553 1386 Eugenius
580 1298 780 1378 schismatis,
810 1299 1008 1377 rebellionis,
1039 1299 1251 1380 pertinaciae,
1279 1321 1354 1364 cum
1409 1300 1553 1364 cernitur
1575 1319 1595 1360 a
1615 1298 1826 1363 mendacibus
1849 1299 2014 1378 doctrinis,
2037 1322 2121 1383 quae
2143 1324 2177 1373 se
2199 1303 2293 1368 facile
2311 1326 2386 1386 pro-

381 1423 449 1478 toto
472 1412 688 1477 cardinalium
711 1418 744 1475 et
765 1412 989 1493 episcoporum
1017 1431 1117 1494 grege
1140 1411 1293 1492 quicum
1317 1431 1355 1474 eo
1410 1410 1493 1474 dunt
1515 1409 1593 1474 dum
1621 1410 1732 1491 aequis
1755 1411 1902 1473 omnium
1925 1410 2057 1476 auribus
2085 1413 2290 1494 recipiuntur
2311 1425 2345 1480 et
2366 1438 2387 1481 a

380 1525 507 1592 concilii
529 1523 775 1589 dissolutionem
797 1521 944 1586 admoliti
966 1528 1069 1585 erant
1102 1521 1222 1586 Postea
1244 1528 1356 1585 tamen
1409 1521 1531 1585 mundo
1559 1519 1735 1603 plaudente
1764 1521 1950 1586 audiuntur.
2002 1521 2059 1588 Sic
2088 1524 2226 1589 saeculis
2254 1526 2384 1608 aliquot,
2458 1507 2461 1513 ¹

378 1636 564 1719 principum
590 1637 702 1700 favore
722 1633 936 1711 sublevatam,
970 1633 1099 1698 salvum
1131 1634 1356 1715 pontificatum
1409 1634 1526 1714 quibus
1553 1632 1722 1714 profundis
1749 1633 1890 1698 tenebris
1918 1635 2086 1698 submersa
2112 1636 2246 1700 fuerunt
2265 1640 2384 1718 omnia,

378 1749 509 1830 recepit
559 1747 623 1811 Illa
649 1744 807 1809 Amcdaei
836 1744 964 1821 electio,
994 1744 1155 1827 generalis
1183 1755 1216 1807 ot
1248 1766 1356 1808 sacro·
1410 1744 1488 1809 huic
1526 1743 1642 1807 mundi
1682 1742 1811 1807 domino
1848 1745 1958 1810 cuncti
1990 1746 2058 1810 fere
2100 1748 2254 1812 mortales
2287 1750 2385 1817 ludus

381 1867 513 1925 sanctae
547 1857 664 1943 synodi
696 1857 872 1920 autoritate
899 1856 960 1919 rite
990 1862 1136 1937 peracta,
1167 1857 1202 1919 in
1228 1857 1355 1920 fumum
1409 1864 1504 1920 erant
1532 1877 1569 1919 ae
1596 1857 1700 1931 iocus,
1729 1877 1788 1919 nec
1815 1877 1907 1921 secus
1935 1879 1972 1922 ac
1995 1855 2240 1941 Sardanapalus
2269 1862 2384 1945 aliquis

380 1972 460 2036 abiit
467 1995 474 2049 ;
508 1971 571 2034 nisi
599 1967 685 2050 quod
711 1968 782 2049 ipse
809 1967 920 2051 galero
941 1967 1160 2046 cardinalitio,
1183 1989 1242 2032 ceu
1264 1967 1355 2032 canis
1408 1968 1445 2031 in
1467 1967 1533 2032 alta
1559 1988 1638 2048 pace
1660 1965 1828 2031 desidebat
1852 1989 1889 2031 ac
1918 1966 2137 2061 deliciabatur.
2183 1969 2273 2050 Quid
2295 1975 2384 2037 enim

380 2083 504 2147 latrans
520 2081 640 2145 iniecta
653 2079 728 2157 offa,
746 2079 894 2161 placatus
907 2087 965 2142 est.
995 2079 1049 2142 Ex
1065 2078 1197 2143 illorum
1213 2079 1355 2144 haereti·
1409 2077 1498 2142 aliud
1519 2099 1618 2159 quam
1640 2077 1766 2141 risisset
1787 2100 1825 2143 ac
1847 2079 1984 2157 lusisset,
2008 2081 2187 2163 tranquilla
2209 2104 2245 2147 ac
2268 2093 2384 2165 pacata

352 2178 499 2271 ‘corum
518 2191 689 2256 rebellium
707 2189 973 2282 acpertinaciuni
987 2190 1111 2272 gremio
1122 2189 1244 2271 prodiit
1260 2191 1354 2274 quid·
1409 2189 1502 2271 regni
1534 2189 1756 2271 possessione?
1812 2191 1859 2254 At
1891 2212 1969 2255 vero
2001 2193 2056 2256 ubi
2089 2192 2147 2256 lux
2180 2215 2198 2257 e
2231 2197 2383 2276 supernis

377 2304 455 2387 quid
467 2311 580 2386 postea
590 2324 761 2385 paparum,
774 2301 998 2379 cardinalium,
1010 2303 1244 2384 episcoporum,
1257 2303 1354 2367 abba·
1409 2301 1570 2383 affulgens
1603 2302 1755 2365 tenebras
1792 2301 1862 2366 eius
1888 2302 2091 2385 aliquantum
2124 2304 2291 2382 discussit,
2325 2307 2382 2371 ubi

376 2423 465 2494 tum,
487 2415 754 2497 presbyterorum
776 2415 846 2478 tuit
892 2414 957 2477 Hic
981 2412 1176 2495 deprehensi
1197 2414 1356 2478 haereant
1408 2413 1501 2476 fortis
1530 2411 1585 2475 ille
1613 2433 1753 2495 regnum
1781 2414 1852 2476 eius
1885 2414 2031 2478 turbavit
2059 2436 2097 2480 ac
2123 2417 2276 2498 perculit,
2310 2425 2383 2482 tum

377 2547 509 2591 necesso
532 2532 590 2590 est
621 2526 739 2590 Utram
757 2526 844 2589 onim
866 2527 901 2588 in
918 2533 1046 2607 partem
1063 2525 1217 2590 ecclcsiae
1234 2547 1354 2590 nomen
1408 2543 1485 2587 vero
1516 2522 1649 2588 solitum
1682 2545 1779 2587 suum
1811 2533 1976 2606 torporem
2008 2534 2162 2592 excutere
2195 2531 2314 2610 coepit,
2348 2537 2383 2595 et

378 2636 569 2704 conferent?
592 2638 802 2720 negabuntne
814 2637 986 2701 concilium
1005 2635 1157 2718 generale
1175 2637 1283 2715 fuisse,
1301 2639 1355 2703 cui
1408 2656 1500 2699 arma
1522 2636 1691 2716 corripere.
1737 2636 1782 2699 Et
1803 2637 1945 2717 primum
1968 2637 2099 2718 quidem
2118 2638 2290 2703 hominum
2311 2662 2382 2706 ma·

377 2749 462 2813 nihil
481 2748 523 2812 ad
541 2749 734 2811 exteriorem
751 2748 955 2811 maiestatem
974 2747 1107 2812 deerat?
1132 2769 1249 2830 nempe
1268 2748 1354 2831 quod
1406 2768 1470 2810 nus
1492 2746 1683 2823 concitavit,
1712 2748 1829 2828 quibus
1855 2747 2097 2813 illucescentem
2119 2751 2291 2815 veritatem
2313 2754 2382 2817 vio·

378 2859 503 2924 duobus
521 2859 751 2940 diplomatibus
768 2857 947 2922 solenniter
961 2858 1130 2938 indictum,
1149 2859 1354 2942 praesidente
1406 2858 1513 2921 lenter
1531 2859 1736 2939 opprimeret
1765 2857 1832 2922 Per
1849 2879 1929 2939 quas
1947 2860 2003 2923 ubi
2022 2860 2105 2923 nihil
2122 2863 2303 2942 profectum
2321 2872 2380 2941 est,

379 2959 531 3035 romanae
559 2968 645 3034 sedis
669 2970 777 3051 legato
807 2977 1046 3049 consecratum,
1074 2992 1184 3034 rerum
1207 2972 1354 3036 omnium
1407 2967 1449 3032 ad
1471 2968 1604 3034 insidias
1626 2990 1661 3035 se
1684 2975 1859 3046 convertit,
1883 2968 2016 3035 dissidia
2039 2984 2072 3035 et
2093 2971 2283 3054 dogmatum
2305 2996 2382 3039 con-

379 3081 491 3147 ordine
520 3082 602 3145 bene
628 3081 859 3161 compositum,
893 3079 1007 3144 eadem
1039 3101 1168 3162 semper
1195 3081 1353 3165 dignitate
1406 3081 1566 3145 tentiones
1588 3101 1647 3163 por
1672 3081 1913 3163 Catabaptistas
1935 3102 2010 3147 suos
2037 3090 2071 3146 et
2093 3083 2157 3146 alia
2180 3084 2382 3151 nebulonum

379 3193 420 3258 ad
447 3201 633 3257 extremum
659 3192 889 3273 perseveravit.
934 3191 1143 3256 Fatebuntur
1169 3193 1352 3258 schismati·
1405 3200 1557 3274 portenta
1584 3194 1753 3272 excitavit,
1782 3194 1899 3275 quibus
1921 3214 1994 3257 cam
2016 3192 2218 3272 obscuraret,
2247 3198 2381 3262 tandem

378 3327 451 3370 cum
472 3303 661 3386 Eugenium
683 3324 758 3368 cum
780 3310 849 3367 tota
870 3324 930 3366 sua
952 3302 1094 3382 cohorte,
1118 3323 1220 3385 aqua
1241 3326 1352 3370 omnes
1405 3311 1439 3368 et
1469 3304 1700 3388 exstingueret
1744 3305 1791 3369 Et
1819 3327 1907 3370 nunc
1930 3312 2066 3387 unaque
2093 3306 2247 3370 machina
2273 3309 2380 3389 ipsam

376 3416 567 3482 sanctificati
589 3414 688 3480 sunt?
733 3415 803 3477 Aut
829 3415 929 3497 igitur
951 3415 1104 3480 ecclesiae
1131 3415 1271 3481 formam
1293 3417 1352 3480 ali-
1404 3423 1533 3479 tentare
1554 3423 1751 3498 perseverat
1787 3415 1958 3499 Siquidem
1979 3425 2013 3481 et
2034 3438 2149 3482 verum
2168 3417 2250 3481 illud
2268 3440 2379 3484 semen

379 3534 429 3592 ter
450 3527 616 3616 deliniant,
640 3534 698 3590 aut
715 3532 872 3608 quotquot
889 3534 974 3604 sunt,
994 3526 1204 3592 habebuntur
1221 3550 1241 3592 a
1258 3528 1352 3593 nobis
1404 3527 1437 3592 vi
1465 3549 1503 3592 ae
1530 3550 1632 3592 manu
1654 3528 1825 3593 hominum
1847 3528 1986 3594 evellere
2008 3536 2159 3606 conatur,
2191 3536 2224 3592 et
2245 3531 2313 3594 suis
2334 3533 2379 3595 ai·
2483 3551 2486 3559 ·

378 3638 592 3718 schismatici,
620 3638 677 3719 qui
705 3638 844 3702 scientes
866 3638 1013 3702 volentes
1035 3638 1076 3702 ab
1105 3638 1277 3704 haereticis
1298 3661 1350 3704 cr·
1404 3638 1506 3703 neniis
1540 3639 1716 3723 (quantum
1745 3641 1782 3704 in
1814 3662 1849 3704 se
1875 3640 1939 3724 est)
1971 3640 2089 3703 nititur
2121 3660 2303 3719 occaecare,
2337 3664 2380 3707 ne

377 3750 481 3815 dinati
509 3757 595 3816 sunt
641 3747 738 3829 Quod
768 3749 797 3812 si
824 3770 995 3831 nunquam
1022 3758 1121 3815 antea
1149 3758 1351 3834 compertum
1404 3760 1528 3816 crescat
1548 3760 1582 3816 et
1602 3753 1746 3817 hactum
1765 3750 1888 3815 reddat
1932 3750 1973 3814 Id
1991 3760 2101 3814 tamen
2122 3753 2230 3834 ipsum
2247 3753 2379 3832 frustra,

376 3862 505 3942 hrisset,
522 3862 676 3954 *externis
695 3861 823 3943 pompis
844 3881 912 3924 non
934 3851 1063 3944 alligari
1085 3863 1269 3944 ecclesiam,
1288 3865 1351 3946 ipsi
1404 3862 1433 3926 si
1455 3863 1648 3928 monitorem
1669 3864 1850 3928 Dominum
1871 3862 2040 3941 audimus,
2068 3863 2123 3946 qui
2146 3865 2271 3930 eteius
2293 3872 2380 3931 artes

375 3973 505 4056 prolixo
524 3971 718 4039 documento
738 3972 831 4036 nobis
853 3993 923 4037 esse
944 3981 1095 4054 possunt,
1117 3975 1175 4056 qui
1195 3976 1256 4040 sub
1278 3997 1351 4057 spe-
1403 3976 1507 4039 multo
1530 3982 1606 4038 ante
1625 3975 1719 4039 nobis
1741 3974 1869 4056 aperuit
1886 3996 1927 4038 ne
1945 3975 2093 4039 incautos
2111 3974 2379 4056 deprehenderet,

375 4086 463 4151 cioso
483 4085 539 4150 illo
561 4085 715 4150 ecclesiae
736 4083 832 4148 titulo
853 4084 980 4148 tamdiu
999 4105 1033 4148 sc
1055 4085 1127 4150 orbi
1144 4087 1352 4169 superciliose
1404 4095 1438 4150 et
1458 4093 1573 4150 eontra
1601 4107 1713 4150 omnes
1735 4086 1806 4149 eius
1834 4086 2002 4151 machinas
2024 4087 2103 4151 satis
2129 4087 2234 4152 firmis
2256 4090 2379 4170 praesi-

374 4197 602 4274 venditarunt,
631 4217 732 4279 quum
757 4201 868 4259 tamen
890 4203 999 4261 essent
1015 4176 1175 4262 vexitiales
1197 4199 1351 4263 ecclesiae
1404 4197 1466 4262 diis
1488 4198 1636 4262 armavit
1681 4197 1873 4276 Caeterum,
1896 4198 1931 4262 in
1951 4199 2060 4280 ipsum
2082 4198 2147 4263 Dei
2170 4199 2306 4263 verbum
2328 4199 2378 4263 in-

374 4316 491 4391 pestes.
548 4310 601 4374 De
632 4308 777 4372 moribus
808 4328 876 4370 non
903 4306 1029 4389 loquor,
1065 4316 1098 4372 et
1125 4310 1259 4392 tragicis
1284 4309 1351 4375 illis
1404 4309 1526 4373 vidiam
1555 4311 1715 4389 conferre,
1751 4317 1808 4374 aut
1836 4309 2046 4383 seditionum,
2072 4331 2152 4391 quas
2179 4309 2317 4389 improbi
2346 4315 2379 4372 et

375 4423 586 4499 facinoribus,
615 4420 733 4502 quibus
756 4426 859 4484 scatet
887 4425 955 4482 tota
977 4440 1089 4483 eorum
1111 4420 1192 4483 vita:
1222 4422 1351 4502 quando
1403 4420 1554 4499 rebelles,
1585 4428 1842 4500 anteactarum,
1871 4442 1952 4504 quas
1972 4421 2164 4502 impostores
2186 4425 2298 4483 eontra
2320 4440 2377 4481 ex·

372 4533 568 4597 Pharisaeos
596 4554 631 4596 se
660 4551 729 4596 esse
757 4531 862 4609 aiunt,
896 4529 952 4612 qui
985 4532 1051 4595 sint
1082 4531 1249 4610 audiendi,
1283 4553 1350 4596 non
1403 4519 1516 4611 citant,¹
1539 4541 1663 4616 quanta
1681 4541 1730 4598 est
1746 4532 1958 4617 malignitas?
1988 4532 2119 4597 Novum
2137 4540 2248 4593 mmen
2266 4551 2377 4594 exem-

371 4645 530 4709 imitandi.
581 4644 707 4725 Ipsam,
734 4644 840 4725 ipsam
867 4643 1063 4721 doctrinam,
1099 4645 1150 4709 cui
1178 4643 1212 4707 id
1240 4642 1350 4708 deberi
1401 4644 1495 4726 plum
1514 4668 1580 4709 non
1602 4653 1659 4710 est
1704 4645 1975 4729 Interrogabatur
1995 4644 2086 4707 Elias
2108 4660 2218 4703 annon
2240 4642 2269 4706 is
2291 4648 2378 4707 esset

372 4757 467 4820 aiunt
487 4754 574 4838 quod
601 4762 679 4820 sunt
705 4755 855 4832 ecclesia,
883 4754 1049 4820 exitialem
1072 4755 1256 4820 animarum
1278 4778 1349 4822 car-
1401 4760 1458 4839 qui
1489 4756 1643 4823 turbabat
1674 4756 1803 4821 Israel?
1858 4754 2011 4820 Christus
2044 4750 2214 4817 seditiosus
2246 4751 2377 4819 Iudaeis

371 4868 548 4946 nificinam,
571 4867 684 4944 facem,
707 4867 847 4946 ruinam
870 4875 903 4932 et
924 4867 1087 4932 excidium
1105 4868 1260 4933 ecclesiae
1278 4889 1349 4933 essc
1401 4878 1483 4934 crat·
1531 4869 1697 4952 Apostolis
1725 4869 1849 4933 crimen
1883 4864 2125 4948 impingebatur
2153 4866 2378 4929 commotionis

370 5000 440 5043 non
461 4979 596 5044 obscure
617 4999 806 5062 cognosces,
834 4980 862 5042 si
889 4978 1038 5062 legendis
1059 4980 1179 5044 nostris
1201 4980 1348 5063 aliquan·
1401 4982 1575 5063 popularis.
1621 4978 1711 5060 Quid
1734 4980 1823 5044 aliud
1844 4983 1947 5060 agunt
1975 4976 2029 5057 qui
2052 4974 2149 5039 hodie
2171 4997 2284 5040 omnes
2306 4985 2377 5039 tur·

370 5098 443 5155 tum
470 5093 528 5155 otii
554 5092 603 5155 tui
632 5090 769 5156 decidas.
814 5091 1000 5171 Postremo,
1023 5112 1089 5157 non
1111 5091 1190 5156 satis
1212 5091 1349 5157 candide
1401 5091 1479 5171 bas,
1502 5092 1673 5170 tumultus,
1702 5091 1932 5164 contentiones,
1961 5088 2102 5169 quaein
2124 5109 2185 5152 nos
2207 5087 2376 5166 ebulliunt,

371 5203 509 5280 faciunt,
532 5223 633 5285 quum
660 5201 819 5266 invidiose
842 5210 1098 5268 commemorant
1118 5210 1256 5286 quantas
1278 5212 1348 5268 tur·
1400 5205 1495 5270 nobis
1527 5203 1712 5286 imputant?
1768 5200 1901 5265 Talibus
1927 5206 2036 5263 autem
2068 5197 2148 5282 quid
2179 5198 2376 5281 responden-

369 5315 445 5392 bas,
468 5314 643 5394 tumultus,
672 5314 895 5379 contentiones
922 5336 1034 5380 secum
1061 5317 1198 5380 traxerit
1219 5324 1349 5380 nostrae
1401 5314 1481 5380 dum
1513 5317 1569 5393 sit,
1604 5314 1713 5378 docuit
1738 5332 1797 5375 nos
1824 5310 1930 5389 Elias,
1960 5332 2019 5376 nos
2046 5332 2114 5375 non
2142 5330 2215 5401 esse
2240 5309 2295 5389 qui
2322 5308 2376 5372 vel

371 5425 538 5491 doctrinae
559 5425 772 5507 praedicatio,
801 5434 836 5488 et
857 5446 937 5507 quos
957 5447 1046 5491 nunc
1068 5427 1104 5489 in
1129 5428 1241 5491 multis
1262 5427 1349 5493 fruc·
1401 5447 1527 5491 errores
1549 5425 1748 5507 spargimus,
1776 5422 1828 5487 vel
1849 5423 2009 5487 tumultus
2035 5440 2288 5495 commovemus,
2316 5417 2375 5483 sed

371 5545 426 5601 tus
453 5537 547 5602 ferat
592 5537 680 5602 Nam
708 5537 825 5602 horum
852 5534 1014 5599 malorum
1036 5536 1133 5619 culpa
1158 5536 1293 5620 indigne
1314 5538 1349 5600 in
1401 5558 1455 5601 eos
1482 5538 1569 5618 ipsos
1596 5534 1652 5613 qui
1678 5535 1743 5599 Dei
1769 5535 1884 5599 virtuti
1917 5534 2147 5598 obluctantur.¹
2184 5531 2309 5594 Verum
2336 5537 2376 5592 ut

371 5650 478 5731 ipsam
499 5646 682 5728 derivatur,
706 5669 794 5741 ,quae
813 5648 850 5714 in
871 5652 1003 5712 satanae
1025 5645 1185 5711 malitiam
1206 5647 1350 5728 torqueri
1400 5645 1482 5711 illud
1519 5664 1623 5709 unum
1664 5646 1706 5710 ad
1744 5645 1983 5711 retundendam
2015 5663 2127 5708 eorum
2156 5641 2374 5705 temeritatem
