5600 6809
427 791 467 852 75
1077 783 1342 851 INSTI'PU'I'IO
1364 783 1470 849 REL.
1494 728 1809 849 6661661666..
1875 806 1880 815 ’
2401 786 2442 848 76

419 981 589 1059 postquam
614 974 676 1039 sibi
703 973 760 1036 uni
788 975 926 1038 asseruit
947 973 1073 1038 deitatis
1092 973 1244 1055 ploriam,
1272 973 1327 1037 ubi
1355 972 1407 1036 do-
1458 972 1546 1035 tiuno
1578 978 1711 1037 naturae
1743 973 1851 1037 ordine
1873 973 2019 1037 naum.
2065 972 2172 1052 Neque
2200 991 2270 1036 nero
2300 971 2439 1036 Iudaeos

426 1080 492 1127 cere
513 1062 579 1126 uult
606 1079 697 1142 quern
723 1059 839 1123 cultum
860 1060 969 1140 probet
997 1060 1045 1123 661
1065 1058 1219 1139 repudiet,
1253 1078 1325 1122 moe
1351 1057 1407 1121 ad»
1461 1056 1588 1122 Paulus
1598 1058 1819 1139 alloquebatur,
1840 1059 1895 1122 sed
1906 1058 2116 1136 Athenienses,
2135 1079 2230 1139 quum
2246 1077 2384 1122 errorem
2402 1059 2438 1122 in

426 1149 529 1230 iunpit
550 1145 670 1231 (Exod.
690 1149 740 1221 20,
760 1145 813 1229 4).·
838 1166 899 1208 non
926 1145 1025 1226 facies
1046 1144 1104 1207 tibi
1124 1144 1280 1225 sculptile,
1310 1163 1406 1225 neque
1460 1142 1528 1206 Deo
1548 1143 1715 1224 pipurando
1737 1144 1895 1224 refelleret.
2284 1173 2286 1176 ·

426 1233 668 1299 similitudinem
688 1232 806 1309 ullom;
833 1232 946 1312 quibus
966 1230 1066 1294 verbis
1088 1230 1245 1293 incutiam
1266 1233 1407 1292 nostram
1545 1232 1573 1290 3.
1617 1229 1780 1294 Exhibuit
1799 1229 1930 1311 quidem
1949 1229 2117 1293 interdum
2136 1229 2229 1292 Deus
2251 1230 2348 1293 certis
2371 1229 2439 1312 sig-

426 1324 544 1397 eoercet,
567 1338 605 1382 ne
624 1319 731 1398 ipsum
747 1317 816 1381 ulla
833 1316 952 1381 61611111
970 1315 1073 1397 effipia
1088 1320 1323 1395 ‘repraesentare
1344 1319 1407 1377 ten·
1458 1315 1509 1378 nis
1538 1315 1684 1378 numinis
1713 1316 1763 1379 sui
1785 1315 2018 1397 praesentiam,
2047 1321 2085 1378 ut
2113 1314 2275 1379 (1166666166
2296 1315 2439 1396 spectari

387 1458 390 1464 .
426 1409 533 1468 temus.
577 1405 627 1467 Ac
653 1403 773 1484 fumos
801 1421 905 1466 ornnes
933 1402 1062 1465 breviter
1089 1405 1263 1477 enumerat,
1293 1400 1407 1480 quihus
1457 1400 1538 1463 16616
1572 1399 1613 1462 ad
1647 1401 1776 1478 faciem;
1813 1401 1869 1465 sed
1902 1402 2011 1463 omnia
2041 1421 2125 1482 6666
2157 1421 2303 1481 unquam
2335 1399 2439 1464 edidit

426 1492 505 1555 iom=
521 1491 596 1554 olim
622 1492 760 1568 66666661
786 1488 855 1551 eius
881 1489 1039 1551 6666161666
1066 1487 1101 1549 in
1121 1486 1317 1549 rendacium
1338 1505 1407 1549 666·
1458 1485 1566 1568 signa,
1589 1491 1659 1566 apte
1677 1486 1873 1566 quadrabant
1893 1486 1937 1550 ad
1955 1487 2108 1550 rationem
2127 1487 2269 1563 docendi,
2292 1490 2320 1548 et
2341 1486 2440 1551 616661

427 1580 543 1640 certem
559 1575 746 1656 superstitio.
775 1572 898 1637 Scimus
914 1574 998 1637 enim
1014 1573 1109 1636 solem
1127 1572 1291 1635 adoratum
1305 1572 1407 1652 fuisse
1458 1575 1563 1652 aperte
1588 1571 1749 1636 monebant
1773 1571 1912 1636 homines
1948 1573 1986 1636 de
2015 1571 2334 1654 incomprehensibili
2367 1572 2439 1636 eiua

428 1683 450 1727 a
480 1661 596 1727 Persis.
643 1660 792 1740 euenor
821 1660 915 1723 etiam
948 1663 1038 1722 astra
1070 1658 1105 1720 in
1137 1658 1216 1721 coelo
1247 1655 1407 1720 cernebant
1458 1657 1608 1722 essentia
1653 1657 1766 1721 Nubes
1794 1659 1882 1721 enim
1909 1664 1943 1721 et
1970 1658 2080 1721 fumus
2110 1667 2144 1722 et
2164 1658 2439 1738 flamma,puan·

427 1749 545 1813 6161166
561 1745 677 1831 pentes,
705 1744 828 1808 totidem
855 1744 917 1807 sibi
937 1744 1099 1824 6166666661
1120 1743 1199 1807 1666.
1245 1741 1318 1806 Iam
1338 1742 1407 1806 nul-
1458 1761 1554 1822 puam
1586 1743 1725 1823 66161616ι
1756 1748 1846 1807 nant
1877 1744 2014 1808 6666166116
2036 1744 2172 1825 pieriae,
2207 1743 2300 1822 quasi
2327 1744 2439 1808 iniecto

429 1835 494 1899 lum
515 1854 615 1915 prope
641 1831 764 1895 animal
783 1831 847 1910 fuit
868 1829 949 1909 quod
971 1829 1138 1911 Aeppptiis
1164 1849 1226 1892 non
1252 1832 1330 1891 esset
1355 1828 1406 1890 dei
1457 1827 1568 1908 fraeno
1595 1827 1769 1892 6616161661
1797 1829 1936 1893 manium
1956 1834 2071 1893 6666166
2096 1850 2134 1893 ne
2150 1833 2317 1911 penetrare
2338 1830 2441 1893 altius

426 1918 540 2002 lipara.
593 1916 708 1982 Graeci
737 1936 808 1980 uero
840 1935 941 1995 supra
973 1915 1055 1979 61166
1087 1934 1197 1994 sapere
1229 1915 1292 1977 6161
1324 1918 1405 1990 6661,
1440 1918 1609 1976 ¹tentarent
1641 1914 1754 1997 (Dent
1783 1919 1817 1991 4,
1848 1917 1909 1996 11).
1954 1914 2066 1995 Quare
2098 1936 2136 1979 ne
2158 1914 2268 1979 Moses
2306 1915 2434 1994 quidem

428 2005 509 2087 66661
525 2006 581 2069 661
599 2004 741 2067 bumana
757 2002 863 2083 torma
880 2001 986 2064 Deum
1001 2001 1139 2064 colerent.
1156 1999 1179 2081 ¹)
1214 1999 1315 2079 Atqui
1327 2000 1407 2062 ima·
1459 1998 1526 2084 (cui
1548 2004 1651 2062 166666
1671 2021 1750 2081 prae
1772 2000 1845 2064 aliis
1865 2000 2115 2065 familiarissime
2133 2021 2169 2065 66
2184 2000 2346 2084 patefecit)
2363 2021 2440 2082 pre·
2484 2076 2488 2081 .

253 2067 256 2074 ¹
318 2100 323 2112 ‘
414 2130 417 2135 ·
426 2091 516 2174 pines
530 2090 619 2155 Deus
640 2090 721 2152 inter
738 2108 771 2152 se
788 2107 850 2152 non
867 2091 1036 2166 comparat,
1056 2087 1151 2167 puosi
1172 2087 1273 2149 altera
1293 2086 1404 2168 mapis,
1458 2084 1544 2148 cibus
1565 2085 1696 2169 adeptam
1715 2091 1759 2149 est
1779 2095 1817 2149 ut
1837 2087 1953 2150 faeiem
1973 2087 2065 2151 illam
2085 2095 2249 2164 eerneret;
2279 2087 2360 2167 quin
2385 2108 2438 2151 re·

428 2176 528 2241 altera
548 2178 655 2240 minus
671 2175 847 2250 conueniat·
868 2173 922 2236 sed
943 2172 1057 2253 616666
1073 2172 1245 2251 emption
1262 2171 1408 2250 repudiat
1459 2190 1616 2251 sponsum
1644 2172 1781 2252 eeeepit,
1810 2192 1877 2236 666
1906 2193 1977 2237 esse
1999 2172 2166 2236 hominem
2192 2172 2278 2235 tanti
2301 2173 2440 2256 fulgoris

411 2261 601 2327 ’6166616666
623 2260 743 2338 omnia,
761 2260 921 2340 picturas,
945 2259 1071 2339 aliaque
1092 2258 1186 2340 sipna
1204 2257 1315 2337 quibus
1336 2277 1407 2320 eum
1458 2275 1608 2338 capacem
1642 2256 1761 2338 (Erod
1788 2262 1843 2333 33,
1873 2261 1910 2321 13
1940 2258 2053 2341 6666).
2109 2258 2273 2340 Appourit
2303 2260 2441 2338 spirius

426 2348 488 2412 sibi
505 2345 811 2430 propinquumfore
827 2349 987 2424 putarunt
1007 2343 1225 2425 superstitiosi.
1285 2370 1291 2376 ·
1450 2347 1584 2405 ’6666166
1604 2342 1661 2405 sub
1682 2344 1781 2421 speeie
1802 2344 1956 2408 satureiae
1979 2344 2161 2428 (11611163,
2190 2344 2243 2428 16)
2250 2345 2343 2423 ;1sed
2364 2345 2443 2409 duris

421 2496 422 2499 ,
514 2438 542 2497 2.
586 2432 627 2496 Id
648 2431 789 2514 oollipere
805 2435 987 2512 proruptum
1008 2435 1052 2494 est
1073 2450 1110 2492 66
1131 2429 1306 2492 rationibus
1328 2447 1408 2508 quas
1453 2428 1603 2508 pretinm
1623 2429 1757 2505 6666611,
1778 2431 1850 2510 6616
1872 2427 2049 2508 66661161,
2073 2431 2172 2493 unius
2190 2431 2336 2496 6666666111
2357 2451 2440 2511 spru-

421 2519 631 2603 proiibitioui
647 2517 799 2599 adiunpit.
820 2516 971 2580 Primum
989 2515 1075 2598 apud
1092 2514 1223 2579 Mosen:
1242 2522 1406 2578 memento
1459 2512 1523 2577 bolo
1542 2513 1716 2578 admonitos
1735 2535 1800 2579 esse
1819 2515 1926 2595 fideles
1945 2517 2094 2596 spiritum
2102 2515 2302 2590 moisihilem
2318 2516 2441 2581 6666166·

427 2605 514 2690 quod
524 2603 673 2668 Iehovah
691 2603 844 2684 loquutus
863 2602 921 2666 tibi
938 2601 982 2667 sit
997 2600 1131 2665 invalle
1143 2600 1256 2665 Horeb
1263 2623 1271 2678 ;
1293 2621 1407 2666 vocem
1460 2599 1535 2662 dum
1561 2599 1650 2663 esse?
1681 2606 1716 2662 ut
1742 2602 1811 2664 eius
1831 2602 1942 2665 6161616
1963 2607 1992 2665 61
2010 2602 2118 2684 pratia
2139 2605 2284 2682 contenti,
2314 2603 2441 2667 nullam

428 2691 565 2769 audisti,
588 2710 705 2771 eorpus
726 2709 792 2752 666
813 2686 941 2764 vidisti,
971 2687 1109 2752 observa
1135 2707 1213 2769 ergo
1235 2693 1268 2750 16
1290 2688 1406 2769 ipsum,
1459 2684 1522 2748 sibi
1555 2691 1715 2749 externam
1745 2686 1882 2770 fipuram
1913 2692 2108 2751 accerserent.
2156 2686 2242 2752 Nam
2274 2688 2355 2769 quod
2382 2689 2440 2753 661

428 2798 470 2843 66
488 2777 572 2840 forte
591 2773 934 2857 (166661661661661111
952 2773 1053 2837 ullam
1071 2771 1327 2851 simihtudinem,
1345 2780 1406 2838 616.
1458 2771 1563 2851 forma
1590 2771 1726 2834 bominis
1754 2771 1843 2836 Deus
1863 2773 2019 2837 interdum
2040 2774 2206 2854 apparuit,
2230 2774 2442 2854 praeludium

429 2861 592 2947 (Deutl,
614 2859 677 2943 15).
727 2860 874 2924 Videmus
901 2864 935 2923 nt
956 2863 1060 2941 aperte
1081 2878 1181 2923 vocem
1203 2878 1295 2923 66666
1317 2851 1409 2938 appi
1459 2856 1522 2937 fuit
1542 2857 1669 2938 futurae
1691 2858 1726 2919 iu
1749 2856 1872 2922 0166616
1892 2859 2099 2924 revelationis.
2143 2858 2255 2940 116666
2275 2860 2330 2924 boc
2343 2880 2442 2939 prae-

427 2947 582 3012 natDeus
603 2946 745 3010 66666166
763 2945 892 3029 ppnrts:
913 2949 947 3008 ut
968 2945 1106 3008 sommus
1128 2942 1226 3008 oDeo
1243 2945 1409 3008 desciscere
1460 2949 1544 3006 16616
1565 2943 1693 3006 mininie
1715 2936 2064 3022 lunainduentur,
2086 2950 2121 3008 ut
2137 2945 2199 3009 sibi
2216 2947 2342 3011 deitatis
2358 2966 2443 3027 spon

427 3035 598 3115 quicunque
618 3032 758 3096 61611166
775 3033 845 3096 eius
864 3031 987 3112 furnos
1006 3035 1161 3111 appeunt.
1206 3030 1260 3094 En
1276 3030 1409 3112 prophe-
1461 3029 1563 3092 bolum
1589 3029 1738 3111 eriperent
1766 3030 1988 3095 6611666666
2012 3030 2126 3112 fipura.
2170 3031 2443 3114 Propitiatorium

428 3121 470 3184 tis
491 3118 624 3200 6661116661
651 3118 877 3182 66661666166
905 3117 961 3198 qui
987 3117 1023 3179 in
1047 3117 1109 3181 hae
1132 3115 1409 3180 demonstratione
1461 3134 1597 3196 666666,
1638 3114 1726 3189 unde
1753 3118 1971 3197 praesentiam
2002 3117 2134 3181 virtutis
2166 3138 2244 3183 6666
2275 3120 2336 3183 661
2366 3118 2442 3204 lege

427 3206 589 3290 plurimus
611 3210 669 3282 661,
693 3211 732 3266 61
754 3203 868 3268 doceat
885 3202 1038 3267 indecora
1060 3201 1258 3266 etabsurde
1278 3203 1408 3267 fictione
1462 3201 1606 3264 exsemit
1628 3200 1735 3278 Dens,
1758 3202 1804 3265 sic
1826 3204 2038 3285 compositum
2061 3211 2132 3266 erat
2152 3211 2189 3266 ut
2209 3204 2362 3270 innueret
2383 3227 2443 3289 op-

427 3291 550 3357 foedari
579 3291 644 3355 Dei
676 3291 894 3366 maiestatem,
927 3287 1007 3351 dum
1034 3288 1244 3370 incorporeus
1271 3289 1410 3351 materia
1462 3286 1581 3349 timum
1607 3285 1789 3351 divinitatis
1816 3299 1982 3369 aspectum
2008 3288 2096 3352 huno
2124 3310 2209 3366 esse,
2237 3289 2316 3356 dum
2338 3293 2445 3357 animi

405 3398 589 3461 corporea,
613 3375 787 3442 invisibilis
805 3374 925 3439 visibili
943 3373 1128 3451 simulacro,
1152 3375 1285 3456 spiritus
1303 3395 1338 3437 re
1356 3375 1409 3436 16-
1462 3392 1563 3455 supra
1601 3391 1636 3436 66
1675 3368 1891 3438 admiratione
1923 3375 2106 3439 effemntur
2149 3374 2269 3460 (Exod.
2300 3381 2357 3458 25,
2393 3383 2442 3444 17.

311 3467 317 3475 ’
427 3465 587 3540 animata,
616 3464 796 3526 immensus
824 3459 935 3544 exigui
962 3459 1059 3542 ligni,
1089 3459 1221 3542 lapidis,
1255 3459 1309 3523 vel
1337 3459 1409 3523 auri
1465 3463 1512 3521 18.
1542 3459 1607 3543 tl).
1658 3456 1850 3523 'Cherubim
1888 3459 2048 3543 siquidem
2088 3460 2149 3526 alis
2181 3464 2322 3527 extentis
2357 3464 2443 3529 illud

426 3550 531 3613 frusto
555 3547 756 3613 assimilatur
783 3547 932 3697 Slffl'w'
954 3549 993 3608 18
1019 3553 1052 3609 61
1076 3549 1127 3623 41,
1148 3550 1175 3608 7.
1197 3549 1236 3607 29
1261 3552 1294 3608 61
1318 3549 1369 3623 45,
1389 3549 1407 3606 9
1461 3544 1665 3626 operiebant,
1693 3543 1805 3608 velum
1834 3545 2017 3630 obtegebat,
2044 3546 2135 3612 loeus
2162 3548 2232 3628 ipse
2255 3550 2366 3630 proaul
2389 3571 2444 3615 re·

427 3643 460 3699 61
483 3640 540 3712 te,
567 3640 610 3697 5.
654 3634 859 3698 inermem
886 3652 1014 3715 666666
1041 3629 1410 3695 modumratiooinatur
1461 3629 1611 3694 conditus
1640 3630 1719 3694 satis
1746 3651 1806 3712 per
1833 3651 1868 3694 66
1896 3632 2071 3697 oeeulebat.
2121 3632 2265 3697 Proinde
2293 3637 2443 3701 insanire

427 3720 552 3786 Paulus
575 3633 664 3803 edat.
687 3723 735 3795 17,
756 3718 833 3803 29);“
857 3739 962 3802 genus
990 3738 1091 3799 quum
1120 3717 1222 3781 simus
1244 3717 1317 3794 Dei,
1340 3737 1409 3780 666
1461 3736 1517 3781 666
1551 3714 1686 3779 minime
1717 3716 1891 3781 obscurum
1923 3726 1987 3796 est,
2021 3719 2077 3800 qui
2110 3719 2288 3785 simulacra
2313 3722 2377 3787 Dei
2408 3730 2444 3787 et

427 3804 682 3870 existimandum
713 3825 791 3868 auro
830 3812 865 3869 61
899 3810 1058 3889 argento,¹
1097 3810 1155 3866 aut
1197 3802 1297 3885 lapidi
1337 3809 1408 3866 arte
1461 3807 1650 3885 sanctarum
1688 3801 1838 3884 exemplo
1875 3803 2007 3867 illorum
2047 3804 2227 3869 Cherubim
2266 3806 2443 3874 defendere

428 3890 570 3972 seulpto,
599 3900 656 3954 ant
683 3889 817 3955 invento
844 3889 986 3954 hominis
1014 3887 1162 3954 divinum
1192 3911 1263 3953 esse
1291 3887 1405 3952 simile.
1461 3894 1630 3952 conantur.
1669 3885 1759 3966 Quid
1781 3889 1879 3966 enim,
1902 3890 2028 3968 obsecro,
2051 3891 2190 3955 edebant
2210 3893 2443 3976 imagunculae

427 3975 524 4042 Unde
547 3981 688 4052 constat,
717 3974 873 4059 quidquid
895 3973 1079 4064 statuarum
1101 3976 1239 4059 erigitur
1261 3974 1408 4039 6611666-
1460 3973 1551 4050 illae,
1585 3973 1647 4037 nisi
1674 3973 1837 4056 imagines
1867 3975 2153 4058 repraesentandis
2180 3978 2245 4042 Dei
2275 3983 2444 4065 mysteriis

425 4064 536 4146 pinnen
559 4063 707 4144 piupitnr
729 4060 771 4126 ad
792 4063 901 4127 Deum
922 4060 1141 4144 figurandum,
1165 4060 1356 4144 simpliciter
1377 4061 1408 4124 ei
1461 4080 1527 4122 non
1555 4079 1626 4122 6666
1651 4057 1806 4123 idoneas?
1840 4061 1970 4143 quando
1997 4063 2032 4125 in
2060 4062 2122 4127 hoc
2149 4064 2307 4129 formatae
2336 4075 2442 4147 erant,

427 4147 597 4231 displicere
637 4169 696 4213 666
734 4148 894 4231 quaedam
927 4147 1105 4211 maiestatis
1142 4167 1219 4212 6666
1251 4147 1407 4212 (16166666.
1460 4152 1499 4209 61
1526 4145 1586 4209 6116
1613 4145 1761 4210 velantes
1788 4147 2050 4229 propitiatorium
2070 4169 2131 4212 non
2152 4149 2254 4215 666166
2274 4152 2363 4216 modo
2385 4153 2444 4218 bu

424 4233 471 4299 Et
492 4234 570 4317 quid
593 4235 714 4297 mirum
736 4235 763 4298 61
785 4234 868 4298 haee
885 4253 903 4296 e
922 4231 1010 4301 66616
1029 4233 1162 4314 spiritus
1180 4241 1310 4298 sanctus
1333 4253 1407 4296 ora·
1460 4252 1582 4309 manos,
1616 4233 1671 4296 sed
1697 4252 1802 4296 666666
1828 4253 1938 4298 sensns
1955 4233 2153 4316 prohiberent
2179 4256 2200 4298 a
2224 4235 2286 4300 Dei
2313 4239 2443 4318 1616116,

425 4319 501 4386 6616
523 4320 679 4400 (1616666,
697 4341 799 4402 quum
828 4319 869 4384 ad
897 4317 999 4381 talem
1021 4317 1256 4384 confessionem
1278 4339 1296 4382 6
1318 4325 1408 4382 terra
1460 4319 1626 4399 61666116
1646 4318 1847 4383 unauaun
1875 4321 2067 4402 corriperent
2111 4320 2187 4385 Η66
2207 4322 2332 4387 accedit
2354 4325 2444 4406 quod

425 4405 587 4472 edendam
606 4407 742 4470 miseros
761 4426 886 4487 666666
905 4411 939 4469 61
956 4423 1067 4468 caecos
1081 4402 1271 4469 idololatras
1289 4402 1405 4487 cogat?
1459 4403 1637 4486 prophetae
1655 4403 1732 4488 (166.
1753 4408 1781 4480 6,
1802 4403 1837 4487 2)
1860 4402 2036 4487 Seraphim
2049 4406 2110 4471 sibi
2132 4407 2168 4470 in
2186 4408 2312 4473 visione
2329 4419 2444 4475 osten·

424 4491 512 4556 Nota
539 4491 668 4556 6611116
690 4490 835 4557 Senecae
863 4489 1082 4573 querimonia,
1114 4511 1198 4571 quae
1228 4489 1313 4573 apud
1335 4491 1407 4553 Au·
1460 4510 1512 4554 sos
1534 4489 1643 4554 relata
1663 4490 1746 4553 faeie
1767 4492 1860 4555 nobis
1885 4492 2041 4574 pingunt;
2070 4514 2134 4574 quo
2156 4493 2345 4576 significant
2364 4503 2442 4560 166·

425 4576 631 4660 6661166161)
654 4577 792 4660 legitur:
820 4597 941 4652 saeros,
966 4576 1086 4657 inquit,
1110 4575 1326 4651 immortales,
1355 4575 1406 4637 in·
1459 4583 1532 4639 tum
1554 4596 1624 4639 6666
1647 4575 1777 4640 divinae
1795 4577 1917 4658 gloriae
1939 4577 2099 4661 fulgorem
2122 4586 2160 4642 61
2181 4579 2289 4664 angeli
2311 4600 2442 4664 quoque

423 4660 656 4742 violabileaque
678 4663 755 4728 deos
784 4664 819 4725 in
841 4662 981 4727 materia
1003 4661 1162 4726 vilissima
1190 4669 1285 4744 61666
1311 4661 1406 4744 igno·
1459 4662 1522 4745 ipsi
1549 4682 1569 4724 a
1595 4667 1682 4726 recto
1703 4661 1826 4724 iutuitu
1854 4668 2033 4741 arceantur,
2062 4671 2096 4728 et
2121 4673 2235 4729 tenues
2260 4666 2329 4730 6166
2351 4668 2442 4732 sein-

295 4788 296 4793 κ
424 4746 482 4811 bili
506 4746 671 4824 dedicant,
700 4748 827 4830 illisque
855 4748 1027 4812 hominum
1053 4756 1086 4810 61
1106 4747 1251 4812 ferarum
1273 4747 1406 4810 habitus
1459 4747 1559 4824 tiliae,
1582 4748 1717 4828 quaein
1735 4748 1862 4831 angelis
1882 4750 2031 4827 emicant,
2055 4751 2095 4814 ab
2114 4751 2353 4818 neuhsnostris
2372 4754 2442 4819 6161

424 4831 581 4909 induunt;
609 4833 739 4912 puidam
766 4854 837 4899 vero
864 4836 962 4898 661616
988 4853 1082 4910 seen,
1120 4838 1149 4896 et
1175 4834 1309 4897 diuersis
1341 4851 1406 4896 cor-
1459 4832 1645 4897 subductae.
1691 4832 1889 4916 Quanquam
1911 4834 2100 4914 Cherubim,
2129 4837 2169 4901 de
2198 4839 2315 4920 quibus
2349 4861 2440 4906 nunc

418 4917 571 5004 poribres;
604 4937 641 4981 oe
671 4921 804 4984 nurnine
825 4925 933 4986 ooeant
960 4939 1053 5000 puae,
1082 4920 1112 4982 si
1142 4923 1260 4999 accepto
1288 4918 1405 4998 spiritu
1459 4919 1581 5002 agitur,
1616 4918 1658 4981 ad
1691 4927 1836 4983 veterem
1868 4921 1945 5002 lepis
1972 4921 2214 5006 paedagogium
2242 4925 2439 5006 pertinuisse

424 5007 624 5080 ocenurerent,
646 5010 785 5070 munstre
807 5006 1000 5072 totunm.
1051 5003 1138 5068 Unde
1159 5024 1275 5068 rursus
1289 5005 1405 5082 palam
1458 5012 1640 5088 agnoscunt
1669 5005 1854 5087 qrriounque
1882 5014 1970 5070 reete
1997 5008 2151 5073 iudicant.
2195 5009 2248 5072 Ita
2268 5010 2305 5074 16
2327 5032 2438 5075 exem·

424 5093 570 5168 apparet,
592 5088 706 5169 friuolo
727 5092 840 5156 cavillo
863 5092 944 5157 elabi
967 5090 1144 5173 inopinum
1159 5095 1326 5169 patronos,
1349 5090 1405 5169 661
1456 5089 1548 5178 plum
1570 5110 1624 5154 eos
1646 5090 1779 5154 trahem
1801 5091 1888 5172 quod
1905 5101 2034 5157 nostrae
2052 5096 2151 5160 aetati
2169 5097 2299 5172 serviat,
2323 5097 2438 5161 absur-

424 5174 587 5239 obtendunt
616 5173 748 5239 Iudaeis
773 5177 872 5256 fuisse
893 5177 1004 5240 uetitas
1030 5176 1112 5257 quod
1141 5176 1184 5239 ael
1211 5176 1405 5256 superstitio-
1458 5176 1537 5240 dum
1558 5188 1615 5240 est.
1651 5175 1827 5240 Praeteriit
1848 5178 1935 5241 enim
1957 5181 2125 5244 saeculnm
2145 5180 2227 5245 illud
2244 5183 2378 5263 puerile,
2401 5189 2439 5247 61

423 5280 494 5325 nem
520 5259 676 5342 proclives
709 5266 813 5324 essent.
861 5262 961 5342 06661
987 5281 1058 5324 cero
1090 5261 1131 5324 ad
1160 5265 1278 5344 pentem
1305 5282 1405 5325 unam
1456 5263 1505 5327 ita
1523 5262 1653 5344 loquar,
1681 5262 1733 5326 oui
1761 5263 1918 5328 eiusmodi
1940 5264 2127 5331 rudimenta
2149 5266 2311 5332 deshnata
2332 5277 2435 5333 erant.

418 5347 576 5427 pertineat
603 5345 684 5428 quod
706 5344 797 5410 Dens
824 5367 863 5411 ee
885 5351 1012 5411 6616666
1037 5366 1099 5410 sna
1120 5347 1255 5411 essentia
1282 5352 1310 5412 et
1336 5366 1405 5411 666-
1457 5347 1598 5412 Aesone
1614 5348 1801 5429 pudendum
1818 5355 1869 5427 est,
1886 5352 2042 5431 profanos
2063 5353 2228 5433 scriptores
2244 5355 2348 5436 mapis
2364 5355 2437 5420 deu

1456 5440 1521 5498 tros
1541 5453 1607 5498 esse
1627 5436 1707 5517 lepis
1724 5434 1787 5497 Dei
1808 5435 1989 5517 interpretes
2003 5457 2099 5518 qnam
2114 5440 2272 5519 popinas.
2304 5438 2438 5506 1616616

808 5599 809 5602 ¹
1450 5540 1512 5601 per
1532 5519 1705 5583 ludibrium
1726 5521 1890 5601 exprobrat
1914 5521 2088 5601 1666666116,
2117 5525 2199 5603 quod
2214 5545 2320 5605 puras
2341 5527 2439 5591 nubes

521 5745 528 5758 .
599 5747 605 5772 ,
640 5747 646 5760 .
701 5747 706 5760 .
790 5758 791 5763 ,
1843 5742 1851 5771 r

428 5520 631 5529 -——-—
