5600 6809
428 735 492 798 919
767 794 770 799 ,
1077 723 1343 793 ΙΝΒΤΙΤΠΤΙΟ
1366 724 1472 791 Rau.
1494 722 1676 791 CHRIST.
1701 728 1793 790 1559.
2370 727 2442 789 920

429 917 573 986 Additae
600 915 778 999 sacrilegae
806 915 976 998 opiniones
1003 915 1086 979 aliae
1108 935 1206 997 super
1228 914 1326 992 alias,
1349 913 1407 978 do·
1459 920 1598 992 caverat,
1617 934 1655 978 ac
1672 913 1898 978 comunione
1916 912 1958 978 ad
1975 921 2103 998 tempus
2119 916 2312 997 privaretur.
2345 911 2439 994 Quia

430 1026 492 1070 neo
524 1005 559 1066 in
590 1000 789 1084 profundum
822 1002 970 1065 omnium
1002 1020 1151 1065 errorum
1179 1006 1315 1065 ventum
1347 1006 1405 1064 est.
1459 1005 1569 1063 autem
1597 1007 1669 1063 erat
1688 998 1745 1062 illo
1771 1006 1947 1081 perpetuus
1968 1000 2060 1079 ordo,
2084 1000 2245 1084 synodum
2267 997 2438 1063 dimittere

430 1091 481 1155 Ac
498 1111 540 1153 ne
559 1086 638 1169 quid
655 1088 828 1170 pravitatis
849 1088 1062 1164 omitteretur,
1082 1085 1284 1168 ineptissimo
1307 1086 1406 1150 absti-
1458 1105 1628 1166 nunquam
1650 1083 1805 1162 solebant,
1828 1085 1906 1165 quin
1926 1085 2035 1151 locum
2056 1106 2094 1150 ac
2111 1094 2240 1169 tempus
2262 1085 2437 1168 proximae

429 1175 561 1240 nentiae
583 1179 758 1257 praetextu
780 1193 855 1236 eum
871 1172 945 1236 Dee
967 1171 1081 1236 ludere
1099 1178 1283 1254 coeperunt.
1318 1171 1407 1235 Nam
1458 1169 1647 1235 indicerent
1691 1169 1779 1233 Nam
1800 1171 1983 1235 universale
2001 1192 2117 1257 cogere
2137 1171 2308 1237 concilium
2328 1171 2438 1235 solius

429 1259 742 1341 inexquisitissimis
753 1257 934 1340 quibusque
951 1257 1075 1322 deliciis
1092 1257 1163 1321 laus
1181 1257 1293 1321 ieiunii
1307 1277 1406 1338 quae-
1458 1263 1529 1319 erat
1561 1255 1786 1337 imperatoris,
1804 1256 2092 1338 quemadmodum
2124 1265 2286 1322 testantur
2316 1277 2437 1321 omnes

430 1346 532 1409 ritur:
571 1345 684 1409 nullae
717 1354 796 1409 tunc
828 1343 977 1408 lautitiae
1009 1343 1195 1420 sufficiunt,
1234 1362 1407 1424 nunquam
1457 1347 1605 1406 vetustae
1631 1340 1834 1405 indictiones.
1880 1340 2047 1421 Quamdiu
2072 1344 2204 1427 vigebat
2231 1343 2310 1408 haec
2336 1363 2436 1406 seve-

429 1431 537 1495 maier
558 1430 704 1494 ciborum
730 1430 784 1495 vel
805 1430 905 1510 eopia,
927 1429 981 1494 vel
1002 1429 1153 1506 varietas,
1176 1427 1230 1492 vel
1252 1427 1405 1492 suavitas.
1458 1427 1547 1505 ritas,
1570 1448 1636 1491 non
1653 1427 1728 1509 plus
1745 1426 1844 1492 verbo
1857 1428 2032 1511 exigebant
2048 1428 2157 1494 elerici
2174 1450 2195 1492 a
2210 1427 2312 1510 plebe,
2329 1448 2437 1511 quam

430 1516 473 1580 In
502 1515 562 1580 tali
590 1535 628 1579 ao
656 1522 725 1578 tam
752 1512 921 1596 splendido
948 1520 1108 1597 apparatu
1135 1520 1253 1596 putant
1280 1535 1314 1577 se
1342 1513 1406 1577 rite
1458 1512 1607 1593 exemplo
1628 1518 1662 1576 et
1679 1533 1777 1594 opere
1798 1519 2011 1595 praestarent.
2056 1512 2145 1595 Quin
2173 1514 2276 1579 multo
2296 1512 2436 1597 rigidio-

430 1602 555 1668 servire
577 1600 658 1665 Deo.
703 1601 808 1665 Taceo
836 1597 922 1680 quod
949 1619 1118 1682 nunquam
1132 1599 1271 1663 >foedius
1299 1620 1334 1663 se
1353 1599 1406 1663 in·
1458 1619 1510 1696 res
1543 1604 1638 1662 erant
1670 1598 1706 1661 in
1737 1619 1772 1662 se
1800 1599 1887 1696 ipsos
1913 1620 2012 1681 quam
2038 1600 2074 1662 in
2100 1599 2228 1683 vulgus.
2276 1600 2323 1664 Et
2351 1621 2436 1664 sane

428 1693 672 1837 neraei
685 1684 1405 1848 chainansanctina:
1457 1682 1629 1849 ιιι-ιι
1648 1682 1911 1852 attitiae?
1927 1684 2144 1853 alra
2161 1685 2436 1860 atteri

432 1864 466 1922 et
492 1858 557 1922 ilfis
584 1857 729 1939 exceptis
758 1857 892 1920 affluere
921 1857 1011 1920 omni
1040 1877 1159 1939 genere
1192 1854 1404 1920 lautitiarum.
1458 1861 1591 1919 arceant
1618 1875 1788 1932 censuras,
1820 1855 1992 1938 minusque
2019 1855 2117 1939 longe
2145 1856 2206 1922 sibi
2232 1877 2332 1939 quam
2360 1856 2437 1921 aliis

431 1944 579 2006 Rursum
600 1940 682 2006 haee
699 1942 817 2006 ultima
838 1949 888 2005 est
910 1942 1069 2024 impietas,
1093 1948 1126 2005 et
1146 1942 1204 2006 vix
1226 1949 1331 2006 morte
1349 1963 1406 2005 ox·
1458 1939 1659 2022 indulgeant.
1704 1939 1798 2004 Istud
1829 1947 1934 2004 totum
1956 1948 1994 2004 ιιι
2020 1940 2214 2006 obsoleverit
2240 1942 2324 2006 nihil
2351 1963 2438 2024 opus

430 2027 569 2112 piabilis,
592 2028 620 2091 si
639 2028 713 2109 quis
730 2028 904 2091 minimum
925 2027 1023 2091 laridi
1045 2033 1103 2091 aut
1124 2025 1276 2091 rancidae
1298 2028 1406 2093 carnis
1460 2033 1510 2090 est
1527 2025 1657 2103 referre,
1680 2045 1780 2107 quum
1798 2025 1881 2089 nihil
1904 2025 1999 2090 hodie
2020 2027 2103 2110 fingi
2119 2035 2217 2110 queat
2237 2027 2297 2092 hoc
2319 2027 2438 2092 ordine

431 2135 506 2179 cum
524 2134 607 2196 pane
630 2112 750 2178 cibario
769 2114 958 2195 gustaverit.
995 2113 1118 2177 Narrat
1133 2112 1367 2197 Hieronymus,
1381 2112 1406 2197 ¹)
1459 2112 1565 2194 magis
1593 2111 1736 2175 effraene
1764 2132 1802 2176 ac
1827 2110 2036 2190 dissolutum;
2065 2134 2103 2177 ao
2124 2134 2162 2176 ec
2183 2114 2335 2178 licentiae
2357 2136 2438 2197 pro-

429 2199 497 2264 iam
516 2220 574 2263 suo
592 2198 720 2263 saeculo
742 2197 900 2280 quosdam
917 2198 1081 2263 exstitisse
1102 2198 1158 2280 qui
1176 2197 1298 2262 talibus
1315 2199 1407 2281 inep-
1459 2197 1549 2279 rupit
1577 2204 1614 2260 ιιι
1640 2203 1729 2261 totus
1754 2196 1841 2262 orbis
1868 2198 2070 2262 vociferetur.
2086 2197 2111 2281 ¹)
2157 2198 2207 2263 Ne
2234 2200 2321 2278 apud
2347 2200 2439 2279 ipsos

430 2284 486 2349 tiis
518 2304 594 2350 cum
620 2285 693 2348 Deo
720 2282 886 2347 luderent:
920 2285 991 2366 qui,
1019 2305 1061 2347 ne
1088 2283 1158 2348 oleo
1187 2291 1407 2361 vescerentur,
1460 2283 1603 2346 videatur
1624 2302 1760 2364 porario
1784 2283 1906 2362 sepnba
1934 2303 2006 2349 esse·
2025 2286 2126 2348 ornnis
2152 2286 2339 2364 antiquitas,
2368 2306 2438 2348 ani-

431 2371 519 2435 cibos
553 2367 799 2433 delicatissimos
826 2367 967 2451 undique
995 2368 1115 2434 advehi
1142 2368 1205 2433 sibi
1233 2370 1407 2446 curabant;
1460 2367 1541 2447 bria,
1569 2367 1684 2449 fateor,
1713 2368 1899 2447 quibusdam
1926 2369 2082 2450 decapitant
2108 2370 2299 2451 simpliciani
2320 2371 2435 2449 oeulos

430 2456 497 2520 imo
524 2461 560 2518 ut
589 2461 726 2518 naturae
747 2454 815 2518 vim
836 2454 1010 2531 inferrent,
1039 2454 1083 2547 ab
1106 2474 1209 2536 aquae
1231 2462 1311 2537 potu
1334 2453 1408 2519 abs·
1459 2454 1514 2518 sed
1539 2474 1619 2534 qaae
1646 2453 1689 2517 ad
1717 2458 1848 2517 vanata
1876 2474 1977 2518 mores
2003 2455 2103 2519 nihilo
2124 2456 2262 2537 propria
2287 2457 2437 2521 accedant

430 2541 600 2616 tinebant,
641 2538 697 2603 sed
742 2560 859 2604 suaves
895 2540 1116 2622 pretiosasque
1154 2540 1408 2606 sorbitiunculas
1459 2558 1553 2619 quarn
1573 2539 1686 2602 simiae
1706 2538 1874 2603 aemam
1895 2539 1938 2603 ad
1958 2541 1994 2604 id
2014 2542 2096 2622 qaod
2116 2541 2235 2605 ratione
2256 2547 2284 2606 et
2305 2542 2436 2607 nimia

431 2627 504 2691 fieri
533 2624 595 2689 sibi
617 2624 791 2702 curabant,
820 2646 901 2706 quas
924 2645 992 2689 non
1015 2646 1056 2689 ex
1079 2626 1179 2690 calice
1201 2624 1406 2704 hauriebant,
1457 2624 1579 2705 sanant
1594 2623 1740 2688 beminen.
1771 2623 1985 2690 Memorabilia
2002 2631 2046 2689 est
2062 2628 2149 2708 apud
2165 2625 2395 2708 Xenophontem
2403 2629 2434 2711 ²)

431 2711 490 2775 sed
511 2709 644 2775 concha.
690 2707 788 2790 Quod
810 2710 928 2776 vitium
950 2718 1028 2776 tunc
1050 2711 1084 2774 in
1106 2710 1219 2794 paucis
1241 2718 1319 2788 erat,
1348 2711 1407 2775 ho·
1459 2711 1557 2788 lena,
1586 2708 1640 2772 nbi
1660 2710 1759 2787 aare,
1785 2730 1882 2790 qnam
1909 2711 2042 2791 turpiter
2061 2713 2292 2795 depenerament
2314 2712 2436 2778 Persae

432 2795 484 2860 die
506 2795 642 2877 vulgare
664 2802 714 2859 est
734 2796 822 2860 inter
844 2816 958 2861 omnes
980 2795 1112 2860 divites:
1136 2803 1173 2861 ut
1194 2796 1318 2862 scilieet
1339 2818 1407 2861 non
1459 2818 1480 2859 a
1501 2796 1659 2859 maiorum
1679 2795 1841 2875 instituta,
1863 2801 1890 2860 et
1909 2796 1948 2860 ab
1970 2802 2094 2861 sucuro
2114 2799 2240 2862 ciendi
2258 2819 2366 2881 periere
2390 2800 2435 2864 ad

432 2881 494 2945 alio
516 2882 582 2945 fine
599 2881 746 2944 ieiunent
763 2881 827 2944 nisi
844 2889 882 2945 ut
902 2882 1026 2946 lautius
1047 2881 1248 2962 nitidiusque
1271 2882 1406 2965 epulen-
1457 2880 1818 2946 antemeridiana
1833 2882 1979 2963 prolapsi
2000 2887 2106 2961 asoa,
2126 2888 2163 2947 at
2182 2888 2282 2948 warni
2302 2884 2435 2948 araas

428 2972 490 3030 tur.
537 2963 604 3029 Sed
633 2965 709 3029 nolo
731 2966 875 3030 multum
896 2966 1071 3032 verborum
1093 2966 1289 3050 profundere
1311 2969 1346 3031 in
1369 2989 1406 3032 re
1457 2967 1511 3032 boc
1527 2970 1664 3048 teperent,
1676 2967 1801 3047 priscos
1821 2968 1903 3032 ritas
1921 2968 2028 3032 sedate
2044 2989 2204 3052 εειιιαειιιι
2226 2969 2311 3033 Narn
2332 2989 2433 3048 quarn

427 3071 494 3114 non
514 3048 593 3114 adeo
617 3048 723 3115 dubia.
760 3050 833 3117 Hoc
852 3058 981 3116 tantum
1003 3052 1085 3130 dieo,
1109 3074 1185 3118 eum
1206 3053 1242 3116 in
1264 3054 1405 3130 ieiuniis,
1460 3050 1536 3134 Gyri
1556 3057 1689 3133 tenpore
1712 3072 1842 3133 rotasque
1862 3054 1976 3135 ciperet
1997 3053 2147 3119 sobrietas
2168 3059 2196 3119 et
2215 3055 2431 3134 temperantia,

426 3141 497 3200 tum
518 3135 555 3198 in
578 3137 730 3200 omnibus
749 3137 820 3202 aliis
839 3136 1029 3220 disciplinae
1051 3139 1200 3222 partibus
1219 3137 1300 3203 adeo
1322 3138 1407 3203 nihil
1457 3143 1493 3202 nt
1512 3139 1637 3220 emnnpi
1654 3157 1732 3218 opas
1749 3159 1810 3201 non
1829 3143 1914 3217 essa,
1936 3144 2027 3220 atque
2047 3140 2142 3204 etiam
2158 3139 2269 3220 probri
2289 3140 2350 3204 loco
2372 3140 2433 3203 dir-

426 3222 515 3298 recti,
538 3220 623 3285 nihil
646 3222 781 3301 sinceri,
804 3222 889 3287 nihil
910 3224 993 3288 bene
1015 3223 1187 3306 compositi
1209 3245 1247 3288 ac
1264 3224 1406 3289 ordinati
1457 3223 1699 3306 cerarn„apnd
1714 3227 1855 3304 posteros
1876 3224 2004 3288 duravit
2025 3226 2135 3308 relipio
2156 3247 2194 3290 ne
2216 3226 2287 3306 qais
2308 3245 2435 3290 maioma

425 3306 547 3371 habere
579 3309 739 3390 papistas,
768 3316 806 3372 ut
833 3308 1043 3391 superbiendi
1072 3310 1275 3375 occasionem
1303 3310 1406 3375 ullam
1458 3307 1796 3388 cantabriae,
1819 3309 2075 3375 sorbereveroet
2103 3313 2189 3375 intas
2210 3311 2293 3376 aiere
2313 3311 2356 3374 ad
2370 3332 2435 3392 pre

425 3392 585 3471 habeant,
614 3395 708 3476 quasi
730 3392 852 3475 aliquid
873 3393 1038 3478 reliquum
1060 3396 1104 3460 sit
1125 3394 1212 3478 apud
1234 3417 1288 3462 eos
1309 3395 1407 3462 laude
1457 3395 1724 3474 tredinemnsqae
1743 3394 1873 3476 foetidos
1894 3395 2037 3461 bamma
2057 3417 2191 3477 quesere
2211 3397 2435 3480 irrqlraiecon-

427 3477 572 3562 dignum.
1421 3533 1423 3536 ,
1458 3485 1630 3558 traxerant,
1645 3482 1847 3559 permissam.
1892 3480 1946 3545 lto
1972 3502 2010 3545 ee
2030 3488 2128 3548 cetere
2142 3487 2305 3565 praecepto
2325 3502 2435 3546 urceos

512 3567 562 3627 22.
609 3562 766 3647 Sequitur
794 3565 898 3630 altera
924 3585 1000 3648 pars
1028 3565 1235 3649 disciplinae,
1258 3588 1341 3649 quae
1364 3565 1406 3631 ad
1459 3565 1583 3647 adferre
1616 3566 1658 3630 ad
1690 3585 1830 3630 rmrasam
1862 3566 1969 3649 nesea·
2000 3588 2120 3632 meram
2152 3570 2366 3651 inparpitare,
2400 3573 2435 3630 nt

425 3648 550 3714 elerum
578 3650 788 3732 peculiariter
814 3651 963 3733 pertinet
1013 3651 1065 3716 Ea
1094 3651 1274 3717 canonibus
1302 3653 1406 3719 eonti-
1457 3651 1559 3716 ebrios
1574 3651 1700 3732 cafari
1716 3671 1834 3717 necesse
1848 3650 1944 3733 foret,
1957 3653 2120 3719 tolerabile.
2161 3653 2261 3718 Semel
2281 3654 2435 3718 amedera

424 3741 523 3798 netrrr
550 3756 631 3815 quos
660 3737 723 3801 sibi
751 3745 878 3802 veteres
908 3737 1049 3820 episcopi
1068 3758 1194 3820 suoque
1215 3737 1322 3802 ordini
1343 3739 1405 3802 im-
1452 3737 1698 3818 praescriptam:
1724 3737 1779 3801 boc
1804 3758 1866 3802 non
1893 3737 2117 3822 αόνοραυεναιιι
2136 3738 2213 3803 boni
2243 3740 2297 3803 isti
2314 3759 2433 3804 moces·

425 3827 613 3901 posuerunt.
650 3819 775 3901 Quales
797 3830 886 3887 sunt:
911 3845 953 3887 ne
975 3824 1047 3906 quis
1069 3824 1205 3888 clericus
1227 3823 1404 3902 venationi,
1458 3842 1550 3901 sores
1573 3823 1627 3887 sed
1647 3828 1682 3887 at
1703 3844 1724 3887 a
1745 3823 1875 3888 meridie
1895 3845 1993 3904 acque
2009 3826 2052 3890 ad
2072 3825 2209 3889 mediam
2230 3829 2344 3893 rwetem
2364 3845 2435 3889 con·

425 3924 468 3968 ne
495 3905 567 3985 quis
591 3906 695 3985 aleae,
724 3930 765 3973 ne
787 3908 860 3991 quis
882 3909 1173 3974 comessationibus
1195 3917 1341 3989 vacaret;
1363 3931 1405 3974 ne
1457 3909 1615 3973 tinaarent
1640 3929 1719 3974 aras
1739 3909 1895 3989 crapulas.
1932 3909 2084 3989 &aficere
2104 3912 2257 3976 dianium
2279 3912 2338 3974 iter
2354 3911 2435 3975 ieta·

425 3989 498 4072 quis
516 3999 683 4055 exerceret
704 3993 818 4059 foenus
841 4002 899 4058 aut
920 4001 1140 4059 mercaturam
1147 4018 1155 4074 ;
1182 4015 1224 4059 ne
1246 3996 1319 4077 quis
1340 3996 1405 4061 las-
1457 4014 1528 4073 nos,
1557 3994 1635 4075 qnia
1661 3995 1712 4059 len
1739 3994 1873 4073 iubebat,
1895 3998 2041 4076 perpetra
2063 3997 2149 4078 opaci
2166 4016 2216 4060 ecs
2237 3997 2334 4060 moris
2354 3997 2435 4077 faa:

427 4076 508 4141 civis
531 4076 755 4144 saltationibus
776 4080 963 4158 interesset,
987 4081 1106 4163 aliique
1115 4080 1144 4163 ²)
1167 4081 1237 4145 eius
1264 4081 1404 4164 generis.
1452 4081 1512 4144 sert
1538 4079 1740 4145 tasntadinis
1765 4081 1911 4146 annae
1940 4101 2036 4145 cansa
2068 4083 2128 4146 iter
2154 4083 2198 4146 ad
2228 4083 2311 4147 daos
2337 4081 2435 4146 boras

425 4159 675 4227 Adiiciebantur
693 4172 726 4229 et
747 4185 878 4246 poenae,
900 4166 1016 4248 quibus
1036 4167 1108 4249 ipsa
1128 4187 1291 4232 canonum
1313 4173 1406 4232 aute-
1457 4165 1645 4246 mutere,
1673 4166 1805 4231 tibermn
1831 4171 1860 4230 et
1884 4168 2038 4232 astanm
2064 4189 2103 4231 ec
2124 4167 2340 4232 emanata
2359 4168 2434 4248 fat.

426 4246 509 4312 ritas
532 4248 753 4329 sanciebatur,
782 4272 824 4315 ne
851 4252 923 4333 quis
945 4272 1000 4316 eos
1021 4252 1155 4334 impune
1177 4252 1323 4316 violaret.
1364 4253 1406 4317 In
1461 4251 1586 4332 Quoties
1612 4252 1772 4335 depeneres
1798 4272 1875 4316 aias
1901 4252 2028 4336 reputas
2055 4254 2212 4318 obtendant
2227 4254 2376 4333 papistae
2399 4258 2436 4316 at

426 4331 516 4397 hunc
544 4334 645 4397 finem
673 4337 847 4418 unicuique
869 4338 1019 4420 episcopo
1041 4337 1305 4402 committebatur
1327 4337 1406 4404 cleri
1457 4357 1490 4402 se
1515 4338 1675 4402 omniunt
1701 4337 1814 4419 affines
1841 4358 1906 4404 esse
1933 4340 2050 4403 sardis
2073 4339 2234 4419 patribae,
2262 4338 2435 4402 ridmtam

427 4419 478 4483 sui
507 4417 716 4501 gubernatio,
746 4428 783 4485 ut
809 4420 988 4486 seeundum
1009 4443 1150 4508 canones
1171 4444 1247 4488 suos
1269 4423 1405 4489 elericos
1457 4424 1838 4489 eontnirnitationemboc
1855 4424 2029 4505 eaenpiarn
2046 4426 2126 4489 satis
2141 4429 2291 4506 eoarpaet,
2308 4429 2342 4487 nt
2358 4424 2432 4487 nai-

426 4513 556 4587 regeret
585 4525 622 4570 ac
650 4507 686 4569 in
714 4507 820 4572 officio
840 4508 1006 4572 retineret.
1051 4508 1093 4571 In
1121 4507 1210 4573 hunc
1232 4510 1333 4573 finem
1353 4511 1404 4573 in-
1458 4509 1508 4574 tns
1523 4509 1627 4589 pictor
1646 4511 1749 4593 napis
1770 4510 1813 4573 ad
1833 4511 1938 4573 nicam
1952 4511 2056 4591 possit
2075 4510 2256 4588 exprimere.

427 4589 560 4654 stifirtae
582 4598 677 4656 erant
699 4614 828 4659 annuae
857 4595 1076 4675 inspectiones
1098 4614 1136 4659 ae
1158 4594 1284 4678 synodi,
1306 4603 1352 4675 ut,
1375 4596 1405 4660 si
1543 4598 1592 4658 23.
1645 4594 1714 4660 Una
1736 4596 1772 4659 in
1792 4616 1826 4660 re
1841 4595 1921 4676 pins
1946 4615 2040 4676 qnam
2062 4594 2161 4676 ripidi
2181 4599 2255 4657 eant
2275 4599 2304 4658 et
2324 4595 2431 4660 inere

426 4676 499 4757 quis
532 4676 616 4741 foret
643 4679 679 4741 in
705 4679 810 4744 officio
836 4679 1068 4764 negligentior,
1100 4679 1345 4761 admoneretur;
1376 4682 1404 4746 si
1455 4679 1580 4759 rebitet,
1601 4700 1640 4745 ne
1660 4682 1839 4763 coniapinm
1854 4680 2061 4745 sacedotibns
2076 4680 2267 4760 permittant.
2306 4680 2433 4760 Quanta

426 4761 499 4842 quis
520 4771 693 4843 peccasset,
715 4785 775 4847 pro
792 4764 888 4829 modo
910 4764 1019 4832 delicti
1040 4766 1076 4829 in
1096 4786 1173 4830 cum
1195 4766 1403 4834 animadver·
1456 4766 1542 4847 apud
1568 4787 1619 4830 eos
1644 4768 1803 4831 samnii
1828 4771 1989 4849 praesetar
2017 4765 2191 4847 impunitae
2219 4766 2320 4830 dicere
2347 4765 2434 4831 nibil

426 4851 560 4909 teretur.
603 4849 672 4929 Ipsi
694 4870 822 4932 quoque
844 4850 985 4933 episcopi
1009 4851 1183 4933 quotannis
1205 4872 1280 4917 suas
1302 4853 1403 4919 habe·
1455 4853 1569 4916 atina.
1614 4851 1664 4914 Ac
1683 4851 1796 4932 foetido
1817 4871 1874 4914 siro
1895 4850 2045 4915 mndata
2063 4850 2137 4932 freti
2158 4851 2366 4916 cacabaernnt
2386 4852 2433 4915 od

425 4929 507 4994 bant
533 4933 750 5012 provinciales
778 4934 933 5019 synodos,
961 4937 1142 5021 antiquitus
1169 4937 1269 5003 etiam
1296 4938 1401 5017 binas,
1454 4939 1559 5001 ornnia
1580 4937 1715 5018 ttopitia.
1759 4935 1846 5000 Haec
1872 4940 1973 5000 tornai
1997 4936 2168 5016 probibitio
2186 4938 2279 5002 -oiare
2300 4937 2433 5000 ostnidit

427 5013 591 5111 atquibus
619 5017 848 5086 indicabantur
875 5022 902 5085 si
930 5020 1008 5104 quid
1030 5030 1160 5105 praeter
1180 5023 1322 5088 officium
1345 5023 1401 5087 ad·
1454 5043 1550 5105 qaam
1569 5021 1741 5103 pestiferae
1767 5022 1831 5087 sint
1857 5041 1961 5086 annes
1988 5023 2187 5102 traditiones;
2218 5026 2320 5102 utpote
2349 5043 2432 5102 qaae

426 5112 594 5166 miserant.
644 5103 730 5182 Nam
760 5108 788 5171 si
811 5108 884 5189 quis
911 5109 1080 5190 episcopus
1107 5107 1219 5174 durior
1246 5116 1317 5173 erat
1344 5116 1403 5172 aut
1454 5128 1515 5172 non
1535 5106 1635 5171 solam
1656 5106 1775 5171 orbant
1801 5107 1960 5173 notatam
1975 5109 2085 5190 probis
2106 5113 2135 5173 et
2155 5108 2275 5174 idaeis
2290 5108 2431 5189 pastori

426 5184 601 5286 vielentior
633 5189 669 5254 in
703 5214 798 5256 suum
824 5193 963 5270 elerum,
999 5192 1078 5259 illue
1106 5202 1177 5260 erat
1204 5192 1400 5277 provocatio,
1454 5187 1525 5271 biis,
1553 5193 1606 5258 sed
1626 5191 1814 5259 borrerrdanr
1835 5195 1955 5260 invexit
1977 5191 2126 5261 scamni
2146 5194 2321 5272 abanan,
2348 5192 2431 5257 mnt-

426 5276 555 5336 ehamsr
576 5296 663 5342 unus
685 5284 814 5341 tantum
840 5277 1105 5360 conquerebatur.
1149 5280 1402 5346 Animadversio

426 5360 633 5426 severissima
654 5370 733 5441 eret,
756 5370 795 5426 ut
815 5361 1031 5445 deponeretur
1057 5364 1098 5430 ab
1120 5367 1225 5432 officio
1248 5367 1305 5450 qui
1326 5384 1401 5449 pee-

1523 5501 1552 5564 1)
1570 5501 1635 5556 Hae
1655 5518 1741 5571 nsqrie
1761 5505 1877 5571 pertine
1900 5503 2032 5572 quietim
2053 5504 2110 5567 fnit
2131 5508 2219 5556 aare
2245 5502 2309 5570 Gap.
2339 5500 2427 5555 VIII.

1454 5570 1517 5624 Iam
1527 5572 1781 5639 poncisinteriectre
1798 5578 1957 5639 reprtnnarr
1974 5586 2044 5640 qnae
2060 5573 2091 5624 in
2108 5571 2148 5624 ed.
2166 5587 2255 5637 praee.
2270 5573 2429 5640 tepebantnr

496 5629 526 5697 1)
543 5632 588 5685 Ad
606 5633 798 5704 Nepotianum.
873 5632 904 5702 2)
923 5635 1037 5703 aliisque
1055 5636 1125 5690 mole
1144 5633 1211 5690 1561
1228 5654 1297 5709 seqq.
1456 5638 1521 5708 Gap.
1541 5638 1603 5693 111.
1622 5639 1645 5705 §.
1664 5638 1698 5692 b'l
1715 5655 1784 5709 seqq.
1854 5639 1884 5707 2)
1903 5641 1977 5693 Libr.
1995 5639 2020 5693 8.
2038 5640 2120 5693 Paed.
2139 5639 2212 5709 Gyri.
