5600 6809
437 754 500 817 963
2377 741 2450 804 964

1083 741 1351 810 marmeno
1371 743 1477 808 REIr.
1500 739 1678 808 CHRJST.
1701 745 1793 808 1559.

437 941 557 1016 tinere,
586 956 691 1018 neque
711 935 765 1000 hic
788 933 904 999 salutis
926 955 1074 1011 causam,
1099 932 1155 997 sed
1178 932 1342 996 duntaxat
1362 941 1412 994 ta·
1464 930 1549 993 riam
1575 937 1609 996 et
1634 930 1797 996 licentiam
1827 950 1869 992 ex
1891 931 2086 1013 impunitate
2114 935 2333 1012 aucupantur,
2355 927 2449 992 nihil

438 1024 518 1089 lium
547 1022 707 1086 donorum
734 1020 952 1104 cognitionem
975 1027 1009 1083 et
1030 1018 1261 1083 certitudinem
1292 1018 1328 1080 in
1350 1017 1413 1082 hoc
1465 1016 1526 1081 sibi
1548 1017 1782 1099 praeterirem
1804 1016 2014 1081 etiudicium
2035 1014 2100 1080 Dei
2121 1024 2308 1096 provocant

437 1118 641 1173 sacramento
668 1108 805 1189 percipi;
835 1107 921 1188 quod
943 1105 1051 1169 verbis
1077 1106 1157 1187 ipsis
1179 1105 1258 1169 satis
1280 1101 1413 1168 evide'n-
1551 1107 1580 1166 4.
1625 1102 1789 1185 Equidem
1816 1101 1882 1166 scio
1912 1101 2001 1166 aliud
2026 1101 2244 1166 communiter
2270 1109 2449 1182 receptum

436 1201 488 1259 ter
516 1194 709 1276 explicatur.
759 1193 845 1257 Nam
873 1190 1009 1255 verbum
1037 1191 1124 1255 vitae
1151 1199 1185 1254 et
1213 1189 1412 1271 baptismum
1465 1209 1544 1267 esse,
1567 1188 1788 1270 poenitentiae
1811 1195 1843 1252 11
1865 1187 2007 1252 clarium
2031 1187 2187 1253 beneficio
2210 1207 2270 1251 nos
2291 1187 2448 1251 obtinere

438 1300 540 1362 aquae
568 1278 668 1343 simul
695 1279 858 1344 connectit
884 1276 1022 1342 Paulus:
1058 1297 1096 1340 ao
1127 1276 1154 1340 si
1181 1276 1318 1352 diceret,
1353 1295 1413 1357 per
1464 1281 1539 1356 post
1555 1275 1755 1357 baptismum
1774 1273 2008 1351 remissionem,
2032 1294 2114 1355 quae
2136 1273 2244 1354 prima
2264 1294 2299 1336 re
2321 1294 2448 1336 enera-

437 1365 646 1448 evangelium
678 1365 772 1429 nobis
804 1371 934 1427 nostrae
963 1362 1136 1426 ablutionis
1165 1370 1198 1425 et
1229 1362 1414 1426 sanctifica·
1466 1361 1555 1424 tione
1583 1382 1643 1442 per
1670 1359 1776 1423 solum
1804 1359 2004 1440 baptismum
2026 1358 2120 1423 nobis
2142 1356 2248 1422 datur.
2293 1293 2359 1423 god
2382 1358 2448 1439 qui

436 1451 538 1514 tionis
566 1450 721 1515 nuntium
749 1450 874 1526 afferri,
908 1468 968 1529 per
1000 1447 1198 1529 baptismum
1226 1446 1414 1517 huiusmodi
1467 1447 1527 1511 1101
1546 1446 1845 1522 comminiscuntur,
1863 1446 1899 1508 in
1918 1465 1956 1507 eo
1974 1452 2087 1509 errant
2104 1443 2189 1526 quod
2206 1464 2273 1507 101
2295 1444 2449 1527 cogitant

436 1537 592 1600 nuntium
613 1535 786 1618 obsignari.
819 1536 867 1598 Et
885 1532 995 1598 subdit
1014 1533 1167 1598 continuo
1185 1535 1314 1610 Petrus,
1334 1533 1414 1614 bap·
1466 1541 1659 1616 potestatem
1689 1532 1832 1597 clavium
1861 1530 1901 1593 de
1929 1552 1994 1612 qua
2020 1530 2212 1612 loquuntur,
2236 1551 2256 1593 a
2278 1529 2447 1612 baptismo

437 1623 536 1686 tisma
563 1621 645 1684 illud
675 1642 741 1684 101
770 1641 839 1684 1111
867 1619 1101 1702 depositionem
1129 1620 1274 1683 sordium
1296 1619 1413 1696 carnis,
1467 1620 1513 1683 sic
1530 1618 1672 1701 pendere
1689 1626 1729 1680 ut
1747 1617 1837 1679 nullo
1855 1616 1951 1680 modo
1973 1616 2118 1698 separari
2140 1615 2264 1680 debeat.
2308 1615 2446 1679 Remis-

438 1707 496 1772 sed
525 1706 757 1771 conscientiam
784 1707 903 1770 boumn
926 1704 1011 1787 apud
1033 1706 1158 1782 Deum,
1183 1727 1264 1786 quae
1287 1727 1328 1768 ex
1349 1703 1414 1768 fide
1466 1706 1591 1769 sionem
1619 1704 1736 1784 accipit
1757 1711 1907 1784 peccator
1928 1702 2082 1767 ecclesiae
2103 1702 2297 1778 ministerio,
2320 1722 2447 1782 nempe

439 1801 496 1857 est.
538 1792 609 1855 Imo
631 1813 696 1854 non
720 1792 818 1855 aliam
840 1792 933 1855 nobis
955 1791 1216 1873 purificationem
1233 1791 1414 1872 baptismus

437 1879 612 1960 pollicetur
633 1898 731 1957 quam
754 1899 813 1959 per
835 1877 1054 1958 aspersionem
1078 1877 1247 1958 sanguinis
1272 1875 1412 1939 Christi:

437 1964 492 2045 qui
519 1984 578 2043 per
600 1982 733 2043 aquam,
763 1972 896 2044 propter
922 1960 1102 2025 mundandi
1131 1960 1347 2043 abluendiquc
1370 1962 1414 2024 si-

436 2046 670 2126 militudinem,
699 2049 870 2130 figuratur.
923 2045 1006 2126 Quis
1039 2068 1116 2128 ergo
1143 2069 1203 2110 nos
1236 2069 1319 2128 aqna
1351 2048 1415 2110 ista

436 2133 590 2197 mundari
619 2133 718 2209 dieat,
750 2155 833 2215 quae
854 2143 940 2197 certo
970 2139 1111 2196 testatur
1133 2132 1258 2196 Christi
1281 2134 1415 2214 sangui-

436 2240 513 2282 nem
536 2240 651 2281 verum
675 2240 745 2283 esse
767 2225 863 2301 atque
891 2219 1025 2282 unicum
1048 2226 1197 2281 nostrum
1223 2217 1413 2282 lavacrum?

435 2304 483 2368 Ut
505 2325 572 2368 101
595 2304 726 2367 aliunde
749 2305 815 2387 peti
838 2312 936 2385 queat
958 2303 1076 2368 certior
1095 2305 1178 2367 ratio
1201 2303 1242 2367 ad
1264 2304 1414 2367 refellen-

436 2387 512 2453 dam
534 2410 648 2452 corum
671 2389 966 2466 hallucinationem,
991 2390 1046 2470 qui
1069 2388 1110 2451 ad
1133 2410 1235 2470 aquae
1257 2390 1414 2452 virtutem

1466 1811 1533 1854 non
1550 1791 1620 1853 sine
1638 1789 1801 1871 evangelii
1817 1786 2065 1870 praedicatione.
2111 1785 2228 1866 Qualis
2251 1794 2361 1852 autem
2384 1786 2447 1850 illa

1467 1876 1540 1940 cst?
1594 1876 1663 1938 Nos
1696 1875 1855 1956 sanguine
1884 1874 2009 1938 Christi
2043 1872 2214 1937 emundari
2242 1895 2262 1937 a
2289 1873 2445 1955 peccatis.

1467 1962 1568 2043 Atqui
1601 1961 1724 2024 lavacri
1756 1960 1846 2026 illius
1878 1961 2008 2043 signum
2041 1979 2079 2024 ac
2106 1959 2328 2023 testimouium
2355 1958 2446 2039 quod

1468 2058 1518 2111 est
1541 2048 1605 2110 nisi
1626 2045 1829 2128 baptismus?
1874 2045 2036 2109 Videmus
2063 2045 2166 2126 igitur
2188 2052 2225 2108 ut
2247 2044 2289 2109 ad
2316 2044 2446 2127 baptis-
2486 2092 2492 2103 „

1468 2156 1557 2197 mum
1587 2132 1746 2197 absolutio
1775 2131 1831 2194 illa
1859 2132 2028 2195 referatur.
2079 2131 2125 2194 Et
2152 2130 2204 2195 hic
2233 2151 2324 2194 error
2353 2151 2445 2195 com-

1467 2220 1655 2283 mentitium
1681 2217 1900 2299 poenitentiae
1922 2225 2164 2281 sacramentum
2186 2216 2279 2280 nobis
2303 2217 2444 2297 peperit,

1467 2306 1505 2369 dc
1530 2326 1588 2384 qao
1615 2304 1739 2382 aliquid
1761 2308 1831 2366 1111
1852 2303 1957 2385 stipi,
1985 2308 2013 2365 et
2033 2303 2113 2382 qaod
2135 2303 2297 2384 residuam
2318 2307 2365 2365 cst
2385 2322 2445 2365 sao

1468 2390 1530 2455 loco
1558 2391 1721 2454 absolvam.
1768 2388 1863 2453 Nihil
1890 2394 1994 2453 111111
2021 2389 2191 2451 mirumst
2216 2388 2446 2467 hominesque?

435 2475 585 2538 referunt
608 2475 733 2552 omnia,
759 2496 857 2557 quam
880 2476 920 2539 ab
949 2476 1051 2556 ipsius
1073 2475 1227 2557 baptismi
1249 2476 1414 2557 significa-
1461 2497 1522 2557 pro
1543 2476 1663 2558 iapcnii
1682 2477 1735 2539 sai
1755 2475 1899 2539 crassitie
1918 2473 2011 2539 rebus
2031 2474 2167 2537 cateruis
2187 2474 2347 2537 immodice
2369 2478 2447 2536 sant

435 2561 538 2636 tione,
570 2581 649 2640 qaae
672 2565 736 2624 tam
758 2562 796 2624 ab
819 2561 960 2625 elemento
981 2561 1036 2624 illc
1057 2561 1191 2638 visibili,
1214 2561 1295 2640 qaod
1316 2562 1415 2626 occl's

435 2646 553 2709 nostris
585 2645 743 2722 obiicitur,
778 2645 944 2724 abstrudit,
978 2667 1073 2726 qaam
1105 2647 1143 2710 ab
1171 2646 1247 2710 aliis
1273 2648 1415 2711 manibus

435 2731 558 2809 mediis,
582 2737 617 2794 ct
639 2733 698 2795 cai
722 2730 843 2796 01111110
864 2736 977 2796 mentes
998 2737 1122 2796 nostros
1143 2733 1305 2797 devinciat.

526 2819 553 2878 3.
599 2815 712 2898 Neque
735 2838 812 2880 vero
835 2817 1089 2881 existimandum
1112 2825 1170 2894 cst,
1194 2818 1356 2900 baptisma
1378 2820 1413 2881 in

434 2901 651 2983 praeteritum
674 2900 834 2965 duntaxat
852 2910 982 2984 tempus
1001 2903 1148 2980 conferri,
1172 2910 1210 2967 ut
1226 2905 1321 2967 novis
1343 2904 1413 2986 la'p-

436 2986 543 3064 sibus,
573 2987 608 3049 11
632 3008 712 3068 quos
735 3010 754 3052 1
780 2988 978 3069 baptismate
1005 2988 1196 3068 recidimus,
1225 2990 1413 3070 quaerenda

436 3072 504 3135 sint
531 3071 595 3136 alia
622 3093 709 3137 nova
745 3074 939 3157 expiationis
973 3073 1117 3138 remedia
1143 3075 1179 3138 in
1208 3075 1280 3140 aliis
1302 3076 1412 3141 nescio

433 3157 553 3239 quibus
577 3159 800 3236 sacramentis,
823 3158 959 3242 perinde
982 3179 1019 3223 ac
1038 3160 1173 3225 siillius
1195 3162 1246 3226 111
1269 3161 1412 3226 obsoleta

435 3251 528 3306 esset.
570 3241 644 3307 Hoc
665 3243 796 3325 quidem
819 3265 929 3308 errore
952 3245 1030 3308 olim
1049 3245 1171 3309 factum
1194 3254 1302 3310 estut
1328 3269 1411 3311 non-

434 3327 518 3391 nulli
539 3329 605 3393 nisi
627 3329 663 3392 in
681 3329 798 3393 ultimo
821 3332 908 3395 vitae
927 3329 1123 3409 discrimine,
1148 3339 1245 3414 atque
1263 3332 1343 3397 adeo
1359 3335 1411 3397 in-

434 3419 486 3477 ter
507 3413 640 3478 ultimos
663 3416 798 3497 spiritus
819 3416 982 3498 baptismo
1005 3417 1129 3480 initiari
1150 3418 1284 3495 nollent,
1303 3426 1342 3481 ut
1364 3419 1412 3485 sic

434 3499 535 3563 totius
553 3501 641 3564 vitae
660 3502 846 3566 obtinerent
864 3503 1003 3566 veniam.
1045 3503 1085 3566 In
1105 3524 1203 3584 quam
1223 3512 1411 3587 praeposte-

434 3605 506 3649 ram
534 3586 720 3650 cautionem
748 3595 876 3652 veteres
912 3589 1052 3671 episcopi
1086 3590 1183 3653 toties
1215 3590 1249 3652 in
1283 3592 1412 3672 scriptis

434 3670 502 3735 suis
524 3671 738 3736 invehuntur.
785 3671 842 3737 Sic
868 3680 979 3739 autem
1006 3674 1216 3757 cogitandum
1244 3683 1302 3753 est,
1333 3697 1412 3758 quo-

434 3775 562 3836 cunque
587 3755 792 3838 baptizemur
812 3767 976 3842 tempore,
1006 3780 1066 3824 nos
1095 3760 1195 3825 semel
1218 3762 1254 3824 in
1280 3781 1412 3826 omnem

433 3840 537 3904 vitam
558 3840 647 3905 ablui
670 3849 703 3906 11
724 3845 867 3928 purgari.
913 3845 1029 3926 Itaque
1053 3847 1181 3927 quoties
1204 3846 1288 3929 lapsi
1312 3848 1411 3912 fueri-

433 3944 508 3988 mus
534 3927 712 4006 repetenda
734 3930 796 3992 erit
825 3929 980 4014 baptismi
1004 3932 1178 4008 memoria,
1208 3940 1241 3996 et
1269 3933 1330 3998 hac
1359 3955 1411 3998 ar-

432 4009 573 4075 mandus
596 4012 740 4091 animus,
763 4023 801 4078 ut
823 4014 863 4079 de
881 4024 1089 4097 peccatorum
1112 4018 1304 4082 remissione
1326 4040 1412 4083 sem·

431 4116 491 4193 per
520 4103 629 4161 certus
657 4120 854 4181 securusque
882 4103 933 4166 sit.
979 4103 1067 4167 Nam
1089 4103 1151 4168 etsi
1178 4104 1277 4168 semel
1307 4104 1411 4168 admi-

431 4188 590 4247 mstratus
612 4186 820 4264 praeteriisse
841 4188 933 4252 visus
956 4196 1019 4266 est,
1043 4188 1277 4270 posterioribus
1300 4197 1411 4255 tamen

432 4269 572 4349 peccatis
601 4291 668 4333 non
694 4278 745 4334 est
766 4272 916 4337 abolitus.
961 4273 1094 4338 Puritas
1117 4276 1205 4340 enim
1228 4275 1353 4341 Christi
1374 4278 1411 4340 in

432 4373 470 4450 eo
497 4354 590 4418 nobis
619 4355 730 4420 oblata
756 4365 817 4421 est:
843 4378 882 4421 ea
904 4380 1032 4440 semper
1054 4361 1152 4443 viget,
1177 4360 1277 4425 nullis
1297 4384 1410 4427 macu-

433 4436 474 4501 hs
502 4439 713 4535 opprimitur,
737 4440 795 4506 sed
821 4463 933 4507 omnes
959 4452 1088 4510 nostras
1111 4447 1223 4511 sordes
1245 4446 1355 4511 obruit
1377 4454 1411 4511 et

434 4530 588 4607 extergit.
633 4526 749 4609 Neque
777 4528 854 4592 hinc
882 4536 994 4593 tamen
1022 4531 1177 4613 peccandi
1206 4534 1241 4596 in
1263 4534 1409 4598 futurum

433 4607 567 4673 licentia
594 4612 755 4693 captanda
782 4620 832 4678 est
860 4613 913 4695 (ut
941 4623 1029 4679 certe
1058 4617 1134 4681 hinc
1156 4616 1198 4682 ad
1225 4618 1326 4682 talem
1349 4640 1409 4682 au·

434 4694 560 4759 daciam
594 4698 730 4761 minime
756 4698 978 4784 instruimur),
1007 4701 1064 4766 sed
1096 4703 1175 4767 haee
1198 4703 1346 4769 doctrina
1368 4704 1409 4771 iis

433 4785 564 4844 tantum
585 4782 727 4846 traditur
754 4785 825 4866 qui,
849 4785 905 4849 ubi
926 4797 1158 4868 peccaverunt,
1185 4790 1244 4854 sub
1267 4792 1410 4872 peccatis

434 4866 503 4962 suis
525 4867 654 4949 fatigati
679 4879 712 4932 et
733 4873 874 4952 oppressi
897 4880 1044 4955 gemunt,
1068 4882 1107 4937 ut
1128 4875 1271 4939 habeant
1292 4899 1355 4959 quo
1373 4899 1409 4942 se

434 4961 563 5047 erigant
580 4971 616 5016 ac
635 4954 851 5032 consolentur,
875 4979 917 5021 ne
935 4959 969 5021 in
989 4961 1211 5023 confusionem
1234 4983 1271 5026 ac
1294 4963 1409 5045 despe-

433 5042 594 5098 rationem
610 5046 718 5103 ruant.
753 5038 810 5106 Sic
827 5042 952 5106 Paulus
971 5044 1081 5127 (Rom.
1106 5050 1134 5122 3,
1157 5045 1213 5128 25)
1232 5047 1286 5124 ait,
1310 5048 1409 5112 Chri·

335 5196 341 5209 Ι
433 5125 523 5185 stum
546 5121 667 5186 factum
689 5126 782 5190 nobis
811 5149 881 5192 esse
901 5130 1163 5211 propitiatorem,
1187 5132 1222 5195 in
1244 5133 1408 5197 remissio-

432 5226 510 5270 nem
542 5209 809 5290 praecedentium
839 5212 1040 5280 delictorum.
1093 5215 1168 5298 Quo
1209 5239 1275 5282 non
1309 5228 1409 5302 negat

431 5302 623 5374 perpetuam
646 5296 872 5380 assiduamque
892 5309 1102 5383 peccatorum
1124 5304 1348 5369 remissiorem
1366 5304 1409 5368 ad

432 5385 570 5476 mortem
592 5383 750 5463 usquein
768 5405 805 5447 eo
824 5385 977 5465 obtineri;
1000 5386 1058 5451 sed
1077 5389 1192 5452 datum
1210 5411 1286 5455 eum
1308 5411 1328 5454 a
1348 5410 1408 5472 pa-

432 5467 628 5558 tremueris
646 5472 779 5532 tantum
798 5472 1023 5550 peccatoribus
1048 5473 1220 5557 significat,
1251 5475 1308 5559 qui
1330 5495 1407 5540 oon-

433 5550 588 5644 screntiae
602 5553 754 5627 ,cauterio
781 5553 946 5621 vulnerati
973 5554 1015 5621 ad
1033 5559 1198 5625 medicum
1231 5563 1407 5644 suspirant.

432 5629 496 5697 His
514 5636 651 5698 oflertur
672 5636 895 5705 misericordia
916 5642 989 5707 Dei.
1036 5641 1105 5726 Qui
1126 5647 1282 5729 pmcandi
1303 5654 1408 5713 mate-

1467 2562 1575 2642 11111,
1598 2561 1656 2625 bac
1677 2581 1794 2640 qaoque
1815 2561 1850 2622 ia
1866 2565 1959 2640 parte
1981 2560 2091 2623 ostiam
2112 2559 2193 2622 illati
2213 2558 2446 2640 1110ᾱὶ1111111.-

1465 2653 1500 2711 ut
1515 2669 1604 2728 para
1625 2646 1689 2710 Dei
1711 2647 1902 2710 institutione
1922 2666 1982 2709 101
2004 2646 2132 2709 conteuti
2152 2666 2231 2709 acco
2256 2646 2399 2709 11111111
2422 2665 2446 2708 α

1466 2755 1499 2798 se
1526 2733 1608 2812 apsis
1641 2732 1768 2812 10111111
1795 2733 1972 2813 1191111111.
2022 2729 2126 2811 Quasi
2153 2752 2232 2795 vero
2259 2730 2445 2812 baptismus

1465 2820 1534 2901 ipse
1555 2839 1623 2882 101
1644 2827 1730 2882 11111
1758 2817 1975 2900 poenitentiae
1997 2824 2247 2880 sacramentum.
2292 2815 2390 2894 Quod
2414 2817 2445 2879 si

1466 2905 1546 2969 haec
1574 2906 1609 2968 in
1637 2913 1740 2967 tetam
1762 2904 1864 2967 vitam
1886 2903 1980 2967 nobis
2001 2901 2263 2978 commendatur,
2286 2903 2335 2965 111
2358 2922 2446 2982 quo-

1465 3012 1527 3071 que
1549 2989 1702 3072 baptismi
1726 2989 1766 3053 ad
1789 2987 1919 3053 eosdem
1948 3008 2049 3070 usque
2075 2989 2158 3051 fines
2180 2986 2310 3052 extendi
2332 2985 2444 3050 debet,

1465 3074 1576 3155 Quare
1602 3097 1663 3141 nee
1690 3076 1825 3139 dubium
1847 3075 1927 3156 quin
1953 3075 1998 3156 pii
2026 3094 2138 3137 omnes
2166 3081 2233 3137 toto
2254 3074 2342 3136 vitae
2365 3092 2445 3135 cur-

1464 3163 1582 3240 riculo,
1606 3161 1733 3244 quoties
1756 3162 1912 3226 vitiorum·
1939 3181 2071 3224 suorum
2095 3159 2290 3224 conscientia
2315 3179 2445 3222 vexan-

1464 3257 1533 3327 tur,
1564 3270 1634 3315 sese
1656 3247 1698 3311 ad
1716 3246 1870 3328 ¹baptismi
1897 3246 2090 3309 memoriam
2112 3265 2265 3310 revocare
2287 3243 2443 3320 audeant,

1463 3344 1502 3398 ut
1524 3356 1558 3398 se
1579 3335 1656 3398 iude
1679 3334 1873 3397 confirment
1899 3333 1933 3395 in
1954 3332 2043 3396 illius
2065 3332 2181 3395 unicae
2204 3351 2240 3395 ac
2263 3341 2444 3413 perpetuae

1464 3418 1642 3484 ablutionis
1674 3418 1793 3482 fiducia
1821 3439 1920 3500 quam
1952 3418 2111 3482 habemus
2143 3419 2178 3480 in
2205 3416 2331 3481 Christi
2365 3437 2444 3480 san·

1510 3528 1574 3570 me.

1552 3596 1580 3655 5.
1625 3591 1779 3655 Alterum
1797 3591 1896 3654 etiam
1917 3588 2054 3669 [radam
2073 3588 2176 3666 affert,
2199 3589 2275 3669 quia
2292 3593 2442 3651 nostram

1464 3678 1499 3741 in
1522 3677 1654 3743 Christo
1676 3676 1960 3742 mortificationem
1982 3676 2074 3740 nobis
2092 3673 2241 3750 ostendit,
2265 3683 2298 3735 et
2320 3693 2443 3736 novam

1463 3764 1500 3827 in
1518 3785 1555 3826 eo
1572 3763 1685 3827 vitam.
1716 3761 1896 3844 Siquidem,
1917 3769 1954 3825 ut
1972 3761 2019 3824 ait
2035 3758 2212 3842 Apostolus
2226 3759 2337 3841 (Rom.
2350 3764 2380 3836 6,
2394 3757 2440 3841 3),

1463 3850 1500 3913 in
1521 3856 1661 3913 mortem
1688 3849 1757 3912 eius
1786 3848 1939 3930 baptizati
1962 3867 2091 3926 sumus,
2115 3845 2296 3927 consepulti
2318 3845 2382 3926 ipsi
2404 3846 2441 3908 in

1463 3942 1618 4012 mortem,
1646 3942 1684 3998 ut
1711 3936 1747 3997 in
1774 3935 1921 3999 novitate
1944 3935 2030 3998 vitae
2052 3931 2264 3996 ambulemus.
2310 3928 2440 4011 Quibus

1465 4019 1573 4086 verbis
1593 4041 1660 4084 non
1683 4020 1724 4084 ad
1745 4021 1961 4084 imitationem
1983 4021 2053 4083 eius
2074 4039 2134 4081 nos
2156 4017 2261 4082 solum
2284 4016 2440 4080 exhorta-

1465 4114 1519 4170 tur
1541 4106 1594 4187 (ac
1616 4108 1644 4171 si
1666 4105 1797 4182 diceret,
1821 4105 1989 4170 admoneri
2011 4126 2070 4169 nos
2092 4125 2150 4185 per
2172 4102 2379 4184 baptismum,
2402 4111 2441 4165 ut

1464 4191 1603 4274 quodam
1625 4192 1740 4256 mortis
1758 4192 1883 4257 Christi
1906 4190 2067 4274 exemplo,
2088 4189 2356 4271 concupiscentiis
2380 4210 2440 4252 10-

1464 4279 1541 4342 stris
1562 4280 1750 4356 moriamur,
1773 4287 1806 4342 et
1827 4277 1977 4358 exemplo
1995 4275 2253 4350 resurrectionis,
2275 4285 2312 4336 ut
2332 4275 2368 4335 in
2386 4275 2441 4336 iu-

1464 4364 1587 4428 stitiam
1614 4364 1841 4448 suscitemur),
1869 4362 1927 4427 sed
1954 4384 2024 4427 rem
2051 4361 2146 4444 longe
2176 4360 2274 4424 altius
2301 4359 2438 4439 repetit:

1463 4472 1581 4533 nempe
1610 4450 1696 4532 quod
1727 4470 1786 4532 per
1821 4450 2020 4531 baptismum
2050 4447 2202 4512 Christus
2228 4467 2287 4509 nos
2319 4444 2440 4509 mortis

1463 4557 1540 4600 suae
1571 4536 1686 4601 fecerit
1708 4536 1892 4618 participes,
1926 4541 1965 4597 ut
1992 4535 2028 4597 in
2056 4554 2128 4596 eam
2154 4531 2347 4595 inseramur.
2393 4524 2440 4594 Et

1462 4620 1736 4703 quemadmodum
1763 4621 1914 4686 surculus
1942 4618 2157 4684 substantiam
2179 4617 2439 4697 alimentumque

1463 4707 1552 4772 ducit
1579 4729 1599 4771 a
1626 4707 1734 4772 radice
1762 4708 1816 4771 cui
1847 4706 1965 4770 insitus
1993 4714 2058 4783 est,
2088 4705 2134 4766 ita
2155 4704 2210 4785 qui
2237 4702 2439 4785 baptismum

1463 4815 1501 4857 ea
1522 4813 1587 4875 qua
1608 4791 1727 4856 debent
1754 4792 1818 4856 fide
1841 4791 2020 4872 accipiunt,
2049 4809 2126 4855 vere
2149 4789 2327 4854 efficaciam
2348 4809 2439 4851 mor-

1462 4878 1504 4942 tis
1527 4878 1652 4943 Christi
1681 4878 1841 4955 sentiunt,
1872 4879 1907 4940 in
1933 4875 2183 4941 mortificatione
2205 4875 2312 4938 carnis
2343 4894 2439 4953 suae3

1462 4963 1561 5027 simul
1583 4963 1682 5027 etiam
1703 4962 1966 5041 resurrectionis,
1994 4963 2030 5026 in
2052 4961 2270 5026 vivificatione
2292 4959 2438 5041 spiritus.
2507 5029 2509 5036 ἦ

1461 5048 1545 5112 Inde
1563 5049 1801 5113 exhortationis
1819 5050 1990 5113 materiem
2008 5047 2165 5113 desumit:
2189 5046 2274 5128 quod
2292 5045 2322 5110 si
2339 5044 2440 5110 Chri·

1461 5135 1559 5198 stiani
1587 5157 1714 5214 sumus,
1745 5134 1899 5200 debemus
1921 5135 2041 5199 mortui
2063 5155 2133 5198 esse
2153 5140 2301 5216 peccato,
2332 5139 2366 5194 et
2388 5132 2440 5194 iu-

1461 5220 1568 5285 stitiae
1590 5221 1709 5286 vivere.
1761 5222 1834 5286 Hoc
1864 5221 1977 5285 eodem
2006 5226 2198 5303 argumento
2226 5217 2304 5282 alibi
2333 5217 2441 5280 utitur

1461 5303 1546 5387 (Col.
1566 5310 1595 5385 2,
1618 5306 1686 5392 12):
1710 5306 1798 5391 quod
1820 5307 2000 5373 circumcisi
2023 5327 2136 5371 sumus
2153 5311 2189 5390 et
2211 5304 2361 5368 exuimus
2378 5323 2439 5367 11-

1460 5395 1564 5458 terem
1585 5393 1763 5474 hominem,
1786 5401 1959 5477 postquam
1980 5414 2040 5475 per
2061 5391 2260 5475 baptismum
2281 5390 2316 5453 in
2337 5385 2440 5453 Chri·

1461 5484 1510 5543 sto
1544 5479 1664 5562 sepulti
1696 5501 1818 5546 sumus.
1868 5479 1915 5546 Et
1946 5479 2009 5544 hoe
2038 5497 2151 5555 sensu,
2177 5496 2215 5542 eo
2238 5496 2337 5558 quem
2358 5480 2439 5540 ante

1460 5564 1632 5631 citavimus
1659 5565 1743 5644 loco,
1774 5566 1905 5631 vocavit
1930 5564 2098 5629 lavacrum
2125 5559 2381 5646 regenerationis
2404 5568 2440 5625 et

1460 5651 1689 5717 renovationis.
1747 5651 1859 5733 ltaque
1889 5651 2036 5732 primam
2070 5650 2212 5734 91111111
2240 5651 2441 5729 parcam
