<?xml version="1.0" encoding="UTF-8"?>
<!DOCTYPE html PUBLIC "-//W3C//DTD XHTML 1.0 Transitional//EN"
    "http://www.w3.org/TR/xhtml1/DTD/xhtml1-transitional.dtd">
<html xmlns="http://www.w3.org/1999/xhtml" xml:lang="en" lang="en">
 <head>
  <title>
</title>
<meta http-equiv="Content-Type" content="text/html;charset=utf-8" />
  <meta name='ocr-system' content='tesseract 3.04.00' />
  <meta name='ocr-capabilities' content='ocr_page ocr_carea ocr_par ocr_line ocrx_word'/>
</head>
<body>
  <div class='ocr_page' id='page_1' title='image "./ioanniscalvinio10calvgoog_0317.png"; bbox 0 0 5600 6809; ppageno 0'>
   <div class='ocr_carea' id='block_1_1' title="bbox 380 756 2381 828">
    <p class='ocr_par' dir='ltr' id='par_1_1' title="bbox 380 756 2381 828">
     <span class='ocr_line' id='line_1_1' title="bbox 380 756 2381 828; baseline 0.001 -2"><span class='ocrx_word' id='word_1_1' title='bbox 380 765 441 826; x_wconf 82' lang='grc'><strong><em>666</em></strong></span> <span class='ocrx_word' id='word_1_2' title='bbox 622 761 712 826; x_wconf 85' lang='lat' dir='ltr'><strong>LIB.</strong></span> <span class='ocrx_word' id='word_1_3' title='bbox 735 761 799 825; x_wconf 89' lang='lat' dir='ltr'><strong><em>HI.</em></strong></span> <span class='ocrx_word' id='word_1_4' title='bbox 843 760 908 825; x_wconf 79' lang='lat' dir='ltr'><strong><em>Du</em></strong></span> <span class='ocrx_word' id='word_1_5' title='bbox 930 756 1066 825; x_wconf 89' lang='lat' dir='ltr'><strong>MODO</strong></span> <span class='ocrx_word' id='word_1_6' title='bbox 1089 756 1441 824; x_wconf 80' lang='lat' dir='ltr'>PEROIPIENDAE</span> <span class='ocrx_word' id='word_1_7' title='bbox 1464 756 1654 826; x_wconf 76' lang='lat' dir='ltr'>CHRISTI</span> <span class='ocrx_word' id='word_1_8' title='bbox 1676 758 1894 825; x_wconf 74' lang='lat' dir='ltr'>GRATIAE.</span> <span class='ocrx_word' id='word_1_9' title='bbox 1939 759 2039 827; x_wconf 85' lang='lat' dir='ltr'><strong>OAP.</strong></span> <span class='ocrx_word' id='word_1_10' title='bbox 2064 762 2144 828; x_wconf 84' lang='lat' dir='ltr'><strong><em>XX.</em></strong></span> <span class='ocrx_word' id='word_1_11' title='bbox 2319 767 2381 828; x_wconf 88' lang='grc'><strong><em>666</em></strong></span> 
     </span>
    </p>
   </div>
   <div class='ocr_carea' id='block_1_2' title="bbox 347 944 2383 2230">
    <p class='ocr_par' dir='ltr' id='par_1_2' title="bbox 377 944 2383 1114">
     <span class='ocr_line' id='line_1_2' title="bbox 377 944 2383 1032; baseline 0.001 -18"><span class='ocrx_word' id='word_1_12' title='bbox 377 951 466 1014; x_wconf 88' lang='lat' dir='ltr'><strong><em>dium</em></strong></span> <span class='ocrx_word' id='word_1_13' title='bbox 487 950 634 1032; x_wconf 79' lang='lat' dir='ltr'><strong><em>precibus</em></strong></span> <span class='ocrx_word' id='word_1_14' title='bbox 659 951 791 1012; x_wconf 88' lang='lat' dir='ltr'><strong><em>ianuam</em></strong></span> <span class='ocrx_word' id='word_1_15' title='bbox 812 948 953 1011; x_wconf 82' lang='lat' dir='ltr'><strong><em>claudere</em></strong></span> <span class='ocrx_word' id='word_1_16' title='bbox 980 947 1160 1023; x_wconf 81' lang='lat' dir='ltr'><strong><em>admmuns,</em></strong></span> <span class='ocrx_word' id='word_1_17' title='bbox 1189 947 1356 1010; x_wconf 86' lang='lat' dir='ltr'><strong><em>unanimes</em></strong></span> <span class='ocrx_word' id='word_1_18' title='bbox 1494 950 1544 1009; x_wconf 87' lang='grc'><strong><em>41.</em></strong></span> <span class='ocrx_word' id='word_1_19' title='bbox 1564 945 1589 1027; x_wconf 86' lang='grc'><strong><em>1)</em></strong></span> <span class='ocrx_word' id='word_1_20' title='bbox 1627 944 1742 1010; x_wconf 87' lang='lat' dir='ltr'><strong><em>Prima</em></strong></span> <span class='ocrx_word' id='word_1_21' title='bbox 1757 948 1865 1028; x_wconf 84' lang='lat' dir='ltr'><strong><em>petitia</em></strong></span> <span class='ocrx_word' id='word_1_22' title='bbox 1887 954 1940 1026; x_wconf 87' lang='lat' dir='ltr'><strong><em>est,</em></strong></span> <span class='ocrx_word' id='word_1_23' title='bbox 1962 955 1997 1012; x_wconf 89' lang='lat' dir='ltr'><strong><em>nt</em></strong></span> <span class='ocrx_word' id='word_1_24' title='bbox 2017 951 2225 1031; x_wconf 77' lang='lat' dir='ltr'><strong><em>sanctificetur</em></strong></span> <span class='ocrx_word' id='word_1_25' title='bbox 2245 951 2310 1016; x_wconf 85' lang='lat' dir='ltr'><strong><em>Dei</em></strong></span> <span class='ocrx_word' id='word_1_26' title='bbox 2330 974 2383 1017; x_wconf 91' lang='lat' dir='ltr'><strong><em>no·</em></strong></span> 
     </span>
     <span class='ocr_line' id='line_1_3' title="bbox 377 1032 2383 1114; baseline 0.001 -15"><span class='ocrx_word' id='word_1_27' title='bbox 377 1041 447 1101; x_wconf 86' lang='lat' dir='ltr'><strong><em>uota</em></strong></span> <span class='ocrx_word' id='word_1_28' title='bbox 468 1057 529 1100; x_wconf 92' lang='lat' dir='ltr'><strong><em>sua</em></strong></span> <span class='ocrx_word' id='word_1_29' title='bbox 550 1038 586 1099; x_wconf 89' lang='lat' dir='ltr'><strong><em>in</em></strong></span> <span class='ocrx_word' id='word_1_30' title='bbox 606 1053 762 1098; x_wconf 80' lang='lat' dir='ltr'><strong><em>mminune</em></strong></span> <span class='ocrx_word' id='word_1_31' title='bbox 782 1033 847 1097; x_wconf 83' lang='lat' dir='ltr'><strong><em>mill</em></strong></span> <span class='ocrx_word' id='word_1_32' title='bbox 869 1033 1011 1114; x_wconf 78' lang='lat' dir='ltr'><strong><em>conferre.</em></strong></span> <span class='ocrx_word' id='word_1_33' title='bbox 1407 1052 1484 1110; x_wconf 90' lang='lat' dir='ltr'><strong><em>men,</em></strong></span> <span class='ocrx_word' id='word_1_34' title='bbox 1506 1033 1597 1095; x_wconf 85' lang='lat' dir='ltr'><strong><em>cuius</em></strong></span> <span class='ocrx_word' id='word_1_35' title='bbox 1617 1032 1784 1097; x_wconf 74' lang='lat' dir='ltr'><strong><em>necessitas</em></strong></span> <span class='ocrx_word' id='word_1_36' title='bbox 1804 1053 1916 1114; x_wconf 78' lang='lat' dir='ltr'><strong><em>mopno</em></strong></span> <span class='ocrx_word' id='word_1_37' title='bbox 1937 1053 2009 1098; x_wconf 89' lang='lat' dir='ltr'><strong><em>cnm</em></strong></span> <span class='ocrx_word' id='word_1_38' title='bbox 2027 1042 2131 1101; x_wconf 86' lang='lat' dir='ltr'><strong><em>nostro</em></strong></span> <span class='ocrx_word' id='word_1_39' title='bbox 2153 1036 2294 1100; x_wconf 78' lang='lat' dir='ltr'><strong><em>dedmam</em></strong></span> <span class='ocrx_word' id='word_1_40' title='bbox 2314 1058 2383 1102; x_wconf 85' lang='lat' dir='ltr'><strong><em>caii·</em></strong></span> 
     </span>
    </p>

    <p class='ocr_par' dir='ltr' id='par_1_3' title="bbox 347 1116 2383 2230">
     <span class='ocr_line' id='line_1_4' title="bbox 463 1116 2383 1203; baseline 0.002 -18"><span class='ocrx_word' id='word_1_41' title='bbox 463 1128 514 1186; x_wconf 79' lang='lat'><strong><em>40.</em></strong></span> <span class='ocrx_word' id='word_1_42' title='bbox 559 1118 773 1196; x_wconf 86' lang='lat' dir='ltr'><strong><em>Adscribitur,</em></strong></span> <span class='ocrx_word' id='word_1_43' title='bbox 796 1119 904 1200; x_wconf 89' lang='lat' dir='ltr'><strong><em>ipsum</em></strong></span> <span class='ocrx_word' id='word_1_44' title='bbox 926 1139 997 1183; x_wconf 88' lang='grc'><strong>6666</strong></span> <span class='ocrx_word' id='word_1_45' title='bbox 1016 1119 1051 1180; x_wconf 92' lang='lat' dir='ltr'><strong><em>iu</em></strong></span> <span class='ocrx_word' id='word_1_46' title='bbox 1074 1116 1180 1180; x_wconf 77' lang='lat' dir='ltr'><strong><em>coelis.</em></strong></span> <span class='ocrx_word' id='word_1_47' title='bbox 1214 1117 1269 1180; x_wconf 85' lang='lat' dir='ltr'><strong><em>Ex</em></strong></span> <span class='ocrx_word' id='word_1_48' title='bbox 1291 1138 1354 1199; x_wconf 91' lang='lat' dir='ltr'><strong><em>quo</em></strong></span> <span class='ocrx_word' id='word_1_49' title='bbox 1407 1118 1511 1180; x_wconf 87' lang='lat' dir='ltr'><strong><em>iuncta</em></strong></span> <span class='ocrx_word' id='word_1_50' title='bbox 1533 1122 1585 1180; x_wconf 91' lang='lat' dir='ltr'><strong><em>est.</em></strong></span> <span class='ocrx_word' id='word_1_51' title='bbox 1637 1117 1719 1197; x_wconf 76' lang='lat' dir='ltr'><strong><em>Quid</em></strong></span> <span class='ocrx_word' id='word_1_52' title='bbox 1740 1119 1822 1181; x_wconf 89' lang='lat' dir='ltr'><strong><em>enim</em></strong></span> <span class='ocrx_word' id='word_1_53' title='bbox 1841 1121 1944 1201; x_wconf 69' lang='grc'><strong>666966</strong></span> <span class='ocrx_word' id='word_1_54' title='bbox 1964 1120 2130 1202; x_wconf 82' lang='lat' dir='ltr'><strong><em>indipnnm</em></strong></span> <span class='ocrx_word' id='word_1_55' title='bbox 2151 1142 2246 1203; x_wconf 86' lang='lat' dir='ltr'><strong><em>quom</em></strong></span> <span class='ocrx_word' id='word_1_56' title='bbox 2267 1128 2302 1186; x_wconf 90' lang='lat' dir='ltr'><strong><em>ut</em></strong></span> <span class='ocrx_word' id='word_1_57' title='bbox 2318 1123 2383 1188; x_wconf 87' lang='lat' dir='ltr'><strong><em>Dei&#39;</em></strong></span> 
     </span>
     <span class='ocr_line' id='line_1_5' title="bbox 375 1201 2382 1290; baseline -0 -16"><span class='ocrx_word' id='word_1_58' title='bbox 375 1231 443 1274; x_wconf 92' lang='lat' dir='ltr'><strong><em>nou</em></strong></span> <span class='ocrx_word' id='word_1_59' title='bbox 462 1207 611 1290; x_wconf 88' lang='lat' dir='ltr'><strong><em>protinus</em></strong></span> <span class='ocrx_word' id='word_1_60' title='bbox 628 1203 888 1268; x_wconf 81' lang='lat' dir='ltr'><strong><em>ratiocinandum</em></strong></span> <span class='ocrx_word' id='word_1_61' title='bbox 909 1213 967 1280; x_wconf 88' lang='lat' dir='ltr'><strong><em>est,</em></strong></span> <span class='ocrx_word' id='word_1_62' title='bbox 989 1204 1097 1284; x_wconf 91' lang='lat' dir='ltr'><strong><em>ipsum</em></strong></span> <span class='ocrx_word' id='word_1_63' title='bbox 1119 1201 1355 1266; x_wconf 73' lang='grc'><strong>6661166666]-</strong></span> <span class='ocrx_word' id='word_1_64' title='bbox 1405 1203 1539 1285; x_wconf 72' lang='lat' dir='ltr'><strong><em>gloriam</em></strong></span> <span class='ocrx_word' id='word_1_65' title='bbox 1572 1203 1710 1266; x_wconf 78' lang='lat' dir='ltr'><strong><em>obscuret</em></strong></span> <span class='ocrx_word' id='word_1_66' title='bbox 1733 1205 1857 1283; x_wconf 86' lang='lat' dir='ltr'><strong><em>partim</em></strong></span> <span class='ocrx_word' id='word_1_67' title='bbox 1887 1211 1995 1269; x_wconf 86' lang='lat' dir='ltr'><strong><em>nostra</em></strong></span> <span class='ocrx_word' id='word_1_68' title='bbox 2027 1207 2232 1289; x_wconf 74' lang='lat' dir='ltr'><strong><em>ingratitudo,</em></strong></span> <span class='ocrx_word' id='word_1_69' title='bbox 2258 1212 2382 1289; x_wconf 83' lang='lat' dir='ltr'><strong><em>partim</em></strong></span> 
     </span>
     <span class='ocr_line' id='line_1_6' title="bbox 376 1287 2382 1375; baseline -0 -16"><span class='ocrx_word' id='word_1_70' title='bbox 376 1295 523 1370; x_wconf 79' lang='lat' dir='ltr'><strong><em>ferentia,</em></strong></span> <span class='ocrx_word' id='word_1_71' title='bbox 544 1293 637 1375; x_wconf 87' lang='lat' dir='ltr'><strong><em>quasi</em></strong></span> <span class='ocrx_word' id='word_1_72' title='bbox 655 1289 807 1355; x_wconf 84' lang='lat' dir='ltr'><strong><em>cancellis</em></strong></span> <span class='ocrx_word' id='word_1_73' title='bbox 828 1288 1032 1373; x_wconf 86' lang='lat' dir='ltr'><strong><em>quibusdam,</em></strong></span> <span class='ocrx_word' id='word_1_74' title='bbox 1055 1287 1219 1352; x_wconf 89' lang='lat' dir='ltr'><strong><em>inclusum</em></strong></span> <span class='ocrx_word' id='word_1_75' title='bbox 1241 1297 1274 1351; x_wconf 88' lang='lat' dir='ltr'><strong><em>et</em></strong></span> <span class='ocrx_word' id='word_1_76' title='bbox 1292 1289 1354 1353; x_wconf 83' lang='lat' dir='ltr'><strong><em>air·</em></strong></span> <span class='ocrx_word' id='word_1_77' title='bbox 1406 1289 1604 1370; x_wconf 75' lang='lat' dir='ltr'><strong><em>maliprii&#39;tas3</em></strong></span> <span class='ocrx_word' id='word_1_78' title='bbox 1620 1288 1757 1353; x_wconf 85' lang='lat' dir='ltr'><strong><em>audacio</em></strong></span> <span class='ocrx_word' id='word_1_79' title='bbox 1774 1309 1843 1352; x_wconf 90' lang='lat' dir='ltr'><strong><em>aero</em></strong></span> <span class='ocrx_word' id='word_1_80' title='bbox 1861 1295 1889 1353; x_wconf 89' lang='lat' dir='ltr'><strong><em>et</em></strong></span> <span class='ocrx_word' id='word_1_81' title='bbox 1902 1291 2027 1372; x_wconf 73' lang='lat' dir='ltr'><strong><em>furiosa</em></strong></span> <span class='ocrx_word' id='word_1_82' title='bbox 2038 1296 2208 1370; x_wconf 76' lang='lat' dir='ltr'><strong><em>protervia,</em></strong></span> <span class='ocrx_word' id='word_1_83' title='bbox 2231 1300 2382 1374; x_wconf 88' lang='lat' dir='ltr'><strong><em>qnantum</em></strong></span> 
     </span>
     <span class='ocr_line' id='line_1_7' title="bbox 378 1371 2381 1460; baseline -0 -16"><span class='ocrx_word' id='word_1_84' title='bbox 378 1380 611 1459; x_wconf 85' lang='lat' dir='ltr'><strong><em>oumsoriptum</em></strong></span> <span class='ocrx_word' id='word_1_85' title='bbox 634 1375 770 1460; x_wconf 80' lang='lat' dir='ltr'><strong><em>alligari.</em></strong></span> <span class='ocrx_word' id='word_1_86' title='bbox 805 1374 975 1457; x_wconf 80' lang='lat' dir='ltr'>Siquidem</span> <span class='ocrx_word' id='word_1_87' title='bbox 993 1381 1026 1437; x_wconf 87' lang='grc'><strong><em>66</em></strong></span> <span class='ocrx_word' id='word_1_88' title='bbox 1043 1371 1199 1437; x_wconf 82' lang='lat' dir='ltr'><strong><em>Salomon</em></strong></span> <span class='ocrx_word' id='word_1_89' title='bbox 1217 1372 1247 1454; x_wconf 87' lang='lat' dir='ltr'><strong><em>(l</em></strong></span> <span class='ocrx_word' id='word_1_90' title='bbox 1269 1373 1352 1457; x_wconf 88' lang='lat' dir='ltr'><strong><em>Reg.</em></strong></span> <span class='ocrx_word' id='word_1_91' title='bbox 1406 1374 1441 1436; x_wconf 90' lang='lat' dir='ltr'><strong><em>iri</em></strong></span> <span class='ocrx_word' id='word_1_92' title='bbox 1457 1395 1491 1439; x_wconf 89' lang='lat' dir='ltr'><strong><em>se</em></strong></span> <span class='ocrx_word' id='word_1_93' title='bbox 1507 1379 1560 1450; x_wconf 86' lang='lat' dir='ltr'><strong><em>est,</em></strong></span> <span class='ocrx_word' id='word_1_94' title='bbox 1574 1374 1696 1438; x_wconf 79' lang='lat' dir='ltr'><strong><em>deleat?</em></strong></span> <span class='ocrx_word' id='word_1_95' title='bbox 1725 1372 1862 1454; x_wconf 83' lang='lat' dir='ltr'><strong><em>Greperit,</em></strong></span> <span class='ocrx_word' id='word_1_96' title='bbox 1880 1374 1955 1451; x_wconf 86' lang='lat' dir='ltr'><strong><em>licet,</em></strong></span> <span class='ocrx_word' id='word_1_97' title='bbox 1973 1397 2075 1441; x_wconf 83' lang='grc'><strong>(66666</strong></span> <span class='ocrx_word' id='word_1_98' title='bbox 2091 1379 2185 1459; x_wconf 87' lang='lat' dir='ltr'><strong><em>impii</em></strong></span> <span class='ocrx_word' id='word_1_99' title='bbox 2201 1382 2381 1444; x_wconf 89' lang='lat' dir='ltr'><strong><em>cumsacri·</em></strong></span> 
     </span>
     <span class='ocr_line' id='line_1_8' title="bbox 347 1459 2378 1548; baseline 0.001 -20"><span class='ocrx_word' id='word_1_100' title='bbox 347 1466 358 1481; x_wconf 84' lang='lat'><em>&#39;</em></span> <span class='ocrx_word' id='word_1_101' title='bbox 379 1469 407 1544; x_wconf 88' lang='lat'><strong><em>8,</em></strong></span> <span class='ocrx_word' id='word_1_102' title='bbox 432 1463 488 1548; x_wconf 82' lang='lat'><strong><em>27)</em></strong></span> <span class='ocrx_word' id='word_1_103' title='bbox 516 1464 689 1529; x_wconf 82' lang='lat' dir='ltr'><strong><em>confitetur</em></strong></span> <span class='ocrx_word' id='word_1_104' title='bbox 716 1461 823 1526; x_wconf 85' lang='lat' dir='ltr'><strong><em>coelos</em></strong></span> <span class='ocrx_word' id='word_1_105' title='bbox 850 1460 1013 1524; x_wconf 86' lang='lat' dir='ltr'><strong><em>coelorum</em></strong></span> <span class='ocrx_word' id='word_1_106' title='bbox 1040 1480 1115 1523; x_wconf 89' lang='lat' dir='ltr'><strong><em>aum</em></strong></span> <span class='ocrx_word' id='word_1_107' title='bbox 1143 1479 1259 1541; x_wconf 84' lang='lat' dir='ltr'><strong><em>uapore</em></strong></span> <span class='ocrx_word' id='word_1_108' title='bbox 1287 1480 1353 1523; x_wconf 91' lang='lat' dir='ltr'><strong><em>nou</em></strong></span> <span class='ocrx_word' id='word_1_109' title='bbox 1407 1459 1475 1541; x_wconf 79' lang='lat' dir='ltr'><strong><em>lepa</em></strong></span> <span class='ocrx_word' id='word_1_110' title='bbox 1490 1480 1549 1522; x_wconf 90' lang='lat' dir='ltr'><strong><em>sua</em></strong></span> <span class='ocrx_word' id='word_1_111' title='bbox 1566 1459 1704 1536; x_wconf 73' lang='lat' dir='ltr'><strong><em>iamim,</em></strong></span> <span class='ocrx_word' id='word_1_112' title='bbox 1727 1459 1858 1541; x_wconf 66' lang='lat' dir='ltr'><strong><em>refulget</em></strong></span> <span class='ocrx_word' id='word_1_113' title='bbox 1877 1465 1979 1525; x_wconf 90' lang='lat' dir='ltr'><strong><em>tamen</em></strong></span> <span class='ocrx_word' id='word_1_114' title='bbox 1993 1464 2130 1526; x_wconf 89' lang='lat' dir='ltr'><strong><em>nominis</em></strong></span> <span class='ocrx_word' id='word_1_115' title='bbox 2143 1463 2207 1528; x_wconf 89' lang='lat' dir='ltr'><strong><em>Dei</em></strong></span> <span class='ocrx_word' id='word_1_116' title='bbox 2222 1468 2378 1530; x_wconf 73' lang='lat' dir='ltr'><strong><em>sanctitas.</em></strong></span> 
     </span>
     <span class='ocr_line' id='line_1_9' title="bbox 378 1543 2381 1633; baseline 0.001 -20"><span class='ocrx_word' id='word_1_117' title='bbox 378 1572 480 1633; x_wconf 71' lang='lat' dir='ltr'><strong><em>posse⁴</em></strong></span> <span class='ocrx_word' id='word_1_118' title='bbox 525 1550 571 1613; x_wconf 81' lang='lat' dir='ltr'><strong><em>Et</em></strong></span> <span class='ocrx_word' id='word_1_119' title='bbox 592 1549 662 1630; x_wconf 86' lang='lat' dir='ltr'><strong><em>ipsa</em></strong></span> <span class='ocrx_word' id='word_1_120' title='bbox 684 1567 742 1628; x_wconf 86' lang='lat' dir='ltr'><strong><em>per</em></strong></span> <span class='ocrx_word' id='word_1_121' title='bbox 761 1546 955 1628; x_wconf 78' lang='lat' dir='ltr'><strong><em>prophetam</em></strong></span> <span class='ocrx_word' id='word_1_122' title='bbox 978 1544 1054 1630; x_wconf 88' lang='lat' dir='ltr'><strong><em>(Ies.</em></strong></span> <span class='ocrx_word' id='word_1_123' title='bbox 1075 1547 1125 1621; x_wconf 87' lang='grc'><strong><em>66,</em></strong></span> <span class='ocrx_word' id='word_1_124' title='bbox 1149 1543 1181 1626; x_wconf 93' lang='lat' dir='ltr'><strong><em>l)</em></strong></span> <span class='ocrx_word' id='word_1_125' title='bbox 1204 1545 1259 1620; x_wconf 87' lang='lat' dir='ltr'><strong><em>ait,</em></strong></span> <span class='ocrx_word' id='word_1_126' title='bbox 1282 1565 1353 1609; x_wconf 91' lang='grc'><strong>666-</strong></span> <span class='ocrx_word' id='word_1_127' title='bbox 1408 1545 1473 1608; x_wconf 87' lang='lat' dir='ltr'><strong><em>Nec</em></strong></span> <span class='ocrx_word' id='word_1_128' title='bbox 1500 1543 1557 1608; x_wconf 82' lang='lat' dir='ltr'><strong><em>abs</em></strong></span> <span class='ocrx_word' id='word_1_129' title='bbox 1583 1564 1617 1608; x_wconf 88' lang='lat' dir='ltr'><strong><em>re</em></strong></span> <span class='ocrx_word' id='word_1_130' title='bbox 1643 1545 1794 1608; x_wconf 75' lang='lat' dir='ltr'><strong><em>exclamat</em></strong></span> <span class='ocrx_word' id='word_1_131' title='bbox 1814 1546 1967 1627; x_wconf 78' lang='lat' dir='ltr'><strong><em>propheta</em></strong></span> <span class='ocrx_word' id='word_1_132' title='bbox 1993 1548 2094 1629; x_wconf 83' lang='lat' dir='ltr'><strong><em>(Psal.</em></strong></span> <span class='ocrx_word' id='word_1_133' title='bbox 2118 1553 2174 1625; x_wconf 84' lang='grc'><strong><em>48,</em></strong></span> <span class='ocrx_word' id='word_1_134' title='bbox 2202 1552 2270 1632; x_wconf 85' lang='grc'>11).·</span> <span class='ocrx_word' id='word_1_135' title='bbox 2301 1553 2381 1616; x_wconf 82' lang='lat' dir='ltr'><strong><em>siout</em></strong></span> 
     </span>
     <span class='ocr_line' id='line_1_10' title="bbox 377 1629 2380 1715; baseline 0 -15"><span class='ocrx_word' id='word_1_136' title='bbox 377 1637 449 1700; x_wconf 92' lang='lat' dir='ltr'><strong><em>lum</em></strong></span> <span class='ocrx_word' id='word_1_137' title='bbox 481 1655 575 1700; x_wconf 89' lang='lat' dir='ltr'><strong><em>snam</em></strong></span> <span class='ocrx_word' id='word_1_138' title='bbox 606 1632 716 1698; x_wconf 86' lang='lat' dir='ltr'><strong><em>sedem</em></strong></span> <span class='ocrx_word' id='word_1_139' title='bbox 749 1653 838 1709; x_wconf 87' lang='grc'><strong>6666,</strong></span> <span class='ocrx_word' id='word_1_140' title='bbox 877 1638 999 1695; x_wconf 88' lang='lat' dir='ltr'><strong><em>terram</em></strong></span> <span class='ocrx_word' id='word_1_141' title='bbox 1032 1637 1142 1693; x_wconf 85' lang='lat' dir='ltr'><strong><em>autem</em></strong></span> <span class='ocrx_word' id='word_1_142' title='bbox 1176 1629 1353 1694; x_wconf 78' lang='lat' dir='ltr'><strong><em>scabellum</em></strong></span> <span class='ocrx_word' id='word_1_143' title='bbox 1405 1651 1513 1695; x_wconf 83' lang='grc'><strong>666666</strong></span> <span class='ocrx_word' id='word_1_144' title='bbox 1534 1635 1622 1693; x_wconf 87' lang='lat' dir='ltr'><strong><em>taum</em></strong></span> <span class='ocrx_word' id='word_1_145' title='bbox 1638 1630 1736 1706; x_wconf 88' lang='lat' dir='ltr'><strong><em>Deus,</em></strong></span> <span class='ocrx_word' id='word_1_146' title='bbox 1764 1632 1811 1693; x_wconf 90' lang='lat' dir='ltr'><strong><em>ito</em></strong></span> <span class='ocrx_word' id='word_1_147' title='bbox 1833 1630 1906 1695; x_wconf 87' lang='lat' dir='ltr'><strong><em>lans</em></strong></span> <span class='ocrx_word' id='word_1_148' title='bbox 1922 1637 1977 1695; x_wconf 88' lang='lat' dir='ltr'><strong><em>tna</em></strong></span> <span class='ocrx_word' id='word_1_149' title='bbox 2001 1634 2037 1696; x_wconf 92' lang='lat' dir='ltr'><strong><em>in</em></strong></span> <span class='ocrx_word' id='word_1_150' title='bbox 2059 1653 2163 1698; x_wconf 85' lang='lat' dir='ltr'><strong><em>manes</em></strong></span> <span class='ocrx_word' id='word_1_151' title='bbox 2177 1636 2255 1715; x_wconf 72' lang='lat' dir='ltr'><strong><em>fines</em></strong></span> <span class='ocrx_word' id='word_1_152' title='bbox 2271 1642 2380 1701; x_wconf 89' lang='lat' dir='ltr'><strong><em>terrae.</em></strong></span> 
     </span>
     <span class='ocr_line' id='line_1_11' title="bbox 378 1714 2381 1804; baseline 0 -19"><span class='ocrx_word' id='word_1_153' title='bbox 378 1721 499 1804; x_wconf 88' lang='lat' dir='ltr'><strong><em>pedum</em></strong></span> <span class='ocrx_word' id='word_1_154' title='bbox 525 1738 667 1783; x_wconf 85' lang='lat' dir='ltr'><strong><em>suorum.</em></strong></span> <span class='ocrx_word' id='word_1_155' title='bbox 713 1716 786 1798; x_wconf 73' lang='lat' dir='ltr'><strong><em>Quo</em></strong></span> <span class='ocrx_word' id='word_1_156' title='bbox 814 1716 937 1781; x_wconf 83' lang='lat' dir='ltr'><strong><em>scilieet</em></strong></span> <span class='ocrx_word' id='word_1_157' title='bbox 965 1716 993 1781; x_wconf 90' lang='lat' dir='ltr'><strong><em>si</em></strong></span> <span class='ocrx_word' id='word_1_158' title='bbox 1040 1716 1143 1793; x_wconf 88' lang='lat' dir='ltr'><strong><em>ificat,</em></strong></span> <span class='ocrx_word' id='word_1_159' title='bbox 1173 1735 1238 1778; x_wconf 93' lang='lat' dir='ltr'><strong><em>non</em></strong></span> <span class='ocrx_word' id='word_1_160' title='bbox 1266 1724 1354 1780; x_wconf 83' lang='lat' dir='ltr'><strong><em>certa</em></strong></span> <span class='ocrx_word' id='word_1_161' title='bbox 1409 1715 1494 1779; x_wconf 89' lang='lat' dir='ltr'><strong><em>Noni</em></strong></span> <span class='ocrx_word' id='word_1_162' title='bbox 1515 1714 1688 1796; x_wconf 85' lang='lat' dir='ltr'><strong><em>ubicunqne</em></strong></span> <span class='ocrx_word' id='word_1_163' title='bbox 1709 1717 1876 1780; x_wconf 85' lang='lat' dir='ltr'><strong><em>innotuerit</em></strong></span> <span class='ocrx_word' id='word_1_164' title='bbox 1895 1717 1993 1794; x_wconf 86' lang='lat' dir='ltr'><strong><em>Dens,</em></strong></span> <span class='ocrx_word' id='word_1_165' title='bbox 2013 1717 2087 1797; x_wconf 72' lang='lat' dir='ltr'><strong><em>deri</em></strong></span> <span class='ocrx_word' id='word_1_166' title='bbox 2106 1740 2168 1783; x_wconf 92' lang='lat' dir='ltr'><strong><em>non</em></strong></span> <span class='ocrx_word' id='word_1_167' title='bbox 2184 1726 2282 1801; x_wconf 84' lang='lat' dir='ltr'><strong><em>potest</em></strong></span> <span class='ocrx_word' id='word_1_168' title='bbox 2302 1723 2381 1803; x_wconf 90' lang='lat' dir='ltr'><strong><em>quin</em></strong></span> 
     </span>
     <span class='ocr_line' id='line_1_12' title="bbox 379 1736 2379 1889; baseline 0 -18"><span class='ocrx_word' id='word_1_169' title='bbox 379 1807 489 1889; x_wconf 86' lang='lat' dir='ltr'><strong><em>aliqua</em></strong></span> <span class='ocrx_word' id='word_1_170' title='bbox 515 1803 647 1889; x_wconf 83' lang='lat' dir='ltr'><strong><em>regione</em></strong></span> <span class='ocrx_word' id='word_1_171' title='bbox 675 1824 709 1868; x_wconf 93' lang='grc'><strong><em>66</em></strong></span> <span class='ocrx_word' id='word_1_172' title='bbox 735 1802 884 1880; x_wconf 81' lang='lat' dir='ltr'><strong><em>limitari,</em></strong></span> <span class='ocrx_word' id='word_1_173' title='bbox 913 1801 971 1866; x_wconf 87' lang='lat' dir='ltr'><strong><em>sed</em></strong></span> <span class='ocrx_word' id='word_1_174' title='bbox 991 1736 1130 1864; x_wconf 51' lang='lat' dir='ltr'><strong><em>ditandi</em></strong></span> <span class='ocrx_word' id='word_1_175' title='bbox 1157 1820 1216 1882; x_wconf 84' lang='lat' dir='ltr'><strong><em>per</em></strong></span> <span class='ocrx_word' id='word_1_176' title='bbox 1243 1802 1354 1864; x_wconf 90' lang='lat' dir='ltr'><strong><em>omnia</em></strong></span> <span class='ocrx_word' id='word_1_177' title='bbox 1405 1820 1439 1865; x_wconf 89' lang='lat' dir='ltr'><strong><em>se</em></strong></span> <span class='ocrx_word' id='word_1_178' title='bbox 1453 1801 1619 1881; x_wconf 70' lang='lat' dir='ltr'><strong><em>proferant</em></strong></span> <span class='ocrx_word' id='word_1_179' title='bbox 1638 1802 1707 1863; x_wconf 86' lang='lat' dir='ltr'><strong><em>cius</em></strong></span> <span class='ocrx_word' id='word_1_180' title='bbox 1726 1803 1865 1879; x_wconf 83' lang='lat' dir='ltr'><strong><em>uirtutes,</em></strong></span> <span class='ocrx_word' id='word_1_181' title='bbox 1882 1804 2038 1881; x_wconf 84' lang='lat' dir='ltr'><strong><em>potentia,</em></strong></span> <span class='ocrx_word' id='word_1_182' title='bbox 2061 1803 2190 1884; x_wconf 83' lang='lat' dir='ltr'><strong><em>bonitas,</em></strong></span> <span class='ocrx_word' id='word_1_183' title='bbox 2207 1808 2379 1885; x_wconf 73' lang='lat' dir='ltr'><strong><em>sapientia,</em></strong></span> 
     </span>
     <span class='ocr_line' id='line_1_13' title="bbox 379 1885 2380 1977; baseline 0 -20"><span class='ocrx_word' id='word_1_184' title='bbox 379 1893 467 1977; x_wconf 84' lang='lat' dir='ltr'><strong><em>(Act.</em></strong></span> <span class='ocrx_word' id='word_1_185' title='bbox 488 1896 521 1969; x_wconf 83' lang='lat'><strong><em>7,</em></strong></span> <span class='ocrx_word' id='word_1_186' title='bbox 540 1895 582 1953; x_wconf 82' lang='lat'><strong><em>48</em></strong></span> <span class='ocrx_word' id='word_1_187' title='bbox 605 1896 638 1954; x_wconf 90' lang='grc'><strong><em>66</em></strong></span> <span class='ocrx_word' id='word_1_188' title='bbox 662 1892 715 1965; x_wconf 84' lang='grc'><strong><em>17,</em></strong></span> <span class='ocrx_word' id='word_1_189' title='bbox 737 1889 802 1971; x_wconf 83' lang='lat'>24).</span> <span class='ocrx_word' id='word_1_190' title='bbox 847 1888 973 1951; x_wconf 78' lang='lat' dir='ltr'><strong><em>Vanum</em></strong></span> <span class='ocrx_word' id='word_1_191' title='bbox 1001 1887 1079 1969; x_wconf 83' lang='lat' dir='ltr'><strong><em>quia</em></strong></span> <span class='ocrx_word' id='word_1_192' title='bbox 1106 1885 1201 1950; x_wconf 84' lang='lat' dir='ltr'><strong><em>aliter</em></strong></span> <span class='ocrx_word' id='word_1_193' title='bbox 1222 1887 1353 1951; x_wconf 84' lang='lat' dir='ltr'><strong><em>insuar·</em></strong></span> <span class='ocrx_word' id='word_1_194' title='bbox 1406 1887 1544 1963; x_wconf 88' lang='lat' dir='ltr'><strong><em>iustitia,</em></strong></span> <span class='ocrx_word' id='word_1_195' title='bbox 1566 1886 1794 1962; x_wconf 74' lang='lat' dir='ltr'><strong><em>misericordia,</em></strong></span> <span class='ocrx_word' id='word_1_196' title='bbox 1817 1889 1946 1964; x_wconf 84' lang='lat' dir='ltr'><strong><em>veritas,</em></strong></span> <span class='ocrx_word' id='word_1_197' title='bbox 1969 1888 2079 1967; x_wconf 87' lang='lat' dir='ltr'><strong><em>quiin</em></strong></span> <span class='ocrx_word' id='word_1_198' title='bbox 2102 1891 2171 1955; x_wconf 89' lang='lat' dir='ltr'><strong><em>eiiis</em></strong></span> <span class='ocrx_word' id='word_1_199' title='bbox 2197 1891 2380 1957; x_wconf 87' lang='lat' dir='ltr'><strong><em>admiratio-</em></strong></span> 
     </span>
     <span class='ocr_line' id='line_1_14' title="bbox 378 1971 2379 2058; baseline 0 -16"><span class='ocrx_word' id='word_1_200' title='bbox 378 1978 516 2042; x_wconf 87' lang='lat' dir='ltr'><strong><em>rabilem</em></strong></span> <span class='ocrx_word' id='word_1_201' title='bbox 537 1977 606 2041; x_wconf 84' lang='lat' dir='ltr'><strong><em>eius</em></strong></span> <span class='ocrx_word' id='word_1_202' title='bbox 629 1974 767 2058; x_wconf 84' lang='lat' dir='ltr'><strong><em>gloriam</em></strong></span> <span class='ocrx_word' id='word_1_203' title='bbox 793 1993 886 2037; x_wconf 86' lang='lat' dir='ltr'><strong><em>mous</em></strong></span> <span class='ocrx_word' id='word_1_204' title='bbox 907 1979 1022 2037; x_wconf 89' lang='lat' dir='ltr'><strong><em>nostra</em></strong></span> <span class='ocrx_word' id='word_1_205' title='bbox 1043 1992 1103 2053; x_wconf 89' lang='lat' dir='ltr'><strong><em>pro</em></strong></span> <span class='ocrx_word' id='word_1_206' title='bbox 1125 1993 1186 2036; x_wconf 89' lang='lat' dir='ltr'><strong><em>sua</em></strong></span> <span class='ocrx_word' id='word_1_207' title='bbox 1201 1971 1354 2038; x_wconf 77' lang='lat' dir='ltr'><strong><em>,crassitie</em></strong></span> <span class='ocrx_word' id='word_1_208' title='bbox 1405 1992 1476 2036; x_wconf 89' lang='lat' dir='ltr'><strong><em>nem</em></strong></span> <span class='ocrx_word' id='word_1_209' title='bbox 1496 1992 1553 2035; x_wconf 91' lang='lat' dir='ltr'><strong><em>nos</em></strong></span> <span class='ocrx_word' id='word_1_210' title='bbox 1573 1973 1712 2052; x_wconf 83' lang='lat' dir='ltr'><strong><em>rapiant,</em></strong></span> <span class='ocrx_word' id='word_1_211' title='bbox 1735 1976 1763 2036; x_wconf 92' lang='lat' dir='ltr'><strong><em>ct</em></strong></span> <span class='ocrx_word' id='word_1_212' title='bbox 1782 1973 1905 2036; x_wconf 74' lang='lat' dir='ltr'><strong><em>incitent</em></strong></span> <span class='ocrx_word' id='word_1_213' title='bbox 1925 1973 1968 2037; x_wconf 88' lang='lat' dir='ltr'><strong><em>ad</em></strong></span> <span class='ocrx_word' id='word_1_214' title='bbox 1989 1974 2201 2041; x_wconf 73' lang='grc' dir='ltr'><strong>66ῑώ6666666</strong></span> <span class='ocrx_word' id='word_1_215' title='bbox 2221 1979 2290 2041; x_wconf 88' lang='lat' dir='ltr'><strong><em>eius</em></strong></span> <span class='ocrx_word' id='word_1_216' title='bbox 2311 1978 2379 2042; x_wconf 70' lang='lat' dir='ltr'><strong><em>lore</em></strong></span> 
     </span>
     <span class='ocr_line' id='line_1_15' title="bbox 378 2057 2379 2144; baseline -0 -16"><span class='ocrx_word' id='word_1_217' title='bbox 378 2064 546 2144; x_wconf 82' lang='lat' dir='ltr'><strong><em>concipere</em></strong></span> <span class='ocrx_word' id='word_1_218' title='bbox 572 2081 638 2124; x_wconf 91' lang='lat' dir='ltr'><strong><em>non</em></strong></span> <span class='ocrx_word' id='word_1_219' title='bbox 658 2067 801 2142; x_wconf 87' lang='lat' dir='ltr'><strong><em>poterut,</em></strong></span> <span class='ocrx_word' id='word_1_220' title='bbox 829 2057 923 2122; x_wconf 89' lang='lat' dir='ltr'><strong><em>nobis</em></strong></span> <span class='ocrx_word' id='word_1_221' title='bbox 948 2078 1009 2140; x_wconf 84' lang='lat' dir='ltr'><strong><em>per</em></strong></span> <span class='ocrx_word' id='word_1_222' title='bbox 1035 2057 1161 2121; x_wconf 85' lang='lat' dir='ltr'><strong><em>coelum</em></strong></span> <span class='ocrx_word' id='word_1_223' title='bbox 1185 2057 1354 2141; x_wconf 84' lang='lat' dir='ltr'><strong><em>designata</em></strong></span> <span class='ocrx_word' id='word_1_224' title='bbox 1406 2057 1483 2121; x_wconf 85' lang='lat' dir='ltr'><strong><em>dam.</em></strong></span> <span class='ocrx_word' id='word_1_225' title='bbox 1530 2057 1614 2137; x_wconf 75' lang='lat' dir='ltr'><strong><em>Quia</em></strong></span> <span class='ocrx_word' id='word_1_226' title='bbox 1640 2078 1710 2139; x_wconf 78' lang='lat' dir='ltr'><strong><em>erpo</em></strong></span> <span class='ocrx_word' id='word_1_227' title='bbox 1737 2062 1802 2121; x_wconf 89' lang='lat' dir='ltr'><strong><em>tam</em></strong></span> <span class='ocrx_word' id='word_1_228' title='bbox 1827 2059 1954 2140; x_wconf 69' lang='lat' dir='ltr'><strong><em>indigne</em></strong></span> <span class='ocrx_word' id='word_1_229' title='bbox 1980 2080 2040 2123; x_wconf 87' lang='lat' dir='ltr'><strong><em>saa</em></strong></span> <span class='ocrx_word' id='word_1_230' title='bbox 2062 2059 2130 2124; x_wconf 88' lang='lat' dir='ltr'><strong><em>Deo</em></strong></span> <span class='ocrx_word' id='word_1_231' title='bbox 2151 2064 2302 2127; x_wconf 77' lang='lat' dir='ltr'><strong><em>sanctitas</em></strong></span> <span class='ocrx_word' id='word_1_232' title='bbox 2320 2064 2379 2126; x_wconf 77' lang='lat' dir='ltr'><strong><em>cri</em></strong></span> 
     </span>
     <span class='ocr_line' id='line_1_16' title="bbox 377 2142 2380 2230; baseline 0 -17"><span class='ocrx_word' id='word_1_233' title='bbox 377 2154 442 2226; x_wconf 89' lang='lat' dir='ltr'><strong><em>est,</em></strong></span> <span class='ocrx_word' id='word_1_234' title='bbox 472 2169 536 2230; x_wconf 91' lang='lat' dir='ltr'><strong><em>quo</em></strong></span> <span class='ocrx_word' id='word_1_235' title='bbox 563 2145 647 2210; x_wconf 90' lang='lat' dir='ltr'><strong><em>nihil</em></strong></span> <span class='ocrx_word' id='word_1_236' title='bbox 669 2146 840 2228; x_wconf 89' lang='lat' dir='ltr'><strong><em>augustius</em></strong></span> <span class='ocrx_word' id='word_1_237' title='bbox 868 2151 925 2208; x_wconf 89' lang='lat' dir='ltr'><strong><em>aut</em></strong></span> <span class='ocrx_word' id='word_1_238' title='bbox 945 2143 1115 2207; x_wconf 85' lang='lat' dir='ltr'><strong><em>maiestate</em></strong></span> <span class='ocrx_word' id='word_1_239' title='bbox 1141 2143 1271 2224; x_wconf 86' lang='lat' dir='ltr'><strong><em>plonius</em></strong></span> <span class='ocrx_word' id='word_1_240' title='bbox 1293 2142 1354 2208; x_wconf 91' lang='lat' dir='ltr'><strong><em>sub</em></strong></span> <span class='ocrx_word' id='word_1_241' title='bbox 1399 2144 1493 2224; x_wconf 87' lang='lat' dir='ltr'><strong><em>pitiir</em></strong></span> <span class='ocrx_word' id='word_1_242' title='bbox 1515 2144 1552 2206; x_wconf 89' lang='lat' dir='ltr'><strong><em>in</em></strong></span> <span class='ocrx_word' id='word_1_243' title='bbox 1573 2144 1680 2219; x_wconf 88' lang='lat' dir='ltr'><strong><em>terris,</em></strong></span> <span class='ocrx_word' id='word_1_244' title='bbox 1703 2145 1733 2206; x_wconf 87' lang='lat' dir='ltr'><strong><em>si</em></strong></span> <span class='ocrx_word' id='word_1_245' title='bbox 1754 2162 1823 2205; x_wconf 90' lang='lat' dir='ltr'><strong><em>eam</em></strong></span> <span class='ocrx_word' id='word_1_246' title='bbox 1844 2163 1981 2209; x_wconf 84' lang='lat' dir='ltr'><strong><em>asserere</em></strong></span> <span class='ocrx_word' id='word_1_247' title='bbox 2001 2144 2090 2209; x_wconf 84' lang='lat' dir='ltr'><strong><em>nobis</em></strong></span> <span class='ocrx_word' id='word_1_248' title='bbox 2110 2167 2172 2210; x_wconf 91' lang='lat' dir='ltr'><strong><em>nan</em></strong></span> <span class='ocrx_word' id='word_1_249' title='bbox 2193 2147 2296 2226; x_wconf 86' lang='lat' dir='ltr'><strong><em>datur,</em></strong></span> <span class='ocrx_word' id='word_1_250' title='bbox 2318 2149 2380 2213; x_wconf 86' lang='lat' dir='ltr'><strong><em>sol·</em></strong></span> 
     </span>
    </p>
   </div>
   <div class='ocr_carea' id='block_1_3' title="bbox 378 2227 2520 2317">
    <p class='ocr_par' dir='ltr' id='par_1_4' title="bbox 378 2227 2520 2317">
     <span class='ocr_line' id='line_1_17' title="bbox 378 2227 2520 2317; baseline 0 -19"><span class='ocrx_word' id='word_1_251' title='bbox 378 2241 546 2317; x_wconf 83' lang='lat' dir='ltr'><strong><em>aspectum</em></strong></span> <span class='ocrx_word' id='word_1_252' title='bbox 579 2238 729 2296; x_wconf 88' lang='lat' dir='ltr'><strong><em>nastrum</em></strong></span> <span class='ocrx_word' id='word_1_253' title='bbox 760 2231 874 2295; x_wconf 83' lang='lat' dir='ltr'><strong><em>venire</em></strong></span> <span class='ocrx_word' id='word_1_254' title='bbox 902 2236 1017 2311; x_wconf 84' lang='lat' dir='ltr'><strong><em>potest.</em></strong></span> <span class='ocrx_word' id='word_1_255' title='bbox 1073 2227 1215 2308; x_wconf 82' lang='lat' dir='ltr'><strong><em>Quando</em></strong></span> <span class='ocrx_word' id='word_1_256' title='bbox 1242 2230 1353 2313; x_wconf 86' lang='lat' dir='ltr'><strong><em>igitur,</em></strong></span> <span class='ocrx_word' id='word_1_257' title='bbox 1405 2234 1464 2292; x_wconf 83' lang='lat' dir='ltr'><strong><em>tem</em></strong></span> <span class='ocrx_word' id='word_1_258' title='bbox 1485 2228 1626 2292; x_wconf 71' lang='lat' dir='ltr'><strong><em>tamar</em></strong></span> <span class='ocrx_word' id='word_1_259' title='bbox 1646 2230 1715 2293; x_wconf 89' lang='lat' dir='ltr'><strong><em>eins</em></strong></span> <span class='ocrx_word' id='word_1_260' title='bbox 1733 2230 1942 2292; x_wconf 83' lang='lat' dir='ltr'><strong><em>curamentis</em></strong></span> <span class='ocrx_word' id='word_1_261' title='bbox 1963 2232 2127 2310; x_wconf 83' lang='lat' dir='ltr'><strong><em>siisripere.</em></strong></span> <span class='ocrx_word' id='word_1_262' title='bbox 2174 2231 2304 2297; x_wconf 80' lang='lat' dir='ltr'><strong><em>Summa</em></strong></span> <span class='ocrx_word' id='word_1_263' title='bbox 2325 2240 2378 2312; x_wconf 84' lang='lat' dir='ltr'><strong><em>est,</em></strong></span> <span class='ocrx_word' id='word_1_264' title='bbox 2503 2234 2520 2257; x_wconf 75' lang='lat'>‘</span> 
     </span>
    </p>
   </div>
   <div class='ocr_carea' id='block_1_4' title="bbox 377 2312 2382 2999">
    <p class='ocr_par' dir='ltr' id='par_1_5' title="bbox 377 2312 2382 2999">
     <span class='ocr_line' id='line_1_18' title="bbox 377 2312 2377 2401; baseline 0 -18"><span class='ocrx_word' id='word_1_265' title='bbox 377 2320 562 2400; x_wconf 81' lang='lat' dir='ltr'><strong><em>ubieunque</em></strong></span> <span class='ocrx_word' id='word_1_266' title='bbox 584 2339 653 2381; x_wconf 82' lang='lat' dir='ltr'><strong><em>rem</em></strong></span> <span class='ocrx_word' id='word_1_267' title='bbox 678 2317 865 2398; x_wconf 81' lang='lat' dir='ltr'><strong><em>quampiam</em></strong></span> <span class='ocrx_word' id='word_1_268' title='bbox 889 2312 1140 2396; x_wconf 83' lang='lat' dir='ltr'><strong><em>apprehendunt</em></strong></span> <span class='ocrx_word' id='word_1_269' title='bbox 1163 2335 1277 2378; x_wconf 89' lang='lat' dir='ltr'><strong><em>sensus</em></strong></span> <span class='ocrx_word' id='word_1_270' title='bbox 1294 2335 1353 2378; x_wconf 89' lang='lat' dir='ltr'><strong><em>no·</em></strong></span> <span class='ocrx_word' id='word_1_271' title='bbox 1405 2320 1440 2378; x_wconf 91' lang='lat' dir='ltr'><strong><em>ut</em></strong></span> <span class='ocrx_word' id='word_1_272' title='bbox 1452 2320 1598 2396; x_wconf 43' lang='grc'><strong>,66666666</strong></span> <span class='ocrx_word' id='word_1_273' title='bbox 1618 2334 1712 2378; x_wconf 87' lang='lat' dir='ltr'><strong><em>suum</em></strong></span> <span class='ocrx_word' id='word_1_274' title='bbox 1732 2313 1839 2378; x_wconf 81' lang='lat' dir='ltr'><strong><em>haberi</em></strong></span> <span class='ocrx_word' id='word_1_275' title='bbox 1856 2313 1924 2378; x_wconf 88' lang='lat' dir='ltr'><strong><em>Deo</em></strong></span> <span class='ocrx_word' id='word_1_276' title='bbox 1945 2315 2088 2379; x_wconf 79' lang='lat' dir='ltr'><strong><em>honorem</em></strong></span> <span class='ocrx_word' id='word_1_277' title='bbox 2108 2337 2168 2397; x_wconf 88' lang='lat' dir='ltr'><strong><em>quo</em></strong></span> <span class='ocrx_word' id='word_1_278' title='bbox 2188 2319 2303 2401; x_wconf 73' lang='lat' dir='ltr'><strong><em>dignus</em></strong></span> <span class='ocrx_word' id='word_1_279' title='bbox 2324 2325 2377 2397; x_wconf 82' lang='lat' dir='ltr'><strong><em>cit,</em></strong></span> 
     </span>
     <span class='ocr_line' id='line_1_19' title="bbox 378 2399 2382 2487; baseline 0 -18"><span class='ocrx_word' id='word_1_280' title='bbox 378 2406 446 2483; x_wconf 90' lang='lat' dir='ltr'><strong><em>stri,</em></strong></span> <span class='ocrx_word' id='word_1_281' title='bbox 470 2404 603 2487; x_wconf 83' lang='lat' dir='ltr'><strong><em>affigere</em></strong></span> <span class='ocrx_word' id='word_1_282' title='bbox 625 2402 692 2466; x_wconf 85' lang='lat' dir='ltr'><strong><em>illic</em></strong></span> <span class='ocrx_word' id='word_1_283' title='bbox 713 2402 835 2477; x_wconf 86' lang='lat' dir='ltr'><strong><em>solent,</em></strong></span> <span class='ocrx_word' id='word_1_284' title='bbox 863 2409 957 2465; x_wconf 82' lang='lat' dir='ltr'><strong><em>extra</em></strong></span> <span class='ocrx_word' id='word_1_285' title='bbox 979 2419 1109 2468; x_wconf 85' lang='lat' dir='ltr'><strong><em>omnem</em></strong></span> <span class='ocrx_word' id='word_1_286' title='bbox 1131 2400 1240 2465; x_wconf 83' lang='lat' dir='ltr'><strong><em>locum</em></strong></span> <span class='ocrx_word' id='word_1_287' title='bbox 1261 2399 1353 2464; x_wconf 85' lang='lat' dir='ltr'><strong><em>Deus</em></strong></span> <span class='ocrx_word' id='word_1_288' title='bbox 1405 2406 1439 2463; x_wconf 86' lang='lat' dir='ltr'><strong><em>nt</em></strong></span> <span class='ocrx_word' id='word_1_289' title='bbox 1455 2419 1617 2480; x_wconf 87' lang='lat' dir='ltr'><strong><em>nunquam</em></strong></span> <span class='ocrx_word' id='word_1_290' title='bbox 1634 2400 1671 2464; x_wconf 91' lang='lat' dir='ltr'><strong><em>de</em></strong></span> <span class='ocrx_word' id='word_1_291' title='bbox 1687 2403 1756 2482; x_wconf 87' lang='lat' dir='ltr'><strong><em>ipsa</em></strong></span> <span class='ocrx_word' id='word_1_292' title='bbox 1773 2399 1938 2479; x_wconf 75' lang='lat' dir='ltr'><strong><em>loquamur</em></strong></span> <span class='ocrx_word' id='word_1_293' title='bbox 1954 2401 2001 2465; x_wconf 90' lang='lat' dir='ltr'><strong><em>oel</em></strong></span> <span class='ocrx_word' id='word_1_294' title='bbox 2018 2403 2143 2483; x_wconf 70' lang='lat' dir='ltr'><strong><em>cogitent</em></strong></span> <span class='ocrx_word' id='word_1_295' title='bbox 2160 2403 2297 2469; x_wconf 77' lang='lat' dir='ltr'><strong><em>homines</em></strong></span> <span class='ocrx_word' id='word_1_296' title='bbox 2314 2406 2382 2470; x_wconf 81' lang='lat' dir='ltr'><strong><em>sine</em></strong></span> 
     </span>
     <span class='ocr_line' id='line_1_20' title="bbox 378 2485 2382 2569; baseline 0 -15"><span class='ocrx_word' id='word_1_297' title='bbox 378 2491 547 2555; x_wconf 84' lang='lat' dir='ltr'><strong><em>statuitur:</em></strong></span> <span class='ocrx_word' id='word_1_298' title='bbox 575 2496 613 2551; x_wconf 89' lang='lat' dir='ltr'><strong><em>ut</em></strong></span> <span class='ocrx_word' id='word_1_299' title='bbox 638 2487 717 2551; x_wconf 92' lang='lat' dir='ltr'><strong><em>dum</em></strong></span> <span class='ocrx_word' id='word_1_300' title='bbox 745 2506 901 2569; x_wconf 87' lang='lat' dir='ltr'><strong><em>quaerore</em></strong></span> <span class='ocrx_word' id='word_1_301' title='bbox 927 2485 1081 2551; x_wconf 88' lang='lat' dir='ltr'><strong><em>volumus</em></strong></span> <span class='ocrx_word' id='word_1_302' title='bbox 1101 2485 1223 2566; x_wconf 90' lang='lat' dir='ltr'><strong><em>ipsum,</em></strong></span> <span class='ocrx_word' id='word_1_303' title='bbox 1253 2506 1354 2568; x_wconf 88' lang='lat' dir='ltr'><strong><em>supra</em></strong></span> <span class='ocrx_word' id='word_1_304' title='bbox 1405 2505 1529 2549; x_wconf 88' lang='lat' dir='ltr'><strong><em>summa</em></strong></span> <span class='ocrx_word' id='word_1_305' title='bbox 1546 2487 1753 2563; x_wconf 73' lang='lat' dir='ltr'><strong><em>veneratione,</em></strong></span> <span class='ocrx_word' id='word_1_306' title='bbox 1770 2486 1998 2566; x_wconf 88' lang='lat' dir='ltr'><strong><em>cniopponi&#39;tur</em></strong></span> <span class='ocrx_word' id='word_1_307' title='bbox 2008 2486 2199 2569; x_wconf 78' lang='lat' dir='ltr'><strong><em>profanatio,</em></strong></span> <span class='ocrx_word' id='word_1_308' title='bbox 2217 2510 2382 2569; x_wconf 71' lang='grc'><strong>66666666-</strong></span> 
     </span>
     <span class='ocr_line' id='line_1_21' title="bbox 377 2570 2382 2655; baseline 0 -16"><span class='ocrx_word' id='word_1_309' title='bbox 377 2595 507 2640; x_wconf 89' lang='lat' dir='ltr'><strong><em>omnem</em></strong></span> <span class='ocrx_word' id='word_1_310' title='bbox 529 2574 672 2655; x_wconf 84' lang='lat' dir='ltr'><strong><em>corporis</em></strong></span> <span class='ocrx_word' id='word_1_311' title='bbox 697 2579 731 2637; x_wconf 89' lang='grc'><strong><em>66</em></strong></span> <span class='ocrx_word' id='word_1_312' title='bbox 751 2573 879 2636; x_wconf 79' lang='lat' dir='ltr'><strong><em>animae</em></strong></span> <span class='ocrx_word' id='word_1_313' title='bbox 902 2591 1034 2636; x_wconf 89' lang='lat' dir='ltr'><strong><em>sensum</em></strong></span> <span class='ocrx_word' id='word_1_314' title='bbox 1056 2570 1253 2635; x_wconf 83' lang='lat' dir='ltr'><strong><em>attollamur.</em></strong></span> <span class='ocrx_word' id='word_1_315' title='bbox 1285 2572 1353 2635; x_wconf 91' lang='lat' dir='ltr'><strong><em>Da—</em></strong></span> <span class='ocrx_word' id='word_1_316' title='bbox 1399 2591 1462 2654; x_wconf 90' lang='lat' dir='ltr'><strong><em>per</em></strong></span> <span class='ocrx_word' id='word_1_317' title='bbox 1477 2572 1613 2634; x_wconf 87' lang='lat' dir='ltr'><strong><em>nimiam</em></strong></span> <span class='ocrx_word' id='word_1_318' title='bbox 1634 2571 1670 2633; x_wconf 89' lang='lat' dir='ltr'><strong><em>in</em></strong></span> <span class='ocrx_word' id='word_1_319' title='bbox 1695 2570 1810 2635; x_wconf 90' lang='lat' dir='ltr'><strong><em>mundo</em></strong></span> <span class='ocrx_word' id='word_1_320' title='bbox 1834 2571 1978 2653; x_wconf 74' lang='lat' dir='ltr'><strong><em>culparis</em></strong></span> <span class='ocrx_word' id='word_1_321' title='bbox 2001 2572 2079 2653; x_wconf 84' lang='lat' dir='ltr'><strong><em>fuit,</em></strong></span> <span class='ocrx_word' id='word_1_322' title='bbox 2101 2579 2142 2638; x_wconf 85' lang='lat' dir='ltr'><strong><em>iit</em></strong></span> <span class='ocrx_word' id='word_1_323' title='bbox 2163 2572 2254 2639; x_wconf 85' lang='lat' dir='ltr'><strong><em>lindie</em></strong></span> <span class='ocrx_word' id='word_1_324' title='bbox 2279 2575 2382 2640; x_wconf 74' lang='lat' dir='ltr'><strong><em>adina</em></strong></span> 
     </span>
     <span class='ocr_line' id='line_1_22' title="bbox 377 2654 2381 2740; baseline 0 -16"><span class='ocrx_word' id='word_1_325' title='bbox 377 2661 455 2724; x_wconf 90' lang='lat' dir='ltr'><strong><em>inde</em></strong></span> <span class='ocrx_word' id='word_1_326' title='bbox 482 2659 544 2723; x_wconf 85' lang='lat' dir='ltr'><strong><em>huo</em></strong></span> <span class='ocrx_word' id='word_1_327' title='bbox 572 2656 725 2739; x_wconf 81' lang='lat' dir='ltr'><strong><em>loquendi</em></strong></span> <span class='ocrx_word' id='word_1_328' title='bbox 750 2656 892 2720; x_wconf 79' lang='lat' dir='ltr'><strong><em>formula</em></strong></span> <span class='ocrx_word' id='word_1_329' title='bbox 921 2677 1022 2737; x_wconf 84' lang='lat' dir='ltr'><strong><em>supra</em></strong></span> <span class='ocrx_word' id='word_1_330' title='bbox 1046 2676 1177 2720; x_wconf 90' lang='lat' dir='ltr'><strong><em>amnem</em></strong></span> <span class='ocrx_word' id='word_1_331' title='bbox 1205 2662 1263 2720; x_wconf 84' lang='lat' dir='ltr'><strong><em>aut</em></strong></span> <span class='ocrx_word' id='word_1_332' title='bbox 1282 2676 1353 2721; x_wconf 86' lang='lat' dir='ltr'><strong><em>cor·</em></strong></span> <span class='ocrx_word' id='word_1_333' title='bbox 1403 2661 1578 2739; x_wconf 71' lang='lat' dir='ltr'><strong><em>grassatur.</em></strong></span> <span class='ocrx_word' id='word_1_334' title='bbox 1622 2655 1727 2737; x_wconf 83' lang='lat' dir='ltr'><strong><em>Atque</em></strong></span> <span class='ocrx_word' id='word_1_335' title='bbox 1748 2654 1819 2720; x_wconf 85' lang='lat' dir='ltr'><strong><em>linc</em></strong></span> <span class='ocrx_word' id='word_1_336' title='bbox 1836 2657 1997 2738; x_wconf 80' lang='lat' dir='ltr'><strong><em>petitionis</em></strong></span> <span class='ocrx_word' id='word_1_337' title='bbox 2017 2661 2198 2737; x_wconf 84' lang='lat' dir='ltr'><strong><em>necessitas,</em></strong></span> <span class='ocrx_word' id='word_1_338' title='bbox 2220 2680 2328 2740; x_wconf 83' lang='lat' dir='ltr'><strong><em>quam,</em></strong></span> <span class='ocrx_word' id='word_1_339' title='bbox 2350 2663 2381 2726; x_wconf 84' lang='lat' dir='ltr'><strong><em>si&#39;</em></strong></span> 
     </span>
     <span class='ocr_line' id='line_1_23' title="bbox 377 2741 2381 2828; baseline 0.002 -19"><span class='ocrx_word' id='word_1_340' title='bbox 377 2745 539 2828; x_wconf 84' lang='lat' dir='ltr'><strong><em>ruptionis</em></strong></span> <span class='ocrx_word' id='word_1_341' title='bbox 566 2751 623 2807; x_wconf 87' lang='lat' dir='ltr'><strong><em>aut</em></strong></span> <span class='ocrx_word' id='word_1_342' title='bbox 649 2743 840 2807; x_wconf 82' lang='lat' dir='ltr'><strong><em>mutationis</em></strong></span> <span class='ocrx_word' id='word_1_343' title='bbox 868 2742 973 2806; x_wconf 85' lang='lat' dir='ltr'><strong><em>alsam</em></strong></span> <span class='ocrx_word' id='word_1_344' title='bbox 1000 2742 1158 2807; x_wconf 84' lang='lat' dir='ltr'><strong><em>evehitur.</em></strong></span> <span class='ocrx_word' id='word_1_345' title='bbox 1207 2742 1353 2806; x_wconf 89' lang='lat' dir='ltr'><strong><em>Demum</em></strong></span> <span class='ocrx_word' id='word_1_346' title='bbox 1405 2742 1568 2806; x_wconf 84' lang='lat' dir='ltr'><strong><em>mediocris</em></strong></span> <span class='ocrx_word' id='word_1_347' title='bbox 1593 2741 1675 2804; x_wconf 86' lang='lat' dir='ltr'><strong><em>inter</em></strong></span> <span class='ocrx_word' id='word_1_348' title='bbox 1701 2760 1757 2806; x_wconf 89' lang='lat' dir='ltr'><strong><em>nos</em></strong></span> <span class='ocrx_word' id='word_1_349' title='bbox 1777 2743 1883 2821; x_wconf 87' lang='lat' dir='ltr'><strong><em>pietas</em></strong></span> <span class='ocrx_word' id='word_1_350' title='bbox 1902 2743 2030 2824; x_wconf 78' lang='lat' dir='ltr'><strong><em>ciperet,</em></strong></span> <span class='ocrx_word' id='word_1_351' title='bbox 2062 2764 2289 2825; x_wconf 80' lang='lat' dir='ltr'><strong><em>superuacuam</em></strong></span> <span class='ocrx_word' id='word_1_352' title='bbox 2316 2767 2381 2814; x_wconf 87' lang='lat' dir='ltr'><strong><em>esse</em></strong></span> 
     </span>
     <span class='ocr_line' id='line_1_24' title="bbox 377 2825 2379 2912; baseline 0 -16"><span class='ocrx_word' id='word_1_353' title='bbox 377 2832 568 2896; x_wconf 80' lang='lat' dir='ltr'><strong><em>uuiversum</em></strong></span> <span class='ocrx_word' id='word_1_354' title='bbox 590 2828 703 2893; x_wconf 87' lang='lat' dir='ltr'><strong><em>orbem</em></strong></span> <span class='ocrx_word' id='word_1_355' title='bbox 725 2827 894 2909; x_wconf 82' lang='lat' dir='ltr'><strong><em>complecti</em></strong></span> <span class='ocrx_word' id='word_1_356' title='bbox 914 2835 948 2891; x_wconf 85' lang='lat' dir='ltr'><strong><em>et</em></strong></span> <span class='ocrx_word' id='word_1_357' title='bbox 969 2828 1134 2890; x_wconf 82' lang='lat' dir='ltr'><strong><em>mutinera</em></strong></span> <span class='ocrx_word' id='word_1_358' title='bbox 1156 2847 1277 2909; x_wconf 85' lang='lat' dir='ltr'><strong><em>suaque</em></strong></span> <span class='ocrx_word' id='word_1_359' title='bbox 1294 2847 1353 2909; x_wconf 89' lang='lat' dir='ltr'><strong><em>po-</em></strong></span> <span class='ocrx_word' id='word_1_360' title='bbox 1406 2825 1534 2891; x_wconf 81' lang='lat' dir='ltr'><strong><em>decebot.</em></strong></span> <span class='ocrx_word' id='word_1_361' title='bbox 1583 2826 1671 2907; x_wconf 78' lang='lat' dir='ltr'><strong><em>Quod</em></strong></span> <span class='ocrx_word' id='word_1_362' title='bbox 1697 2826 1728 2890; x_wconf 86' lang='lat' dir='ltr'><strong><em>si</em></strong></span> <span class='ocrx_word' id='word_1_363' title='bbox 1754 2825 1819 2890; x_wconf 89' lang='lat' dir='ltr'><strong><em>Dei</em></strong></span> <span class='ocrx_word' id='word_1_364' title='bbox 1845 2828 1967 2892; x_wconf 85' lang='lat' dir='ltr'><strong><em>nornini&#39;</em></strong></span> <span class='ocrx_word' id='word_1_365' title='bbox 1991 2848 2051 2892; x_wconf 87' lang='lat' dir='ltr'><strong><em>sna</em></strong></span> <span class='ocrx_word' id='word_1_366' title='bbox 2077 2836 2193 2894; x_wconf 71' lang='lat' dir='ltr'><strong><em>condat</em></strong></span> <span class='ocrx_word' id='word_1_367' title='bbox 2220 2833 2379 2912; x_wconf 84' lang='lat' dir='ltr'><strong><em>sanctitas,</em></strong></span> 
     </span>
     <span class='ocr_line' id='line_1_25' title="bbox 377 2910 2381 2999; baseline 0 -20"><span class='ocrx_word' id='word_1_368' title='bbox 377 2917 481 2980; x_wconf 81' lang='lat' dir='ltr'><strong><em>tantia</em></strong></span> <span class='ocrx_word' id='word_1_369' title='bbox 501 2913 664 2978; x_wconf 86' lang='lat' dir='ltr'><strong><em>moderari</em></strong></span> <span class='ocrx_word' id='word_1_370' title='bbox 684 2913 893 2996; x_wconf 82' lang='lat' dir='ltr'><strong><em>significatur.</em></strong></span> <span class='ocrx_word' id='word_1_371' title='bbox 930 2910 1042 2992; x_wconf 77' lang='lat' dir='ltr'><strong><em>Quare</em></strong></span> <span class='ocrx_word' id='word_1_372' title='bbox 1065 2912 1127 2977; x_wconf 89' lang='lat' dir='ltr'><strong><em>hoo</em></strong></span> <span class='ocrx_word' id='word_1_373' title='bbox 1148 2912 1284 2994; x_wconf 86' lang='lat' dir='ltr'><strong><em>perinde</em></strong></span> <span class='ocrx_word' id='word_1_374' title='bbox 1304 2919 1355 2977; x_wconf 85' lang='grc'><strong><em>666</em></strong></span> <span class='ocrx_word' id='word_1_375' title='bbox 1406 2912 1461 2978; x_wconf 80' lang='lat' dir='ltr'><strong><em>ubi</em></strong></span> <span class='ocrx_word' id='word_1_376' title='bbox 1483 2912 1522 2976; x_wconf 84' lang='lat' dir='ltr'><strong><em>ab</em></strong></span> <span class='ocrx_word' id='word_1_377' title='bbox 1542 2911 1620 2977; x_wconf 87' lang='lat' dir='ltr'><strong><em>aliis</em></strong></span> <span class='ocrx_word' id='word_1_378' title='bbox 1639 2911 1782 2975; x_wconf 76' lang='lat' dir='ltr'><strong><em>omnilus</em></strong></span> <span class='ocrx_word' id='word_1_379' title='bbox 1803 2917 1995 2994; x_wconf 80' lang='lat' dir='ltr'><strong><em>seprcpatnm</em></strong></span> <span class='ocrx_word' id='word_1_380' title='bbox 2015 2935 2134 2979; x_wconf 91' lang='lat' dir='ltr'><strong><em>meram</em></strong></span> <span class='ocrx_word' id='word_1_381' title='bbox 2152 2916 2288 2998; x_wconf 78' lang='lat' dir='ltr'><strong><em>planiam</em></strong></span> <span class='ocrx_word' id='word_1_382' title='bbox 2315 2919 2381 2999; x_wconf 60' lang='lat' dir='ltr'><strong><em>spis</em></strong></span> 
     </span>
    </p>
   </div>
   <div class='ocr_carea' id='block_1_5' title="bbox 377 2997 2489 3080">
    <p class='ocr_par' dir='ltr' id='par_1_6' title="bbox 377 2997 2489 3080">
     <span class='ocr_line' id='line_1_26' title="bbox 377 2997 2489 3080; baseline -0 -14"><span class='ocrx_word' id='word_1_383' title='bbox 377 3023 415 3066; x_wconf 96' lang='grc'><strong><em>66</em></strong></span> <span class='ocrx_word' id='word_1_384' title='bbox 437 3002 463 3065; x_wconf 89' lang='lat' dir='ltr'><strong><em>si</em></strong></span> <span class='ocrx_word' id='word_1_385' title='bbox 492 2999 597 3065; x_wconf 83' lang='lat' dir='ltr'><strong><em>dietus</em></strong></span> <span class='ocrx_word' id='word_1_386' title='bbox 626 3007 713 3063; x_wconf 88' lang='grc'><strong>66666</strong></span> <span class='ocrx_word' id='word_1_387' title='bbox 739 2998 887 3062; x_wconf 83' lang='lat' dir='ltr'><strong><em>infinitae</em></strong></span> <span class='ocrx_word' id='word_1_388' title='bbox 913 2997 1148 3080; x_wconf 77' lang='lat' dir='ltr'><strong><em>magnitudinis</em></strong></span> <span class='ocrx_word' id='word_1_389' title='bbox 1172 3007 1230 3062; x_wconf 89' lang='lat' dir='ltr'><strong><em>aut</em></strong></span> <span class='ocrx_word' id='word_1_390' title='bbox 1252 2997 1353 3063; x_wconf 85' lang='lat' dir='ltr'><strong><em>subli·</em></strong></span> <span class='ocrx_word' id='word_1_391' title='bbox 1405 3003 1469 3077; x_wconf 89' lang='lat' dir='ltr'><strong><em>rat,</em></strong></span> <span class='ocrx_word' id='word_1_392' title='bbox 1499 2997 1550 3061; x_wconf 86' lang='lat' dir='ltr'><strong><em>liic</em></strong></span> <span class='ocrx_word' id='word_1_393' title='bbox 1568 3017 1630 3060; x_wconf 90' lang='lat' dir='ltr'><strong><em>nari</em></strong></span> <span class='ocrx_word' id='word_1_394' title='bbox 1650 3001 1772 3061; x_wconf 85' lang='lat' dir='ltr'><strong><em>tantam</em></strong></span> <span class='ocrx_word' id='word_1_395' title='bbox 1786 3001 1890 3077; x_wconf 86' lang='lat' dir='ltr'><strong><em>petere</em></strong></span> <span class='ocrx_word' id='word_1_396' title='bbox 1910 2998 2061 3077; x_wconf 84' lang='lat' dir='ltr'><strong><em>iulieirmr,</em></strong></span> <span class='ocrx_word' id='word_1_397' title='bbox 2087 3006 2123 3064; x_wconf 88' lang='lat' dir='ltr'><strong><em>ut</em></strong></span> <span class='ocrx_word' id='word_1_398' title='bbox 2142 3000 2234 3066; x_wconf 84' lang='lat' dir='ltr'><strong><em>Dens</em></strong></span> <span class='ocrx_word' id='word_1_399' title='bbox 2254 3022 2380 3067; x_wconf 88' lang='lat' dir='ltr'><strong><em>socrum</em></strong></span> <span class='ocrx_word' id='word_1_400' title='bbox 2486 3007 2489 3024; x_wconf 91' lang='lat'>&#39;</span> 
     </span>
    </p>
   </div>
   <div class='ocr_carea' id='block_1_6' title="bbox 356 3082 2379 5726">
    <p class='ocr_par' dir='ltr' id='par_1_7' title="bbox 356 3082 2379 4704">
     <span class='ocr_line' id='line_1_27' title="bbox 376 3082 2379 3167; baseline 0 -16"><span class='ocrx_word' id='word_1_401' title='bbox 376 3087 509 3163; x_wconf 89' lang='lat' dir='ltr'><strong><em>mitatis,</em></strong></span> <span class='ocrx_word' id='word_1_402' title='bbox 532 3083 869 3165; x_wconf 84' lang='lat' dir='ltr'><strong><em>incomprehensibilis</em></strong></span> <span class='ocrx_word' id='word_1_403' title='bbox 891 3085 1065 3161; x_wconf 85' lang='lat' dir='ltr'><strong><em>esseutiae,</em></strong></span> <span class='ocrx_word' id='word_1_404' title='bbox 1093 3083 1273 3149; x_wconf 82' lang='lat' dir='ltr'><strong><em>immensus</em></strong></span> <span class='ocrx_word' id='word_1_405' title='bbox 1294 3103 1353 3165; x_wconf 90' lang='lat' dir='ltr'><strong><em>po·</em></strong></span> <span class='ocrx_word' id='word_1_406' title='bbox 1405 3083 1487 3148; x_wconf 85' lang='lat' dir='ltr'><strong><em>illud</em></strong></span> <span class='ocrx_word' id='word_1_407' title='bbox 1506 3102 1617 3146; x_wconf 90' lang='lat' dir='ltr'><strong><em>nomen</em></strong></span> <span class='ocrx_word' id='word_1_408' title='bbox 1636 3082 1675 3147; x_wconf 86' lang='lat' dir='ltr'><strong><em>ali</em></strong></span> <span class='ocrx_word' id='word_1_409' title='bbox 1697 3083 1781 3146; x_wconf 90' lang='lat' dir='ltr'><strong><em>onini</em></strong></span> <span class='ocrx_word' id='word_1_410' title='bbox 1801 3086 1968 3164; x_wconf 70' lang='lat' dir='ltr'><strong><em>ananum</em></strong></span> <span class='ocrx_word' id='word_1_411' title='bbox 1989 3090 2017 3148; x_wconf 85' lang='lat' dir='ltr'><strong><em>et</em></strong></span> <span class='ocrx_word' id='word_1_412' title='bbox 2041 3086 2215 3167; x_wconf 75' lang='lat' dir='ltr'><strong><em>ipammnia</em></strong></span> <span class='ocrx_word' id='word_1_413' title='bbox 2236 3088 2379 3167; x_wconf 68' lang='lat' dir='ltr'><strong><em>vendicet,</em></strong></span> 
     </span>
     <span class='ocr_line' id='line_1_28' title="bbox 378 3167 2379 3253; baseline -0.001 -15"><span class='ocrx_word' id='word_1_414' title='bbox 378 3173 513 3249; x_wconf 85' lang='lat' dir='ltr'><strong><em>tentiae,</em></strong></span> <span class='ocrx_word' id='word_1_415' title='bbox 541 3176 696 3235; x_wconf 79' lang='lat' dir='ltr'><strong><em>astamus</em></strong></span> <span class='ocrx_word' id='word_1_416' title='bbox 716 3169 980 3234; x_wconf 81' lang='lat' dir='ltr'><strong><em>immortalitatis.</em></strong></span> <span class='ocrx_word' id='word_1_417' title='bbox 1023 3168 1064 3232; x_wconf 93' lang='lat' dir='ltr'><strong><em>Id</em></strong></span> <span class='ocrx_word' id='word_1_418' title='bbox 1085 3188 1163 3234; x_wconf 84' lang='lat' dir='ltr'><strong><em>vero</em></strong></span> <span class='ocrx_word' id='word_1_419' title='bbox 1185 3167 1265 3232; x_wconf 91' lang='lat' dir='ltr'><strong><em>dum</em></strong></span> <span class='ocrx_word' id='word_1_420' title='bbox 1293 3189 1353 3233; x_wconf 85' lang='lat' dir='ltr'><strong><em>au·</em></strong></span> <span class='ocrx_word' id='word_1_421' title='bbox 1405 3170 1459 3235; x_wconf 88' lang='lat' dir='ltr'><strong><em>sed</em></strong></span> <span class='ocrx_word' id='word_1_422' title='bbox 1480 3168 1575 3232; x_wconf 88' lang='lat' dir='ltr'><strong><em>etiam</em></strong></span> <span class='ocrx_word' id='word_1_423' title='bbox 1591 3173 1627 3231; x_wconf 91' lang='lat' dir='ltr'><strong><em>iit</em></strong></span> <span class='ocrx_word' id='word_1_424' title='bbox 1643 3168 1686 3231; x_wconf 90' lang='lat' dir='ltr'><strong><em>ad</em></strong></span> <span class='ocrx_word' id='word_1_425' title='bbox 1706 3169 1775 3232; x_wconf 87' lang='lat' dir='ltr'><strong><em>eins</em></strong></span> <span class='ocrx_word' id='word_1_426' title='bbox 1794 3171 1995 3232; x_wconf 69' lang='lat' dir='ltr'><strong><em>neomeniam</em></strong></span> <span class='ocrx_word' id='word_1_427' title='bbox 2016 3172 2140 3253; x_wconf 75' lang='lat' dir='ltr'><strong><em>achiput</em></strong></span> <span class='ocrx_word' id='word_1_428' title='bbox 2159 3175 2253 3234; x_wconf 87' lang='lat' dir='ltr'><strong><em>totum</em></strong></span> <span class='ocrx_word' id='word_1_429' title='bbox 2269 3172 2379 3236; x_wconf 84' lang='lat' dir='ltr'><strong><em>lumn-</em></strong></span> 
     </span>
     <span class='ocr_line' id='line_1_29' title="bbox 379 3252 2378 3340; baseline -0.001 -18"><span class='ocrx_word' id='word_1_430' title='bbox 379 3258 499 3335; x_wconf 91' lang='lat' dir='ltr'><strong><em>dimus,</em></strong></span> <span class='ocrx_word' id='word_1_431' title='bbox 528 3254 709 3340; x_wconf 75' lang='lat' dir='ltr'><strong><em>exserenda</em></strong></span> <span class='ocrx_word' id='word_1_432' title='bbox 730 3263 781 3319; x_wconf 83' lang='lat' dir='ltr'><strong><em>ost</em></strong></span> <span class='ocrx_word' id='word_1_433' title='bbox 803 3255 901 3318; x_wconf 80' lang='lat' dir='ltr'><strong><em>altius</em></strong></span> <span class='ocrx_word' id='word_1_434' title='bbox 921 3259 1036 3317; x_wconf 78' lang='lat' dir='ltr'><strong><em>nostru</em></strong></span> <span class='ocrx_word' id='word_1_435' title='bbox 1054 3253 1222 3337; x_wconf 81' lang='lat' dir='ltr'><strong><em>cogitatio,</em></strong></span> <span class='ocrx_word' id='word_1_436' title='bbox 1249 3274 1353 3336; x_wconf 90' lang='lat' dir='ltr'><strong><em>quum</em></strong></span> <span class='ocrx_word' id='word_1_437' title='bbox 1404 3275 1481 3318; x_wconf 87' lang='lat' dir='ltr'><strong><em>num</em></strong></span> <span class='ocrx_word' id='word_1_438' title='bbox 1498 3273 1604 3337; x_wconf 77' lang='lat' dir='ltr'><strong><em>penus.</em></strong></span> <span class='ocrx_word' id='word_1_439' title='bbox 1638 3252 1712 3317; x_wconf 89' lang='lat' dir='ltr'><strong><em>Iam</em></strong></span> <span class='ocrx_word' id='word_1_440' title='bbox 1733 3274 1829 3333; x_wconf 86' lang='lat' dir='ltr'><strong><em>quum</em></strong></span> <span class='ocrx_word' id='word_1_441' title='bbox 1845 3253 1936 3318; x_wconf 87' lang='lat' dir='ltr'><strong><em>Deus</em></strong></span> <span class='ocrx_word' id='word_1_442' title='bbox 1950 3256 2073 3335; x_wconf 84' lang='lat' dir='ltr'><strong><em>partim</em></strong></span> <span class='ocrx_word' id='word_1_443' title='bbox 2089 3256 2237 3333; x_wconf 87' lang='lat' dir='ltr'><strong><em>doctrina,</em></strong></span> <span class='ocrx_word' id='word_1_444' title='bbox 2255 3259 2378 3337; x_wconf 84' lang='lat' dir='ltr'><strong><em>partim</em></strong></span> 
     </span>
     <span class='ocr_line' id='line_1_30' title="bbox 378 3337 2377 3422; baseline 0 -15"><span class='ocrx_word' id='word_1_445' title='bbox 378 3343 419 3408; x_wconf 85' lang='lat' dir='ltr'><strong><em>da</em></strong></span> <span class='ocrx_word' id='word_1_446' title='bbox 440 3342 513 3406; x_wconf 86' lang='lat' dir='ltr'><strong><em>Dso</em></strong></span> <span class='ocrx_word' id='word_1_447' title='bbox 535 3360 642 3406; x_wconf 84' lang='lat' dir='ltr'><strong><em>sermo</em></strong></span> <span class='ocrx_word' id='word_1_448' title='bbox 662 3347 725 3417; x_wconf 89' lang='grc'><strong>666,</strong></span> <span class='ocrx_word' id='word_1_449' title='bbox 748 3361 790 3405; x_wconf 85' lang='grc'><strong><em>66</em></strong></span> <span class='ocrx_word' id='word_1_450' title='bbox 810 3337 986 3422; x_wconf 88' lang='lat' dir='ltr'><strong><em>quidquam</em></strong></span> <span class='ocrx_word' id='word_1_451' title='bbox 1008 3347 1177 3404; x_wconf 81' lang='lat' dir='ltr'><strong><em>terrenum</em></strong></span> <span class='ocrx_word' id='word_1_452' title='bbox 1203 3347 1260 3403; x_wconf 87' lang='lat' dir='ltr'><strong><em>aut</em></strong></span> <span class='ocrx_word' id='word_1_453' title='bbox 1277 3360 1352 3404; x_wconf 73' lang='lat' dir='ltr'><strong><em>‚aar-</em></strong></span> <span class='ocrx_word' id='word_1_454' title='bbox 1405 3339 1549 3421; x_wconf 74' lang='lat' dir='ltr'><strong><em>aperitin</em></strong></span> <span class='ocrx_word' id='word_1_455' title='bbox 1569 3359 1602 3404; x_wconf 89' lang='lat' dir='ltr'><strong><em>se</em></strong></span> <span class='ocrx_word' id='word_1_456' title='bbox 1622 3338 1710 3403; x_wconf 78' lang='lat' dir='ltr'><strong><em>nolis</em></strong></span> <span class='ocrx_word' id='word_1_457' title='bbox 1729 3340 1916 3420; x_wconf 73' lang='lat' dir='ltr'><strong><em>manifestet,</em></strong></span> <span class='ocrx_word' id='word_1_458' title='bbox 1938 3361 2001 3406; x_wconf 89' lang='lat' dir='ltr'><strong><em>non</em></strong></span> <span class='ocrx_word' id='word_1_459' title='bbox 2022 3341 2116 3406; x_wconf 89' lang='lat' dir='ltr'><strong><em>aliter</em></strong></span> <span class='ocrx_word' id='word_1_460' title='bbox 2137 3363 2158 3406; x_wconf 93' lang='lat' dir='ltr'><strong><em>a</em></strong></span> <span class='ocrx_word' id='word_1_461' title='bbox 2178 3341 2267 3407; x_wconf 79' lang='lat' dir='ltr'><strong><em>nolis</em></strong></span> <span class='ocrx_word' id='word_1_462' title='bbox 2287 3362 2377 3407; x_wconf 84' lang='grc'><strong>6666-</strong></span> 
     </span>
     <span class='ocr_line' id='line_1_31' title="bbox 380 3420 2377 3510; baseline 0 -18"><span class='ocrx_word' id='word_1_463' title='bbox 380 3428 453 3492; x_wconf 86' lang='lat' dir='ltr'><strong><em>nalo</em></strong></span> <span class='ocrx_word' id='word_1_464' title='bbox 481 3420 534 3490; x_wconf 77' lang='lat' dir='ltr'><strong><em>do&#39;</em></strong></span> <span class='ocrx_word' id='word_1_465' title='bbox 548 3445 587 3489; x_wconf 90' lang='grc'><strong><em>66</em></strong></span> <span class='ocrx_word' id='word_1_466' title='bbox 614 3426 826 3502; x_wconf 81' lang='lat' dir='ltr'><strong><em>somniamus,</em></strong></span> <span class='ocrx_word' id='word_1_467' title='bbox 859 3445 902 3488; x_wconf 85' lang='lat' dir='ltr'><strong><em>no</em></strong></span> <span class='ocrx_word' id='word_1_468' title='bbox 930 3425 1039 3506; x_wconf 90' lang='lat' dir='ltr'><strong><em>ipsum</em></strong></span> <span class='ocrx_word' id='word_1_469' title='bbox 1064 3424 1185 3489; x_wconf 88' lang='lat' dir='ltr'><strong><em>nostris</em></strong></span> <span class='ocrx_word' id='word_1_470' title='bbox 1211 3423 1353 3490; x_wconf 85' lang='lat' dir='ltr'><strong><em>modulis</em></strong></span> <span class='ocrx_word' id='word_1_471' title='bbox 1404 3425 1549 3506; x_wconf 72' lang='lat' dir='ltr'><strong><em>titiiatur,</em></strong></span> <span class='ocrx_word' id='word_1_472' title='bbox 1570 3445 1666 3506; x_wconf 86' lang='lat' dir='ltr'><strong><em>quam</em></strong></span> <span class='ocrx_word' id='word_1_473' title='bbox 1686 3426 1716 3489; x_wconf 89' lang='lat' dir='ltr'><strong><em>si</em></strong></span> <span class='ocrx_word' id='word_1_474' title='bbox 1736 3429 1869 3506; x_wconf 84' lang='lat' dir='ltr'><strong><em>utroque</em></strong></span> <span class='ocrx_word' id='word_1_475' title='bbox 1892 3427 1925 3489; x_wconf 91' lang='lat' dir='ltr'><strong><em>in</em></strong></span> <span class='ocrx_word' id='word_1_476' title='bbox 1939 3431 2032 3508; x_wconf 91' lang='lat' dir='ltr'><strong><em>parte</em></strong></span> <span class='ocrx_word' id='word_1_477' title='bbox 2048 3427 2225 3492; x_wconf 74' lang='lat' dir='ltr'><strong><em>mnarum</em></strong></span> <span class='ocrx_word' id='word_1_478' title='bbox 2246 3428 2275 3492; x_wconf 88' lang='lat' dir='ltr'><strong><em>ei</em></strong></span> <span class='ocrx_word' id='word_1_479' title='bbox 2296 3429 2377 3510; x_wconf 81' lang='lat' dir='ltr'><strong><em>quod</em></strong></span> 
     </span>
     <span class='ocr_line' id='line_1_32' title="bbox 377 3508 2376 3595; baseline 0.002 -19"><span class='ocrx_word' id='word_1_480' title='bbox 377 3513 563 3589; x_wconf 84' lang='lat' dir='ltr'><strong><em>metiamur,</em></strong></span> <span class='ocrx_word' id='word_1_481' title='bbox 586 3531 669 3576; x_wconf 74' lang='lat' dir='ltr'><strong><em>uero</em></strong></span> <span class='ocrx_word' id='word_1_482' title='bbox 690 3511 759 3576; x_wconf 90' lang='lat' dir='ltr'><strong><em>eius</em></strong></span> <span class='ocrx_word' id='word_1_483' title='bbox 781 3510 985 3576; x_wconf 81' lang='lat' dir='ltr'><strong><em>voluntatem</em></strong></span> <span class='ocrx_word' id='word_1_484' title='bbox 1005 3508 1048 3573; x_wconf 85' lang='lat' dir='ltr'><strong><em>ad</em></strong></span> <span class='ocrx_word' id='word_1_485' title='bbox 1068 3517 1198 3575; x_wconf 86' lang='lat' dir='ltr'><strong><em>nostros</em></strong></span> <span class='ocrx_word' id='word_1_486' title='bbox 1216 3511 1352 3576; x_wconf 81' lang='lat' dir='ltr'><strong><em>affectus</em></strong></span> <span class='ocrx_word' id='word_1_487' title='bbox 1404 3530 1499 3576; x_wconf 88' lang='lat' dir='ltr'><strong><em>snum</em></strong></span> <span class='ocrx_word' id='word_1_488' title='bbox 1520 3516 1578 3589; x_wconf 90' lang='lat' dir='ltr'><strong><em>est,</em></strong></span> <span class='ocrx_word' id='word_1_489' title='bbox 1606 3516 1697 3592; x_wconf 87' lang='lat' dir='ltr'><strong><em>atquc</em></strong></span> <span class='ocrx_word' id='word_1_490' title='bbox 1718 3511 1764 3574; x_wconf 88' lang='lat' dir='ltr'><strong><em>ito</em></strong></span> <span class='ocrx_word' id='word_1_491' title='bbox 1791 3511 1944 3591; x_wconf 84' lang='lat' dir='ltr'><strong><em>quidquid</em></strong></span> <span class='ocrx_word' id='word_1_492' title='bbox 1970 3511 2009 3576; x_wconf 84' lang='lat' dir='ltr'><strong><em>ab</em></strong></span> <span class='ocrx_word' id='word_1_493' title='bbox 2029 3513 2098 3594; x_wconf 89' lang='lat' dir='ltr'><strong><em>ipso</em></strong></span> <span class='ocrx_word' id='word_1_494' title='bbox 2113 3514 2287 3595; x_wconf 81' lang='lat' dir='ltr'><strong><em>profectum</em></strong></span> <span class='ocrx_word' id='word_1_495' title='bbox 2308 3515 2376 3593; x_wconf 80' lang='lat' dir='ltr'><strong><em>erit,</em></strong></span> 
     </span>
     <span class='ocr_line' id='line_1_33' title="bbox 378 3593 2377 3681; baseline 0 -18"><span class='ocrx_word' id='word_1_496' title='bbox 378 3599 557 3681; x_wconf 81' lang='lat' dir='ltr'><strong><em>exigamus.</em></strong></span> <span class='ocrx_word' id='word_1_497' title='bbox 613 3593 721 3660; x_wconf 82' lang='lat' dir='ltr'><strong><em>Simul</em></strong></span> <span class='ocrx_word' id='word_1_498' title='bbox 753 3595 908 3679; x_wconf 85' lang='lat' dir='ltr'><strong><em>erigenda</em></strong></span> <span class='ocrx_word' id='word_1_499' title='bbox 939 3602 990 3658; x_wconf 87' lang='grc'><strong><em>666</em></strong></span> <span class='ocrx_word' id='word_1_500' title='bbox 1020 3602 1132 3659; x_wconf 81' lang='lat' dir='ltr'><strong><em>nostra</em></strong></span> <span class='ocrx_word' id='word_1_501' title='bbox 1164 3595 1285 3661; x_wconf 85' lang='lat' dir='ltr'><strong><em>fiducia</em></strong></span> <span class='ocrx_word' id='word_1_502' title='bbox 1315 3597 1353 3658; x_wconf 90' lang='lat' dir='ltr'><strong><em>in</em></strong></span> <span class='ocrx_word' id='word_1_503' title='bbox 1404 3596 1631 3677; x_wconf 73' lang='lat' dir='ltr'><strong><em>amplexemur,</em></strong></span> <span class='ocrx_word' id='word_1_504' title='bbox 1659 3615 1713 3659; x_wconf 87' lang='lat' dir='ltr'><strong><em>neo</em></strong></span> <span class='ocrx_word' id='word_1_505' title='bbox 1739 3596 1864 3660; x_wconf 77' lang='lat' dir='ltr'><strong><em>aidan</em></strong></span> <span class='ocrx_word' id='word_1_506' title='bbox 1890 3617 1982 3661; x_wconf 83' lang='lat' dir='ltr'><strong><em>suarii</em></strong></span> <span class='ocrx_word' id='word_1_507' title='bbox 2008 3600 2093 3679; x_wconf 84' lang='lat' dir='ltr'><strong><em>apud</em></strong></span> <span class='ocrx_word' id='word_1_508' title='bbox 2117 3618 2173 3663; x_wconf 89' lang='lat' dir='ltr'><strong><em>nos</em></strong></span> <span class='ocrx_word' id='word_1_509' title='bbox 2198 3601 2306 3663; x_wconf 87' lang='lat' dir='ltr'><strong><em>minus</em></strong></span> <span class='ocrx_word' id='word_1_510' title='bbox 2327 3599 2377 3664; x_wconf 89' lang='lat' dir='ltr'><strong><em>oli-</em></strong></span> 
     </span>
     <span class='ocr_line' id='line_1_34' title="bbox 356 3679 2377 3766; baseline 0.001 -19"><span class='ocrx_word' id='word_1_511' title='bbox 356 3688 501 3766; x_wconf 46' lang='lat' dir='ltr'><strong><em>,ipsum,</em></strong></span> <span class='ocrx_word' id='word_1_512' title='bbox 532 3682 624 3746; x_wconf 86' lang='lat' dir='ltr'><strong><em>auius</em></strong></span> <span class='ocrx_word' id='word_1_513' title='bbox 652 3680 858 3765; x_wconf 85' lang='lat' dir='ltr'><strong><em>providentia</em></strong></span> <span class='ocrx_word' id='word_1_514' title='bbox 879 3689 912 3745; x_wconf 90' lang='grc'><strong><em>66</em></strong></span> <span class='ocrx_word' id='word_1_515' title='bbox 932 3679 1056 3744; x_wconf 85' lang='lat' dir='ltr'><strong><em>virtuto</em></strong></span> <span class='ocrx_word' id='word_1_516' title='bbox 1082 3681 1209 3746; x_wconf 89' lang='lat' dir='ltr'><strong><em>coelum</em></strong></span> <span class='ocrx_word' id='word_1_517' title='bbox 1231 3688 1265 3745; x_wconf 84' lang='lat' dir='ltr'><strong><em>et</em></strong></span> <span class='ocrx_word' id='word_1_518' title='bbox 1286 3687 1352 3745; x_wconf 85' lang='lat' dir='ltr'><strong><em>tar·</em></strong></span> <span class='ocrx_word' id='word_1_519' title='bbox 1403 3683 1499 3746; x_wconf 76' lang='lat' dir='ltr'><strong><em>tinem</em></strong></span> <span class='ocrx_word' id='word_1_520' title='bbox 1518 3684 1588 3746; x_wconf 87' lang='lat' dir='ltr'><strong><em>eius</em></strong></span> <span class='ocrx_word' id='word_1_521' title='bbox 1608 3682 1756 3746; x_wconf 82' lang='lat' dir='ltr'><strong><em>seueritas</em></strong></span> <span class='ocrx_word' id='word_1_522' title='bbox 1776 3701 1872 3762; x_wconf 88' lang='lat' dir='ltr'><strong><em>quam</em></strong></span> <span class='ocrx_word' id='word_1_523' title='bbox 1898 3683 2073 3762; x_wconf 83' lang='lat' dir='ltr'><strong><em>cleinenti‘a,·</em></strong></span> <span class='ocrx_word' id='word_1_524' title='bbox 2098 3685 2222 3765; x_wconf 85' lang='lat' dir='ltr'><strong><em>quando</em></strong></span> <span class='ocrx_word' id='word_1_525' title='bbox 2242 3687 2278 3749; x_wconf 90' lang='lat' dir='ltr'><strong><em>in</em></strong></span> <span class='ocrx_word' id='word_1_526' title='bbox 2298 3686 2377 3749; x_wconf 85' lang='lat' dir='ltr'><strong><em>mul-</em></strong></span> 
     </span>
     <span class='ocr_line' id='line_1_35' title="bbox 379 3765 2375 3853; baseline 0.002 -21"><span class='ocrx_word' id='word_1_527' title='bbox 379 3789 449 3832; x_wconf 87' lang='lat' dir='ltr'><strong><em>ram</em></strong></span> <span class='ocrx_word' id='word_1_528' title='bbox 472 3767 647 3851; x_wconf 84' lang='lat' dir='ltr'><strong><em>gubernari</em></strong></span> <span class='ocrx_word' id='word_1_529' title='bbox 669 3766 891 3850; x_wconf 79' lang='lat' dir='ltr'><strong><em>intelligimus.</em></strong></span> <span class='ocrx_word' id='word_1_530' title='bbox 938 3765 1068 3830; x_wconf 83' lang='lat' dir='ltr'><strong><em>Summa</em></strong></span> <span class='ocrx_word' id='word_1_531' title='bbox 1089 3768 1144 3844; x_wconf 87' lang='lat' dir='ltr'><strong><em>sit,</em></strong></span> <span class='ocrx_word' id='word_1_532' title='bbox 1172 3766 1230 3831; x_wconf 84' lang='lat' dir='ltr'><strong><em>suli</em></strong></span> <span class='ocrx_word' id='word_1_533' title='bbox 1244 3767 1353 3848; x_wconf 87' lang='lat' dir='ltr'><strong><em>patris</em></strong></span> <span class='ocrx_word' id='word_1_534' title='bbox 1403 3766 1504 3849; x_wconf 85' lang='lat' dir='ltr'><strong><em>tipli&#39;ci</em></strong></span> <span class='ocrx_word' id='word_1_535' title='bbox 1525 3786 1652 3849; x_wconf 81' lang='lat' dir='ltr'><strong><em>operinu</em></strong></span> <span class='ocrx_word' id='word_1_536' title='bbox 1672 3767 1849 3831; x_wconf 83' lang='lat' dir='ltr'><strong><em>diuersitate</em></strong></span> <span class='ocrx_word' id='word_1_537' title='bbox 1863 3768 1983 3849; x_wconf 71' lang='lat' dir='ltr'><strong><em>alonim</em></strong></span> <span class='ocrx_word' id='word_1_538' title='bbox 2002 3790 2081 3834; x_wconf 89' lang='lat' dir='ltr'><strong><em>suae</em></strong></span> <span class='ocrx_word' id='word_1_539' title='bbox 2096 3775 2186 3834; x_wconf 89' lang='lat' dir='ltr'><strong><em>notas</em></strong></span> <span class='ocrx_word' id='word_1_540' title='bbox 2203 3771 2375 3853; x_wconf 76' lang='lat' dir='ltr'><strong><em>insculpsit,</em></strong></span> 
     </span>
     <span class='ocr_line' id='line_1_36' title="bbox 379 3849 2377 3939; baseline 0.002 -22"><span class='ocrx_word' id='word_1_541' title='bbox 379 3854 501 3917; x_wconf 87' lang='lat' dir='ltr'><strong><em>nomine</em></strong></span> <span class='ocrx_word' id='word_1_542' title='bbox 521 3851 609 3916; x_wconf 79' lang='lat' dir='ltr'><strong><em>nolis</em></strong></span> <span class='ocrx_word' id='word_1_543' title='bbox 629 3853 666 3915; x_wconf 89' lang='lat' dir='ltr'><strong><em>in</em></strong></span> <span class='ocrx_word' id='word_1_544' title='bbox 685 3851 784 3916; x_wconf 85' lang='lat' dir='ltr'><strong><em>medio</em></strong></span> <span class='ocrx_word' id='word_1_545' title='bbox 805 3853 901 3916; x_wconf 81' lang='lat' dir='ltr'><strong><em>stcitni</em></strong></span> <span class='ocrx_word' id='word_1_546' title='bbox 917 3849 1023 3914; x_wconf 87' lang='lat' dir='ltr'><strong><em>Deum</em></strong></span> <span class='ocrx_word' id='word_1_547' title='bbox 1042 3851 1134 3917; x_wconf 88' lang='lat' dir='ltr'><strong><em>illum</em></strong></span> <span class='ocrx_word' id='word_1_548' title='bbox 1150 3852 1205 3932; x_wconf 80' lang='lat' dir='ltr'><strong><em>qui</em></strong></span> <span class='ocrx_word' id='word_1_549' title='bbox 1221 3854 1257 3916; x_wconf 92' lang='lat' dir='ltr'><strong><em>in</em></strong></span> <span class='ocrx_word' id='word_1_550' title='bbox 1274 3853 1353 3916; x_wconf 84' lang='lat' dir='ltr'><strong><em>iraa-</em></strong></span> <span class='ocrx_word' id='word_1_551' title='bbox 1403 3873 1483 3934; x_wconf 85' lang='lat' dir='ltr'><strong><em>quae</em></strong></span> <span class='ocrx_word' id='word_1_552' title='bbox 1509 3853 1726 3933; x_wconf 69' lang='lat' dir='ltr'><strong><em>confusionem</em></strong></span> <span class='ocrx_word' id='word_1_553' title='bbox 1751 3851 1860 3916; x_wconf 87' lang='lat' dir='ltr'><strong><em>landis</em></strong></span> <span class='ocrx_word' id='word_1_554' title='bbox 1888 3854 1996 3917; x_wconf 84' lang='lat' dir='ltr'><strong><em>merito</em></strong></span> <span class='ocrx_word' id='word_1_555' title='bbox 2023 3875 2062 3918; x_wconf 81' lang='lat' dir='ltr'><strong><em>eu</em></strong></span> <span class='ocrx_word' id='word_1_556' title='bbox 2089 3855 2231 3919; x_wconf 62' lang='lat' dir='ltr'><strong><em>ornamus</em></strong></span> <span class='ocrx_word' id='word_1_557' title='bbox 2258 3856 2377 3939; x_wconf 75' lang='lat' dir='ltr'><strong><em>linquis</em></strong></span> 
     </span>
     <span class='ocr_line' id='line_1_37' title="bbox 376 3935 2377 4027; baseline 0.002 -25"><span class='ocrx_word' id='word_1_558' title='bbox 376 3941 450 4022; x_wconf 75' lang='lat' dir='ltr'><strong><em>pino</em></strong></span> <span class='ocrx_word' id='word_1_559' title='bbox 476 3959 536 4002; x_wconf 90' lang='lat' dir='ltr'><strong><em>suo</em></strong></span> <span class='ocrx_word' id='word_1_560' title='bbox 564 3935 652 4002; x_wconf 81' lang='lat' dir='ltr'><strong><em>nobis</em></strong></span> <span class='ocrx_word' id='word_1_561' title='bbox 678 3939 841 4019; x_wconf 88' lang='lat' dir='ltr'><strong><em>apparuit,</em></strong></span> <span class='ocrx_word' id='word_1_562' title='bbox 863 3942 899 4001; x_wconf 87' lang='lat' dir='ltr'><strong><em>ut</em></strong></span> <span class='ocrx_word' id='word_1_563' title='bbox 919 3943 1001 4000; x_wconf 84' lang='lat' dir='ltr'><strong><em>certa</em></strong></span> <span class='ocrx_word' id='word_1_564' title='bbox 1018 3936 1081 4016; x_wconf 74' lang='lat' dir='ltr'><strong><em>fide</em></strong></span> <span class='ocrx_word' id='word_1_565' title='bbox 1102 3938 1271 4006; x_wconf 78' lang='lat' dir='ltr'><strong><em>invocetur.</em></strong></span> <span class='ocrx_word' id='word_1_566' title='bbox 1298 3957 1352 4002; x_wconf 86' lang='lat' dir='ltr'><strong><em>nec</em></strong></span> <span class='ocrx_word' id='word_1_567' title='bbox 1403 3936 1547 4021; x_wconf 79' lang='lat' dir='ltr'><strong><em>eliciat.²)</em></strong></span> <span class='ocrx_word' id='word_1_568' title='bbox 1592 3936 1647 4002; x_wconf 89' lang='lat' dir='ltr'><strong><em>Ita</em></strong></span> <span class='ocrx_word' id='word_1_569' title='bbox 1666 3936 1718 4017; x_wconf 73' lang='lat' dir='ltr'><strong><em>fiet</em></strong></span> <span class='ocrx_word' id='word_1_570' title='bbox 1737 3942 1773 3999; x_wconf 87' lang='lat' dir='ltr'><strong><em>ut</em></strong></span> <span class='ocrx_word' id='word_1_571' title='bbox 1792 3937 1951 4027; x_wconf 81' lang='lat' dir='ltr'><strong><em>scripturo</em></strong></span> <span class='ocrx_word' id='word_1_572' title='bbox 1971 3939 2089 4004; x_wconf 88' lang='lat' dir='ltr'><strong><em>iustam</em></strong></span> <span class='ocrx_word' id='word_1_573' title='bbox 2108 3941 2196 4022; x_wconf 85' lang='lat' dir='ltr'><strong><em>apud</em></strong></span> <span class='ocrx_word' id='word_1_574' title='bbox 2215 3961 2271 4006; x_wconf 86' lang='lat' dir='ltr'><strong><em>nos</em></strong></span> <span class='ocrx_word' id='word_1_575' title='bbox 2292 3947 2377 4006; x_wconf 73' lang='grc'><strong>6666-</strong></span> 
     </span>
     <span class='ocr_line' id='line_1_38' title="bbox 377 4022 2377 4107; baseline 0.001 -18"><span class='ocrx_word' id='word_1_576' title='bbox 377 4024 467 4089; x_wconf 79' lang='lat' dir='ltr'><strong><em>niodo</em></strong></span> <span class='ocrx_word' id='word_1_577' title='bbox 486 4023 620 4104; x_wconf 77' lang='lat' dir='ltr'><strong><em>fiduciae</em></strong></span> <span class='ocrx_word' id='word_1_578' title='bbox 647 4024 754 4102; x_wconf 85' lang='lat' dir='ltr'><strong><em>aptari</em></strong></span> <span class='ocrx_word' id='word_1_579' title='bbox 779 4022 942 4103; x_wconf 80' lang='lat' dir='ltr'><strong><em>familiare</em></strong></span> <span class='ocrx_word' id='word_1_580' title='bbox 960 4025 1069 4102; x_wconf 86' lang='lat' dir='ltr'><strong><em>patris</em></strong></span> <span class='ocrx_word' id='word_1_581' title='bbox 1092 4041 1214 4099; x_wconf 87' lang='lat' dir='ltr'><strong><em>nomen,</em></strong></span> <span class='ocrx_word' id='word_1_582' title='bbox 1243 4042 1352 4086; x_wconf 88' lang='lat' dir='ltr'><strong><em>oerum</em></strong></span> <span class='ocrx_word' id='word_1_583' title='bbox 1403 4025 1526 4088; x_wconf 70' lang='lat' dir='ltr'><strong><em>mmtm</em></strong></span> <span class='ocrx_word' id='word_1_584' title='bbox 1552 4023 1696 4099; x_wconf 76' lang='lat' dir='ltr'><strong><em>alluunt,</em></strong></span> <span class='ocrx_word' id='word_1_585' title='bbox 1725 4041 1779 4085; x_wconf 86' lang='lat' dir='ltr'><strong><em>nac</em></strong></span> <span class='ocrx_word' id='word_1_586' title='bbox 1805 4023 1890 4087; x_wconf 90' lang='lat' dir='ltr'><strong><em>ullus</em></strong></span> <span class='ocrx_word' id='word_1_587' title='bbox 1916 4029 2040 4089; x_wconf 80' lang='grc'><strong>6666666</strong></span> <span class='ocrx_word' id='word_1_588' title='bbox 2065 4027 2217 4107; x_wconf 77' lang='lat' dir='ltr'><strong><em>inpediat</em></strong></span> <span class='ocrx_word' id='word_1_589' title='bbox 2241 4027 2377 4093; x_wconf 75' lang='grc'><strong>66666666-</strong></span> 
     </span>
     <span class='ocr_line' id='line_1_39' title="bbox 378 4106 2379 4191; baseline 0.002 -17"><span class='ocrx_word' id='word_1_590' title='bbox 378 4111 472 4174; x_wconf 90' lang='lat' dir='ltr'><strong><em>etiam</em></strong></span> <span class='ocrx_word' id='word_1_591' title='bbox 499 4109 541 4174; x_wconf 88' lang='lat' dir='ltr'><strong><em>od</em></strong></span> <span class='ocrx_word' id='word_1_592' title='bbox 567 4107 744 4171; x_wconf 88' lang='lat' dir='ltr'><strong><em>retinendas</em></strong></span> <span class='ocrx_word' id='word_1_593' title='bbox 770 4113 885 4171; x_wconf 87' lang='lat' dir='ltr'><strong><em>mentes</em></strong></span> <span class='ocrx_word' id='word_1_594' title='bbox 909 4107 1013 4171; x_wconf 84' lang='lat' dir='ltr'><strong><em>valeri</em></strong></span> <span class='ocrx_word' id='word_1_595' title='bbox 1039 4128 1077 4171; x_wconf 89' lang='lat' dir='ltr'><strong><em>ne</em></strong></span> <span class='ocrx_word' id='word_1_596' title='bbox 1104 4109 1146 4171; x_wconf 93' lang='lat' dir='ltr'><strong><em>ad</em></strong></span> <span class='ocrx_word' id='word_1_597' title='bbox 1166 4107 1277 4172; x_wconf 82' lang='lat' dir='ltr'><strong><em>dulim</em></strong></span> <span class='ocrx_word' id='word_1_598' title='bbox 1303 4107 1352 4172; x_wconf 87' lang='lat' dir='ltr'><strong><em>ael</em></strong></span> <span class='ocrx_word' id='word_1_599' title='bbox 1403 4111 1515 4173; x_wconf 87' lang='lat' dir='ltr'><strong><em>tionem</em></strong></span> <span class='ocrx_word' id='word_1_600' title='bbox 1534 4126 1630 4189; x_wconf 87' lang='lat' dir='ltr'><strong><em>qnam</em></strong></span> <span class='ocrx_word' id='word_1_601' title='bbox 1651 4106 1741 4172; x_wconf 88' lang='lat' dir='ltr'><strong><em>Deus</em></strong></span> <span class='ocrx_word' id='word_1_602' title='bbox 1761 4108 1797 4172; x_wconf 89' lang='lat' dir='ltr'><strong><em>iii</em></strong></span> <span class='ocrx_word' id='word_1_603' title='bbox 1822 4113 1881 4173; x_wconf 91' lang='lat' dir='ltr'><strong><em>toto</em></strong></span> <span class='ocrx_word' id='word_1_604' title='bbox 1898 4110 2132 4191; x_wconf 72' lang='lat' dir='ltr'><strong><em>pidmnmioni&#39;s</em></strong></span> <span class='ocrx_word' id='word_1_605' title='bbox 2152 4113 2263 4177; x_wconf 89' lang='lat' dir='ltr'><strong><em>mundi</em></strong></span> <span class='ocrx_word' id='word_1_606' title='bbox 2283 4133 2379 4178; x_wconf 74' lang='lat' dir='ltr'><strong><em>aurai</em></strong></span> 
     </span>
     <span class='ocr_line' id='line_1_40' title="bbox 376 4191 2377 4277; baseline 0.002 -19"><span class='ocrx_word' id='word_1_607' title='bbox 376 4195 501 4275; x_wconf 72' lang='lat' dir='ltr'><strong><em>fiditios</em></strong></span> <span class='ocrx_word' id='word_1_608' title='bbox 519 4194 593 4258; x_wconf 92' lang='lat' dir='ltr'><strong><em>deos</em></strong></span> <span class='ocrx_word' id='word_1_609' title='bbox 615 4191 796 4271; x_wconf 77' lang='lat' dir='ltr'><strong><em>trahantur,</em></strong></span> <span class='ocrx_word' id='word_1_610' title='bbox 819 4192 874 4256; x_wconf 88' lang='lat' dir='ltr'><strong><em>sed</em></strong></span> <span class='ocrx_word' id='word_1_611' title='bbox 891 4192 930 4257; x_wconf 82' lang='lat' dir='ltr'><strong><em>ab</em></strong></span> <span class='ocrx_word' id='word_1_612' title='bbox 957 4193 1116 4274; x_wconf 70' lang='lat' dir='ltr'><strong><em>unigenito</em></strong></span> <span class='ocrx_word' id='word_1_613' title='bbox 1134 4192 1201 4273; x_wconf 75' lang='lat' dir='ltr'><strong><em>filio</em></strong></span> <span class='ocrx_word' id='word_1_614' title='bbox 1218 4194 1261 4256; x_wconf 90' lang='lat' dir='ltr'><strong><em>ad</em></strong></span> <span class='ocrx_word' id='word_1_615' title='bbox 1281 4194 1352 4256; x_wconf 88' lang='lat' dir='ltr'><strong><em>nni-</em></strong></span> <span class='ocrx_word' id='word_1_616' title='bbox 1402 4199 1543 4258; x_wconf 81' lang='lat' dir='ltr'><strong><em>moretm.</em></strong></span> <span class='ocrx_word' id='word_1_617' title='bbox 1589 4192 1661 4258; x_wconf 87' lang='lat' dir='ltr'><strong><em>Huc</em></strong></span> <span class='ocrx_word' id='word_1_618' title='bbox 1687 4195 1781 4257; x_wconf 89' lang='lat' dir='ltr'><strong><em>etiam</em></strong></span> <span class='ocrx_word' id='word_1_619' title='bbox 1804 4213 1933 4257; x_wconf 87' lang='lat' dir='ltr'><strong><em>rursum</em></strong></span> <span class='ocrx_word' id='word_1_620' title='bbox 1958 4197 2055 4261; x_wconf 88' lang='lat' dir='ltr'><strong><em>tendit</em></strong></span> <span class='ocrx_word' id='word_1_621' title='bbox 2067 4198 2191 4277; x_wconf 86' lang='lat' dir='ltr'><strong><em>politio,</em></strong></span> <span class='ocrx_word' id='word_1_622' title='bbox 2219 4203 2255 4261; x_wconf 88' lang='lat' dir='ltr'><strong><em>iit</em></strong></span> <span class='ocrx_word' id='word_1_623' title='bbox 2275 4199 2377 4261; x_wconf 85' lang='lat' dir='ltr'><strong><em>onmis</em></strong></span> 
     </span>
     <span class='ocr_line' id='line_1_41' title="bbox 376 4274 2377 4362; baseline 0.001 -18"><span class='ocrx_word' id='word_1_624' title='bbox 376 4300 447 4345; x_wconf 90' lang='lat' dir='ltr'><strong><em>cum</em></strong></span> <span class='ocrx_word' id='word_1_625' title='bbox 465 4279 689 4362; x_wconf 76' lang='lat' dir='ltr'><strong><em>anpeloiumet</em></strong></span> <span class='ocrx_word' id='word_1_626' title='bbox 711 4278 851 4343; x_wconf 72' lang='lat' dir='ltr'><strong><em>adanae</em></strong></span> <span class='ocrx_word' id='word_1_627' title='bbox 863 4281 988 4359; x_wconf 79' lang='lat' dir='ltr'><strong><em>patrem</em></strong></span> <span class='ocrx_word' id='word_1_628' title='bbox 1004 4279 1221 4357; x_wconf 72' lang='lat' dir='ltr'><strong><em>amoeniori,</em></strong></span> <span class='ocrx_word' id='word_1_629' title='bbox 1241 4278 1352 4343; x_wconf 70' lang='grc'><strong>6667666</strong></span> <span class='ocrx_word' id='word_1_630' title='bbox 1403 4274 1547 4360; x_wconf 80' lang='lat' dir='ltr'><strong><em>impietas</em></strong></span> <span class='ocrx_word' id='word_1_631' title='bbox 1564 4298 1644 4358; x_wconf 83' lang='lat' dir='ltr'><strong><em>quae</em></strong></span> <span class='ocrx_word' id='word_1_632' title='bbox 1663 4281 1803 4343; x_wconf 85' lang='lat' dir='ltr'><strong><em>sanctum</em></strong></span> <span class='ocrx_word' id='word_1_633' title='bbox 1819 4279 1874 4343; x_wconf 90' lang='lat' dir='ltr'><strong><em>lioc</em></strong></span> <span class='ocrx_word' id='word_1_634' title='bbox 1893 4299 2000 4344; x_wconf 91' lang='lat' dir='ltr'><strong><em>nomen</em></strong></span> <span class='ocrx_word' id='word_1_635' title='bbox 2016 4281 2141 4362; x_wconf 75' lang='lat' dir='ltr'><strong><em>polluit</em></strong></span> <span class='ocrx_word' id='word_1_636' title='bbox 2157 4286 2269 4362; x_wconf 86' lang='lat' dir='ltr'><strong><em>pereat</em></strong></span> <span class='ocrx_word' id='word_1_637' title='bbox 2285 4287 2377 4362; x_wconf 87' lang='lat' dir='ltr'><strong><em>atque</em></strong></span> 
     </span>
     <span class='ocr_line' id='line_1_42' title="bbox 375 4360 2375 4447; baseline 0.001 -18"><span class='ocrx_word' id='word_1_638' title='bbox 375 4366 458 4446; x_wconf 89' lang='lat' dir='ltr'><strong><em>quod</em></strong></span> <span class='ocrx_word' id='word_1_639' title='bbox 484 4364 597 4429; x_wconf 87' lang='lat' dir='ltr'><strong><em>solium</em></strong></span> <span class='ocrx_word' id='word_1_640' title='bbox 624 4365 693 4428; x_wconf 88' lang='lat' dir='ltr'><strong><em>eins</em></strong></span> <span class='ocrx_word' id='word_1_641' title='bbox 719 4363 837 4428; x_wconf 80' lang='lat' dir='ltr'><strong><em>acuar</em></strong></span> <span class='ocrx_word' id='word_1_642' title='bbox 863 4365 897 4426; x_wconf 89' lang='lat' dir='ltr'><strong><em>in</em></strong></span> <span class='ocrx_word' id='word_1_643' title='bbox 918 4360 1023 4440; x_wconf 84' lang='lat' dir='ltr'><strong><em>coelis,</em></strong></span> <span class='ocrx_word' id='word_1_644' title='bbox 1051 4383 1090 4426; x_wconf 80' lang='lat' dir='ltr'><strong><em>en</em></strong></span> <span class='ocrx_word' id='word_1_645' title='bbox 1108 4364 1221 4428; x_wconf 88' lang='lat' dir='ltr'><strong><em>mnndi</em></strong></span> <span class='ocrx_word' id='word_1_646' title='bbox 1244 4363 1351 4445; x_wconf 71' lang='lat' dir='ltr'><strong><em>peder-</em></strong></span> <span class='ocrx_word' id='word_1_647' title='bbox 1403 4364 1558 4428; x_wconf 82' lang='lat' dir='ltr'><strong><em>aboleatur</em></strong></span> <span class='ocrx_word' id='word_1_648' title='bbox 1564 4387 1574 4442; x_wconf 92' lang='lat'><strong><em>,·</em></strong></span> <span class='ocrx_word' id='word_1_649' title='bbox 1595 4383 1794 4444; x_wconf 85' lang='lat' dir='ltr'><strong><em>qiiocoiinqne</em></strong></span> <span class='ocrx_word' id='word_1_650' title='bbox 1814 4362 1893 4428; x_wconf 80' lang='lat' dir='ltr'><strong><em>hono</em></strong></span> <span class='ocrx_word' id='word_1_651' title='bbox 1913 4367 2185 4447; x_wconf 75' lang='lat' dir='ltr'><strong><em>sanctificationem</em></strong></span> <span class='ocrx_word' id='word_1_652' title='bbox 2201 4365 2375 4445; x_wconf 75' lang='lat' dir='ltr'><strong><em>olumnam,</em></strong></span> 
     </span>
     <span class='ocr_line' id='line_1_43' title="bbox 375 4447 2376 4533; baseline -0.001 -17"><span class='ocrx_word' id='word_1_653' title='bbox 375 4451 499 4515; x_wconf 86' lang='lat' dir='ltr'><strong><em>natione</em></strong></span> <span class='ocrx_word' id='word_1_654' title='bbox 512 4449 796 4530; x_wconf 66' lang='lat' dir='ltr'><strong><em>nascommorictieri</em></strong></span> <span class='ocrx_word' id='word_1_655' title='bbox 813 4469 874 4512; x_wconf 87' lang='lat' dir='ltr'><strong><em>noa</em></strong></span> <span class='ocrx_word' id='word_1_656' title='bbox 888 4447 1014 4528; x_wconf 76' lang='lat' dir='ltr'><strong><em>frustra</em></strong></span> <span class='ocrx_word' id='word_1_657' title='bbox 1031 4448 1074 4513; x_wconf 87' lang='lat' dir='ltr'><strong><em>ad</em></strong></span> <span class='ocrx_word' id='word_1_658' title='bbox 1090 4468 1159 4512; x_wconf 88' lang='lat' dir='ltr'><strong><em>enm</em></strong></span> <span class='ocrx_word' id='word_1_659' title='bbox 1175 4468 1232 4513; x_wconf 88' lang='lat' dir='ltr'><strong><em>nos</em></strong></span> <span class='ocrx_word' id='word_1_660' title='bbox 1248 4449 1352 4512; x_wconf 85' lang='lat' dir='ltr'><strong><em>venire</em></strong></span> <span class='ocrx_word' id='word_1_661' title='bbox 1403 4454 1460 4515; x_wconf 90' lang='lat' dir='ltr'><strong><em>aut</em></strong></span> <span class='ocrx_word' id='word_1_662' title='bbox 1479 4449 1670 4527; x_wconf 86' lang='lat' dir='ltr'><strong><em>diminuant,</em></strong></span> <span class='ocrx_word' id='word_1_663' title='bbox 1699 4453 1763 4513; x_wconf 87' lang='lat' dir='ltr'><strong><em>tam</em></strong></span> <span class='ocrx_word' id='word_1_664' title='bbox 1789 4448 2015 4516; x_wconf 63' lang='lat' dir='ltr'><strong><em>emendacius</em></strong></span> <span class='ocrx_word' id='word_1_665' title='bbox 2040 4472 2135 4533; x_wconf 82' lang='lat' dir='ltr'><strong><em>qiiam</em></strong></span> <span class='ocrx_word' id='word_1_666' title='bbox 2162 4450 2301 4515; x_wconf 78' lang='lat' dir='ltr'><strong><em>ludibrio</em></strong></span> <span class='ocrx_word' id='word_1_667' title='bbox 2325 4454 2376 4532; x_wconf 79' lang='lat' dir='ltr'><strong><em>sa-</em></strong></span> 
     </span>
     <span class='ocr_line' id='line_1_44' title="bbox 377 4533 2374 4618; baseline 0.002 -19"><span class='ocrx_word' id='word_1_668' title='bbox 377 4537 434 4616; x_wconf 88' lang='lat' dir='ltr'><strong><em>qni</em></strong></span> <span class='ocrx_word' id='word_1_669' title='bbox 458 4536 619 4617; x_wconf 73' lang='lat' dir='ltr'><strong><em>praesum</em></strong></span> <span class='ocrx_word' id='word_1_670' title='bbox 651 4555 728 4599; x_wconf 86' lang='lat' dir='ltr'><strong><em>cura</em></strong></span> <span class='ocrx_word' id='word_1_671' title='bbox 756 4539 862 4616; x_wconf 84' lang='lat' dir='ltr'><strong><em>sponte</em></strong></span> <span class='ocrx_word' id='word_1_672' title='bbox 893 4533 1033 4598; x_wconf 85' lang='lat' dir='ltr'><strong><em>occurrit.</em></strong></span> <span class='ocrx_word' id='word_1_673' title='bbox 1087 4534 1149 4614; x_wconf 68' lang='lat' dir='ltr'><strong><em>Qui</em></strong></span> <span class='ocrx_word' id='word_1_674' title='bbox 1175 4534 1218 4597; x_wconf 89' lang='lat' dir='ltr'><strong><em>ad</em></strong></span> <span class='ocrx_word' id='word_1_675' title='bbox 1246 4533 1352 4598; x_wconf 88' lang='lat' dir='ltr'><strong><em>Deum</em></strong></span> <span class='ocrx_word' id='word_1_676' title='bbox 1402 4539 1543 4614; x_wconf 74' lang='lat' dir='ltr'><strong><em>cessam5</em></strong></span> <span class='ocrx_word' id='word_1_677' title='bbox 1574 4554 1612 4598; x_wconf 87' lang='lat' dir='ltr'><strong><em>ae</em></strong></span> <span class='ocrx_word' id='word_1_678' title='bbox 1641 4536 1718 4601; x_wconf 87' lang='lat' dir='ltr'><strong><em>dnm</em></strong></span> <span class='ocrx_word' id='word_1_679' title='bbox 1749 4536 1916 4618; x_wconf 73' lang='lat' dir='ltr'><strong><em>socrdeaia</em></strong></span> <span class='ocrx_word' id='word_1_680' title='bbox 1947 4539 2051 4601; x_wconf 85' lang='lat' dir='ltr'><strong><em>ornnio</em></strong></span> <span class='ocrx_word' id='word_1_681' title='bbox 2083 4535 2243 4617; x_wconf 86' lang='lat' dir='ltr'><strong><em>compescit</em></strong></span> <span class='ocrx_word' id='word_1_682' title='bbox 2274 4537 2374 4615; x_wconf 78' lang='lat' dir='ltr'><strong><em>Deris,</em></strong></span> 
     </span>
     <span class='ocr_line' id='line_1_45' title="bbox 378 4618 2209 4704; baseline 0 -20"><span class='ocrx_word' id='word_1_683' title='bbox 378 4621 536 4698; x_wconf 73' lang='grc'><strong>66666666,</strong></span> <span class='ocrx_word' id='word_1_684' title='bbox 565 4621 668 4700; x_wconf 80' lang='lat' dir='ltr'><strong><em>inquit</em></strong></span> <span class='ocrx_word' id='word_1_685' title='bbox 694 4618 851 4703; x_wconf 85' lang='lat' dir='ltr'><strong><em>apostolus</em></strong></span> <span class='ocrx_word' id='word_1_686' title='bbox 877 4618 992 4703; x_wconf 88' lang='lat' dir='ltr'><strong><em>(Hebr.</em></strong></span> <span class='ocrx_word' id='word_1_687' title='bbox 1017 4623 1068 4697; x_wconf 92' lang='lat' dir='ltr'><strong><em>ll,</em></strong></span> <span class='ocrx_word' id='word_1_688' title='bbox 1094 4619 1144 4702; x_wconf 91' lang='lat'><strong><em>6),</em></strong></span> <span class='ocrx_word' id='word_1_689' title='bbox 1171 4639 1221 4683; x_wconf 87' lang='lat' dir='ltr'><strong><em>eos</em></strong></span> <span class='ocrx_word' id='word_1_690' title='bbox 1241 4620 1350 4700; x_wconf 89' lang='lat' dir='ltr'><strong><em>primo</em></strong></span> <span class='ocrx_word' id='word_1_691' title='bbox 1403 4621 1506 4704; x_wconf 71' lang='lat' dir='ltr'><strong><em>magis</em></strong></span> <span class='ocrx_word' id='word_1_692' title='bbox 1527 4640 1563 4684; x_wconf 90' lang='lat' dir='ltr'><strong><em>ae</em></strong></span> <span class='ocrx_word' id='word_1_693' title='bbox 1583 4621 1686 4702; x_wconf 78' lang='lat' dir='ltr'><strong><em>mapis</em></strong></span> <span class='ocrx_word' id='word_1_694' title='bbox 1706 4618 1778 4685; x_wconf 82' lang='lat' dir='ltr'><strong><em>linc</em></strong></span> <span class='ocrx_word' id='word_1_695' title='bbox 1798 4619 1944 4685; x_wconf 85' lang='lat' dir='ltr'><strong><em>clarescat</em></strong></span> <span class='ocrx_word' id='word_1_696' title='bbox 1964 4624 2034 4686; x_wconf 88' lang='lat' dir='ltr'><strong><em>eius</em></strong></span> <span class='ocrx_word' id='word_1_697' title='bbox 2054 4623 2209 4685; x_wconf 80' lang='lat' dir='ltr'><strong><em>maiestas.</em></strong></span> 
     </span>
    </p>

    <p class='ocr_par' dir='ltr' id='par_1_8' title="bbox 373 4704 2375 5383">
     <span class='ocr_line' id='line_1_46' title="bbox 379 4704 2374 4789; baseline 0.001 -19"><span class='ocrx_word' id='word_1_698' title='bbox 379 4705 498 4770; x_wconf 75' lang='lat' dir='ltr'><strong><em>medae</em></strong></span> <span class='ocrx_word' id='word_1_699' title='bbox 519 4709 632 4785; x_wconf 89' lang='lat' dir='ltr'><strong><em>oportet</em></strong></span> <span class='ocrx_word' id='word_1_700' title='bbox 654 4704 757 4770; x_wconf 88' lang='lat' dir='ltr'><strong><em>Deum</em></strong></span> <span class='ocrx_word' id='word_1_701' title='bbox 776 4725 857 4784; x_wconf 89' lang='lat' dir='ltr'><strong><em>esse;</em></strong></span> <span class='ocrx_word' id='word_1_702' title='bbox 877 4705 987 4770; x_wconf 74' lang='lat' dir='ltr'><strong><em>cenae</em></strong></span> <span class='ocrx_word' id='word_1_703' title='bbox 1011 4710 1269 4769; x_wconf 88' lang='lat' dir='ltr'><strong><em>remuneratorem</em></strong></span> <span class='ocrx_word' id='word_1_704' title='bbox 1289 4724 1351 4768; x_wconf 91' lang='lat' dir='ltr'><strong><em>om-</em></strong></span> <span class='ocrx_word' id='word_1_705' title='bbox 1489 4708 1540 4769; x_wconf 84' lang='lat'><strong><em>42.</em></strong></span> <span class='ocrx_word' id='word_1_706' title='bbox 1566 4758 1569 4764; x_wconf 87' lang='grc'><strong>,</strong></span> <span class='ocrx_word' id='word_1_707' title='bbox 1594 4704 1736 4769; x_wconf 85' lang='lat' dir='ltr'><strong><em>Secundo</em></strong></span> <span class='ocrx_word' id='word_1_708' title='bbox 1758 4707 1881 4785; x_wconf 84' lang='lat' dir='ltr'><strong><em>petitio,</em></strong></span> <span class='ocrx_word' id='word_1_709' title='bbox 1909 4712 1945 4769; x_wconf 90' lang='lat' dir='ltr'><strong><em>nt</em></strong></span> <span class='ocrx_word' id='word_1_710' title='bbox 1974 4707 2119 4772; x_wconf 83' lang='lat' dir='ltr'><strong><em>adveniat</em></strong></span> <span class='ocrx_word' id='word_1_711' title='bbox 2145 4725 2273 4789; x_wconf 77' lang='lat' dir='ltr'><strong><em>repnum</em></strong></span> <span class='ocrx_word' id='word_1_712' title='bbox 2300 4706 2374 4786; x_wconf 89' lang='lat' dir='ltr'><strong><em>Dei,</em></strong></span> 
     </span>
     <span class='ocr_line' id='line_1_47' title="bbox 379 4788 2375 4871; baseline 0.002 -18"><span class='ocrx_word' id='word_1_713' title='bbox 379 4789 473 4854; x_wconf 81' lang='lat' dir='ltr'><strong><em>nibus</em></strong></span> <span class='ocrx_word' id='word_1_714' title='bbox 498 4790 553 4869; x_wconf 88' lang='lat' dir='ltr'><strong><em>qui</em></strong></span> <span class='ocrx_word' id='word_1_715' title='bbox 580 4789 685 4869; x_wconf 84' lang='lat' dir='ltr'><strong><em>ipsum</em></strong></span> <span class='ocrx_word' id='word_1_716' title='bbox 715 4796 875 4871; x_wconf 81' lang='lat' dir='ltr'><strong><em>quaemnt.</em></strong></span> <span class='ocrx_word' id='word_1_717' title='bbox 933 4789 1102 4871; x_wconf 85' lang='lat' dir='ltr'><strong><em>Utrumque</em></strong></span> <span class='ocrx_word' id='word_1_718' title='bbox 1127 4789 1177 4854; x_wconf 83' lang='lat' dir='ltr'><strong><em>liic</em></strong></span> <span class='ocrx_word' id='word_1_719' title='bbox 1207 4788 1352 4854; x_wconf 81' lang='lat' dir='ltr'><strong><em>Olristus</em></strong></span> <span class='ocrx_word' id='word_1_720' title='bbox 1403 4811 1482 4871; x_wconf 86' lang='lat' dir='ltr'><strong><em>quae</em></strong></span> <span class='ocrx_word' id='word_1_721' title='bbox 1507 4791 1566 4855; x_wconf 89' lang='lat' dir='ltr'><strong><em>etsi</em></strong></span> <span class='ocrx_word' id='word_1_722' title='bbox 1590 4790 1671 4855; x_wconf 76' lang='lat' dir='ltr'><strong><em>ntia</em></strong></span> <span class='ocrx_word' id='word_1_723' title='bbox 1703 4792 1832 4856; x_wconf 88' lang='lat' dir='ltr'><strong><em>continet</em></strong></span> <span class='ocrx_word' id='word_1_724' title='bbox 1851 4811 1970 4868; x_wconf 82' lang='lat' dir='ltr'><strong><em>meum,</em></strong></span> <span class='ocrx_word' id='word_1_725' title='bbox 1997 4813 2019 4855; x_wconf 92' lang='lat' dir='ltr'><strong><em>a</em></strong></span> <span class='ocrx_word' id='word_1_726' title='bbox 2040 4791 2151 4871; x_wconf 84' lang='lat' dir='ltr'><strong><em>prima</em></strong></span> <span class='ocrx_word' id='word_1_727' title='bbox 2183 4796 2287 4856; x_wconf 86' lang='lat' dir='ltr'><strong><em>tamen</em></strong></span> <span class='ocrx_word' id='word_1_728' title='bbox 2313 4813 2375 4857; x_wconf 91' lang='grc'><strong><em>666</em></strong></span> 
     </span>
     <span class='ocr_line' id='line_1_48' title="bbox 373 4872 2374 4959; baseline 0.001 -20"><span class='ocrx_word' id='word_1_729' title='bbox 373 4874 466 4958; x_wconf 86' lang='lat' dir='ltr'><strong><em>patri</em></strong></span> <span class='ocrx_word' id='word_1_730' title='bbox 487 4893 544 4938; x_wconf 87' lang='lat' dir='ltr'><strong><em>suo</em></strong></span> <span class='ocrx_word' id='word_1_731' title='bbox 564 4877 685 4953; x_wconf 87' lang='lat' dir='ltr'><strong><em>asserit,</em></strong></span> <span class='ocrx_word' id='word_1_732' title='bbox 707 4881 741 4939; x_wconf 81' lang='lat' dir='ltr'><strong><em>iit</em></strong></span> <span class='ocrx_word' id='word_1_733' title='bbox 757 4878 792 4941; x_wconf 88' lang='lat' dir='ltr'><strong><em>in</em></strong></span> <span class='ocrx_word' id='word_1_734' title='bbox 812 4878 882 4958; x_wconf 87' lang='lat' dir='ltr'><strong><em>ipso</em></strong></span> <span class='ocrx_word' id='word_1_735' title='bbox 902 4877 1034 4942; x_wconf 72' lang='grc'><strong>66666666</strong></span> <span class='ocrx_word' id='word_1_736' title='bbox 1048 4875 1126 4957; x_wconf 74' lang='lat' dir='ltr'><strong><em>fides</em></strong></span> <span class='ocrx_word' id='word_1_737' title='bbox 1142 4881 1256 4940; x_wconf 91' lang='lat' dir='ltr'><strong><em>nostra.</em></strong></span> <span class='ocrx_word' id='word_1_738' title='bbox 1289 4872 1353 4939; x_wconf 88' lang='lat' dir='ltr'><strong><em>Dc·</em></strong></span> <span class='ocrx_word' id='word_1_739' title='bbox 1404 4878 1472 4940; x_wconf 89' lang='lat' dir='ltr'><strong><em>sine</em></strong></span> <span class='ocrx_word' id='word_1_740' title='bbox 1497 4877 1617 4941; x_wconf 90' lang='lat' dir='ltr'><strong><em>ratione</em></strong></span> <span class='ocrx_word' id='word_1_741' title='bbox 1642 4877 1862 4959; x_wconf 76' lang='lat' dir='ltr'><strong><em>distinpuitnr3</em></strong></span> <span class='ocrx_word' id='word_1_742' title='bbox 1888 4877 1964 4955; x_wconf 85' lang='lat' dir='ltr'><strong><em>quia</em></strong></span> <span class='ocrx_word' id='word_1_743' title='bbox 1985 4878 2016 4939; x_wconf 84' lang='lat' dir='ltr'><strong><em>si&#39;</em></strong></span> <span class='ocrx_word' id='word_1_744' title='bbox 2040 4880 2179 4939; x_wconf 84' lang='lat' dir='ltr'><strong><em>nostram</em></strong></span> <span class='ocrx_word' id='word_1_745' title='bbox 2198 4877 2233 4940; x_wconf 92' lang='lat' dir='ltr'><strong><em>in</em></strong></span> <span class='ocrx_word' id='word_1_746' title='bbox 2257 4898 2291 4941; x_wconf 89' lang='lat' dir='ltr'><strong><em>re</em></strong></span> <span class='ocrx_word' id='word_1_747' title='bbox 2312 4898 2374 4942; x_wconf 87' lang='lat' dir='ltr'><strong><em>oin-</em></strong></span> 
     </span>
     <span class='ocr_line' id='line_1_49' title="bbox 379 4960 2375 5044; baseline 0.002 -19"><span class='ocrx_word' id='word_1_748' title='bbox 379 4962 453 5025; x_wconf 84' lang='lat' dir='ltr'><strong><em>i&#39;nde</em></strong></span> <span class='ocrx_word' id='word_1_749' title='bbox 480 4965 514 5022; x_wconf 88' lang='lat' dir='ltr'><strong><em>ul</em></strong></span> <span class='ocrx_word' id='word_1_750' title='bbox 540 4963 618 5022; x_wconf 86' lang='lat' dir='ltr'><strong><em>oorto</em></strong></span> <span class='ocrx_word' id='word_1_751' title='bbox 637 4963 786 5037; x_wconf 81' lang='lat' dir='ltr'><strong><em>persuasi</em></strong></span> <span class='ocrx_word' id='word_1_752' title='bbox 812 4963 913 5026; x_wconf 68' lang='lat' dir='ltr'><strong><em>amns</em></strong></span> <span class='ocrx_word' id='word_1_753' title='bbox 939 4962 1069 5027; x_wconf 84' lang='lat' dir='ltr'><strong><em>salutem</em></strong></span> <span class='ocrx_word' id='word_1_754' title='bbox 1094 4967 1235 5026; x_wconf 90' lang='lat' dir='ltr'><strong><em>nostram</em></strong></span> <span class='ocrx_word' id='word_1_755' title='bbox 1258 4960 1296 5024; x_wconf 85' lang='lat' dir='ltr'><strong><em>ab</em></strong></span> <span class='ocrx_word' id='word_1_756' title='bbox 1318 4981 1352 5025; x_wconf 91' lang='grc'><strong><em>66</em></strong></span> <span class='ocrx_word' id='word_1_757' title='bbox 1403 4963 1493 5026; x_wconf 87' lang='lat' dir='ltr'><strong><em>nium</em></strong></span> <span class='ocrx_word' id='word_1_758' title='bbox 1513 4963 1656 5027; x_wconf 78' lang='lat' dir='ltr'><strong><em>monimo</em></strong></span> <span class='ocrx_word' id='word_1_759' title='bbox 1676 4961 1907 5025; x_wconf 76' lang='lat' dir='ltr'><strong><em>somnolentiam</em></strong></span> <span class='ocrx_word' id='word_1_760' title='bbox 1928 4961 2138 5041; x_wconf 69' lang='lat' dir='ltr'><strong><em>expendimus,</em></strong></span> <span class='ocrx_word' id='word_1_761' title='bbox 2161 4962 2244 5044; x_wconf 87' lang='lat' dir='ltr'><strong><em>quod</em></strong></span> <span class='ocrx_word' id='word_1_762' title='bbox 2259 4984 2319 5044; x_wconf 88' lang='lat' dir='ltr'><strong><em>per</em></strong></span> <span class='ocrx_word' id='word_1_763' title='bbox 2341 4984 2375 5028; x_wconf 89' lang='lat' dir='ltr'><strong><em>se</em></strong></span> 
     </span>
     <span class='ocr_line' id='line_1_50' title="bbox 379 5043 2375 5128; baseline 0.002 -19"><span class='ocrx_word' id='word_1_764' title='bbox 379 5067 442 5111; x_wconf 87' lang='lat' dir='ltr'><strong><em>aon</em></strong></span> <span class='ocrx_word' id='word_1_765' title='bbox 468 5043 597 5126; x_wconf 71' lang='lat' dir='ltr'><strong><em>neplipi,</em></strong></span> <span class='ocrx_word' id='word_1_766' title='bbox 631 5044 707 5123; x_wconf 87' lang='lat' dir='ltr'><strong><em>quia</em></strong></span> <span class='ocrx_word' id='word_1_767' title='bbox 733 5065 825 5109; x_wconf 89' lang='lat' dir='ltr'><strong><em>suam</em></strong></span> <span class='ocrx_word' id='word_1_768' title='bbox 852 5047 895 5110; x_wconf 89' lang='lat' dir='ltr'><strong><em>ad</em></strong></span> <span class='ocrx_word' id='word_1_769' title='bbox 920 5067 976 5112; x_wconf 86' lang='lat' dir='ltr'><strong><em>nos</em></strong></span> <span class='ocrx_word' id='word_1_770' title='bbox 1001 5067 1100 5128; x_wconf 87' lang='lat' dir='ltr'><strong><em>nsque</em></strong></span> <span class='ocrx_word' id='word_1_771' title='bbox 1121 5047 1351 5128; x_wconf 84' lang='lat' dir='ltr'><strong><em>providentiam</em></strong></span> <span class='ocrx_word' id='word_1_772' title='bbox 1402 5048 1598 5113; x_wconf 72' lang='lat' dir='ltr'><strong><em>ndismmnm</em></strong></span> <span class='ocrx_word' id='word_1_773' title='bbox 1627 5066 1693 5110; x_wconf 89' lang='lat' dir='ltr'><strong><em>esse</em></strong></span> <span class='ocrx_word' id='word_1_774' title='bbox 1724 5046 1880 5121; x_wconf 81' lang='lat' dir='ltr'><strong><em>doluerat,</em></strong></span> <span class='ocrx_word' id='word_1_775' title='bbox 1907 5045 2058 5126; x_wconf 77' lang='lat' dir='ltr'><strong><em>pluriores</em></strong></span> <span class='ocrx_word' id='word_1_776' title='bbox 2088 5047 2189 5112; x_wconf 71' lang='lat' dir='ltr'><strong><em>aare</em></strong></span> <span class='ocrx_word' id='word_1_777' title='bbox 2220 5048 2375 5113; x_wconf 85' lang='lat' dir='ltr'><strong><em>inculcari</em></strong></span> 
     </span>
     <span class='ocr_line' id='line_1_51' title="bbox 379 5128 2375 5217; baseline 0.001 -21"><span class='ocrx_word' id='word_1_778' title='bbox 379 5130 537 5196; x_wconf 73' lang='lat' dir='ltr'><strong><em>extendere</em></strong></span> <span class='ocrx_word' id='word_1_779' title='bbox 552 5128 708 5210; x_wconf 81' lang='lat' dir='ltr'><strong><em>dipnatur.</em></strong></span> <span class='ocrx_word' id='word_1_780' title='bbox 747 5130 866 5209; x_wconf 73' lang='lat' dir='ltr'><strong><em>Quibus</em></strong></span> <span class='ocrx_word' id='word_1_781' title='bbox 882 5132 1068 5205; x_wconf 83' lang='lat' dir='ltr'><strong><em>rudimentis</em></strong></span> <span class='ocrx_word' id='word_1_782' title='bbox 1085 5132 1210 5197; x_wconf 86' lang='lat' dir='ltr'><strong><em>Paulus</em></strong></span> <span class='ocrx_word' id='word_1_783' title='bbox 1230 5151 1287 5197; x_wconf 88' lang='lat' dir='ltr'><strong><em>nos</em></strong></span> <span class='ocrx_word' id='word_1_784' title='bbox 1308 5133 1351 5198; x_wconf 83' lang='lat' dir='ltr'><strong><em>ad</em></strong></span> <span class='ocrx_word' id='word_1_785' title='bbox 1404 5153 1513 5216; x_wconf 89' lang='lat' dir='ltr'><strong><em>operae</em></strong></span> <span class='ocrx_word' id='word_1_786' title='bbox 1527 5133 1668 5213; x_wconf 88' lang='lat' dir='ltr'><strong><em>pretium</em></strong></span> <span class='ocrx_word' id='word_1_787' title='bbox 1684 5136 1735 5194; x_wconf 79' lang='lat' dir='ltr'><strong><em>cst.</em></strong></span> <span class='ocrx_word' id='word_1_788' title='bbox 1772 5128 1942 5210; x_wconf 83' lang='lat' dir='ltr'><strong><em>Postquam</em></strong></span> <span class='ocrx_word' id='word_1_789' title='bbox 1958 5151 2028 5214; x_wconf 80' lang='lat' dir='ltr'><strong><em>erpo</em></strong></span> <span class='ocrx_word' id='word_1_790' title='bbox 2044 5131 2149 5198; x_wconf 88' lang='lat' dir='ltr'><strong><em>Deum</em></strong></span> <span class='ocrx_word' id='word_1_791' title='bbox 2165 5154 2275 5217; x_wconf 77' lang='lat' dir='ltr'><strong><em>rogare</em></strong></span> <span class='ocrx_word' id='word_1_792' title='bbox 2291 5135 2375 5198; x_wconf 75' lang='lat' dir='ltr'><strong><em>nissi</em></strong></span> 
     </span>
     <span class='ocr_line' id='line_1_52' title="bbox 383 5214 2375 5300; baseline 0.002 -20"><span class='ocrx_word' id='word_1_793' title='bbox 383 5218 443 5281; x_wconf 89' lang='lat' dir='ltr'><strong><em>rite</em></strong></span> <span class='ocrx_word' id='word_1_794' title='bbox 470 5214 624 5279; x_wconf 79' lang='lat' dir='ltr'><strong><em>mandam</em></strong></span> <span class='ocrx_word' id='word_1_795' title='bbox 651 5220 824 5295; x_wconf 87' lang='lat' dir='ltr'><strong><em>comparat:</em></strong></span> <span class='ocrx_word' id='word_1_796' title='bbox 855 5235 930 5278; x_wconf 88' lang='lat' dir='ltr'><strong><em>nani</em></strong></span> <span class='ocrx_word' id='word_1_797' title='bbox 955 5222 1119 5296; x_wconf 87' lang='lat' dir='ltr'><strong><em>antequam</em></strong></span> <span class='ocrx_word' id='word_1_798' title='bbox 1146 5218 1249 5283; x_wconf 78' lang='lat' dir='ltr'><strong><em>iubeat</em></strong></span> <span class='ocrx_word' id='word_1_799' title='bbox 1270 5219 1352 5298; x_wconf 86' lang='lat' dir='ltr'><strong><em>peti·</em></strong></span> <span class='ocrx_word' id='word_1_800' title='bbox 1402 5239 1521 5297; x_wconf 86' lang='lat' dir='ltr'><strong><em>snmus,</em></strong></span> <span class='ocrx_word' id='word_1_801' title='bbox 1543 5223 1579 5282; x_wconf 87' lang='lat' dir='ltr'><strong><em>iit</em></strong></span> <span class='ocrx_word' id='word_1_802' title='bbox 1598 5220 1671 5299; x_wconf 76' lang='lat' dir='ltr'><strong><em>apat</em></strong></span> <span class='ocrx_word' id='word_1_803' title='bbox 1690 5217 1727 5279; x_wconf 87' lang='lat' dir='ltr'><strong><em>in</em></strong></span> <span class='ocrx_word' id='word_1_804' title='bbox 1746 5215 1897 5292; x_wconf 77' lang='lat' dir='ltr'><strong><em>ordinent,</em></strong></span> <span class='ocrx_word' id='word_1_805' title='bbox 1926 5235 1963 5280; x_wconf 92' lang='lat' dir='ltr'><strong><em>ac</em></strong></span> <span class='ocrx_word' id='word_1_806' title='bbox 1983 5218 2106 5282; x_wconf 73' lang='lat' dir='ltr'><strong><em>tandm</em></strong></span> <span class='ocrx_word' id='word_1_807' title='bbox 2121 5239 2257 5300; x_wconf 67' lang='lat' dir='ltr'><strong><em>parmis</em></strong></span> <span class='ocrx_word' id='word_1_808' title='bbox 2277 5220 2375 5284; x_wconf 77' lang='lat' dir='ltr'><strong><em>odem</em></strong></span> 
     </span>
     <span class='ocr_line' id='line_1_53' title="bbox 380 5297 1352 5383; baseline 0.001 -17"><span class='ocrx_word' id='word_1_809' title='bbox 380 5302 478 5366; x_wconf 88' lang='lat' dir='ltr'><strong><em>tiones</em></strong></span> <span class='ocrx_word' id='word_1_810' title='bbox 504 5304 628 5363; x_wconf 87' lang='lat' dir='ltr'><strong><em>nostras</em></strong></span> <span class='ocrx_word' id='word_1_811' title='bbox 653 5318 757 5363; x_wconf 88' lang='lat' dir='ltr'><strong><em>caram</em></strong></span> <span class='ocrx_word' id='word_1_812' title='bbox 783 5297 852 5364; x_wconf 87' lang='lat' dir='ltr'><strong><em>Deo</em></strong></span> <span class='ocrx_word' id='word_1_813' title='bbox 879 5300 1076 5377; x_wconf 84' lang='lat' dir='ltr'><strong><em>innotescere,</em></strong></span> <span class='ocrx_word' id='word_1_814' title='bbox 1101 5304 1272 5383; x_wconf 78' lang='lat' dir='ltr'><strong><em>praefatur</em></strong></span> <span class='ocrx_word' id='word_1_815' title='bbox 1298 5303 1352 5367; x_wconf 82' lang='lat' dir='ltr'><strong><em>lioo</em></strong></span> 
     </span>
    </p>

    <p class='ocr_par' dir='ltr' id='par_1_9' title="bbox 380 5383 1665 5481">
     <span class='ocr_line' id='line_1_54' title="bbox 380 5383 1665 5481; baseline -0.001 -30"><span class='ocrx_word' id='word_1_816' title='bbox 380 5388 484 5451; x_wconf 91' lang='lat' dir='ltr'><strong><em>modo:</em></strong></span> <span class='ocrx_word' id='word_1_817' title='bbox 511 5385 548 5449; x_wconf 89' lang='lat' dir='ltr'><strong><em>dc</em></strong></span> <span class='ocrx_word' id='word_1_818' title='bbox 572 5384 663 5449; x_wconf 76' lang='grc'><strong>66116</strong></span> <span class='ocrx_word' id='word_1_819' title='bbox 689 5404 723 5449; x_wconf 91' lang='lat' dir='ltr'><strong><em>re</em></strong></span> <span class='ocrx_word' id='word_1_820' title='bbox 750 5385 822 5451; x_wconf 82' lang='lat' dir='ltr'><strong><em>sitis</em></strong></span> <span class='ocrx_word' id='word_1_821' title='bbox 848 5383 987 5463; x_wconf 75' lang='lat' dir='ltr'><strong><em>solliciti,</em></strong></span> <span class='ocrx_word' id='word_1_822' title='bbox 1013 5383 1170 5481; x_wconf 66' lang='lat' dir='ltr'><strong><em>Daninus</em></strong></span> <span class='ocrx_word' id='word_1_823' title='bbox 1190 5407 1290 5467; x_wconf 87' lang='lat' dir='ltr'><strong><em>prope</em></strong></span> <span class='ocrx_word' id='word_1_824' title='bbox 1308 5392 1353 5450; x_wconf 86' lang='lat' dir='ltr'><strong><em>est</em></strong></span> <span class='ocrx_word' id='word_1_825' title='bbox 1591 5408 1605 5414; x_wconf 84' lang='grc'>·</span> <span class='ocrx_word' id='word_1_826' title='bbox 1659 5415 1665 5426; x_wconf 83' lang='grc'><em>·</em></span> 
     </span>
    </p>

    <p class='ocr_par' dir='ltr' id='par_1_10' title="bbox 381 5464 2372 5726">
     <span class='ocr_line' id='line_1_55' title="bbox 382 5464 2371 5603; baseline 0.004 -36"><span class='ocrx_word' id='word_1_827' title='bbox 382 5471 482 5546; x_wconf 53' lang='grc' dir='ltr'><strong><em>(ΡΜ</em></strong></span> <span class='ocrx_word' id='word_1_828' title='bbox 508 5468 614 5568; x_wconf 71' lang='grc'><strong><em>4’.6)“</em></strong></span> <span class='ocrx_word' id='word_1_829' title='bbox 652 5469 756 5568; x_wconf 56' lang='grc' dir='ltr'><strong><em>ΜΘ</em></strong></span> <span class='ocrx_word' id='word_1_830' title='bbox 781 5475 927 5568; x_wconf 69' lang='lat' dir='ltr'><strong><em>apparel,</em></strong></span> <span class='ocrx_word' id='word_1_831' title='bbox 955 5464 1131 5534; x_wconf 53' lang='lat' dir='ltr'><strong><em>dumam</em></strong></span> <span class='ocrx_word' id='word_1_832' title='bbox 1148 5474 1185 5566; x_wconf 44' lang='lat' dir='ltr'><strong><em>ft</em></strong></span> <span class='ocrx_word' id='word_1_833' title='bbox 1205 5470 1353 5552; x_wconf 49' lang='lat' dir='ltr'><em>perstem</em></span> <span class='ocrx_word' id='word_1_834' title='bbox 1473 5522 1502 5585; x_wconf 92' lang='lat' dir='ltr'><strong><em>l)</em></strong></span> <span class='ocrx_word' id='word_1_835' title='bbox 1521 5521 1557 5572; x_wconf 89' lang='lat' dir='ltr'><strong><em>In</em></strong></span> <span class='ocrx_word' id='word_1_836' title='bbox 1575 5518 1753 5585; x_wconf 78' lang='lat' dir='ltr'><strong><em>praecedente</em></strong></span> <span class='ocrx_word' id='word_1_837' title='bbox 1770 5521 1897 5601; x_wconf 75' lang='lat' dir='ltr'><strong><em>editione,</em></strong></span> <span class='ocrx_word' id='word_1_838' title='bbox 1919 5525 1997 5576; x_wconf 82' lang='lat' dir='ltr'><strong><em>caius</em></strong></span> <span class='ocrx_word' id='word_1_839' title='bbox 2017 5524 2177 5602; x_wconf 70' lang='lat' dir='ltr'><strong><em>tietuini.</em></strong></span> <span class='ocrx_word' id='word_1_840' title='bbox 2201 5525 2309 5575; x_wconf 85' lang='lat' dir='ltr'><strong><em>omnino</em></strong></span> <span class='ocrx_word' id='word_1_841' title='bbox 2326 5539 2371 5603; x_wconf 78' lang='lat' dir='ltr'><strong><em>ire-</em></strong></span> 
     </span>
     <span class='ocr_line' id='line_1_56' title="bbox 382 5552 2372 5659; baseline 0.002 -18"><span class='ocrx_word' id='word_1_842' title='bbox 382 5562 451 5620; x_wconf 58' lang='lat' dir='ltr'><strong><em>ma</em></strong></span> <span class='ocrx_word' id='word_1_843' title='bbox 471 5577 531 5621; x_wconf 59' lang='grc' dir='ltr'><strong>Μ</strong></span> <span class='ocrx_word' id='word_1_844' title='bbox 547 5575 583 5619; x_wconf 76' lang='lat' dir='ltr'><strong><em>ill</em></strong></span> <span class='ocrx_word' id='word_1_845' title='bbox 603 5575 708 5620; x_wconf 65' lang='lat' dir='ltr'><strong><em>“mm</em></strong></span> <span class='ocrx_word' id='word_1_846' title='bbox 726 5555 853 5654; x_wconf 45' lang='lat' dir='ltr'><strong><em>,merei</em></strong></span> <span class='ocrx_word' id='word_1_847' title='bbox 871 5575 928 5636; x_wconf 66' lang='lat' dir='ltr'><strong><em>dm</em></strong></span> <span class='ocrx_word' id='word_1_848' title='bbox 949 5554 1003 5619; x_wconf 52' lang='grc' dir='ltr'><strong><em>ΜΟ</em></strong></span> <span class='ocrx_word' id='word_1_849' title='bbox 1023 5574 1069 5635; x_wconf 64' lang='lat' dir='ltr'><strong><em>Pr</em></strong></span> <span class='ocrx_word' id='word_1_850' title='bbox 1069 5552 1120 5619; x_wconf 56' lang='lat'><strong><em>⁰1²⁰</em></strong></span> <span class='ocrx_word' id='word_1_851' title='bbox 1140 5553 1275 5634; x_wconf 52' lang='lat' dir='ltr'><strong><em>mmm</em></strong></span> <span class='ocrx_word' id='word_1_852' title='bbox 1290 5573 1351 5617; x_wconf 61' lang='grc' dir='ltr'><em>Μ</em></span> <span class='ocrx_word' id='word_1_853' title='bbox 1400 5589 1485 5657; x_wconf 75' lang='lat' dir='ltr'><strong><em>picoto</em></strong></span> <span class='ocrx_word' id='word_1_854' title='bbox 1502 5603 1601 5641; x_wconf 82' lang='lat' dir='ltr'><strong><em>nouum</em></strong></span> <span class='ocrx_word' id='word_1_855' title='bbox 1618 5592 1699 5639; x_wconf 83' lang='lat' dir='ltr'><strong><em>autor</em></strong></span> <span class='ocrx_word' id='word_1_856' title='bbox 1716 5589 1860 5656; x_wconf 79' lang='lat' dir='ltr'><strong><em>substituit,</em></strong></span> <span class='ocrx_word' id='word_1_857' title='bbox 1883 5591 2005 5658; x_wconf 71' lang='lat' dir='ltr'><strong><em>maculae</em></strong></span> <span class='ocrx_word' id='word_1_858' title='bbox 2017 5597 2164 5659; x_wconf 75' lang='lat' dir='ltr'><strong><em>petitiones</em></strong></span> <span class='ocrx_word' id='word_1_859' title='bbox 2181 5592 2239 5644; x_wconf 81' lang='lat' dir='ltr'><strong><em>suis</em></strong></span> <span class='ocrx_word' id='word_1_860' title='bbox 2255 5592 2372 5645; x_wconf 73' lang='lat' dir='ltr'><strong><em>rubricis</em></strong></span> 
     </span>
     <span class='ocr_line' id='line_1_57' title="bbox 381 5634 2370 5726; baseline 0.005 -22"><span class='ocrx_word' id='word_1_861' title='bbox 381 5641 506 5708; x_wconf 69' lang='grc' dir='ltr'><strong><em>666666.ι</em></strong></span> <span class='ocrx_word' id='word_1_862' title='bbox 526 5640 647 5706; x_wconf 81' lang='lat' dir='ltr'><strong><em>andum</em></strong></span> <span class='ocrx_word' id='word_1_863' title='bbox 667 5640 733 5706; x_wconf 83' lang='lat' dir='ltr'><strong><em>Dei</em></strong></span> <span class='ocrx_word' id='word_1_864' title='bbox 752 5660 817 5707; x_wconf 83' lang='lat' dir='ltr'><strong><em>esse</em></strong></span> <span class='ocrx_word' id='word_1_865' title='bbox 838 5660 933 5724; x_wconf 87' lang='lat' dir='ltr'><strong><em>super</em></strong></span> <span class='ocrx_word' id='word_1_866' title='bbox 952 5643 1051 5706; x_wconf 73' lang='grc'><strong>666666</strong></span> <span class='ocrx_word' id='word_1_867' title='bbox 1072 5637 1173 5719; x_wconf 85' lang='grc' dir='ltr'><strong>(Ρ661.</strong></span> <span class='ocrx_word' id='word_1_868' title='bbox 1194 5641 1244 5719; x_wconf 85' lang='grc'><strong><em>33,</em></strong></span> <span class='ocrx_word' id='word_1_869' title='bbox 1265 5634 1329 5721; x_wconf 86' lang='grc'>18).</span> <span class='ocrx_word' id='word_1_870' title='bbox 1402 5657 1545 5710; x_wconf 73' lang='lat' dir='ltr'><strong><em>nimau</em></strong></span> <span class='ocrx_word' id='word_1_871' title='bbox 1562 5654 1681 5720; x_wconf 66' lang='lat' dir='ltr'><strong><em>unani.</em></strong></span> <span class='ocrx_word' id='word_1_872' title='bbox 1726 5654 1757 5726; x_wconf 79' lang='lat'><strong><em>2)</em></strong></span> <span class='ocrx_word' id='word_1_873' title='bbox 1776 5658 1948 5715; x_wconf 66' lang='lat' dir='ltr'><strong><em>maenaa</em></strong></span> <span class='ocrx_word' id='word_1_874' title='bbox 1964 5661 2111 5715; x_wconf 69' lang='lat' dir='ltr'><strong><em>maauaie</em></strong></span> <span class='ocrx_word' id='word_1_875' title='bbox 2126 5659 2238 5714; x_wconf 67' lang='lat' dir='ltr'><strong><em>inimi:</em></strong></span> <span class='ocrx_word' id='word_1_876' title='bbox 2255 5659 2370 5714; x_wconf 67' lang='lat' dir='ltr'><strong><em>inani</em></strong></span> 
     </span>
    </p>
   </div>
   <div class='ocr_carea' id='block_1_7' title="bbox 2576 2554 2596 2591">
    <p class='ocr_par' dir='ltr' id='par_1_11' title="bbox 2576 2554 2596 2591">
     <span class='ocr_line' id='line_1_58' title="bbox 2576 2554 2596 2591; baseline 0 -10"><span class='ocrx_word' id='word_1_877' title='bbox 2576 2554 2596 2591; x_wconf 57' lang='grc'><strong><em>6</em></strong></span> 
     </span>
    </p>
   </div>
   <div class='ocr_carea' id='block_1_8' title="bbox 0 0 2804 6805">
    <p class='ocr_par' dir='ltr' id='par_1_12' title="bbox 0 0 2804 6805">
     <span class='ocr_line' id='line_1_59' title="bbox 0 0 2804 6805; baseline 0 0"><span class='ocrx_word' id='word_1_878' title='bbox 0 0 2804 6805; x_wconf 95' lang='lat' dir='ltr'><strong><em> </em></strong></span> 
     </span>
    </p>
   </div>
  </div>
 </body>
</html>
