5600 6809
489 1913 1156 2055 INSTITUTIONIS
1198 1912 1829 2047 CHRISTIANAE
1869 1911 2400 2048 RELIGIONIS

1221 2155 1408 2238 LIBER
1437 2155 1683 2240 PRIMUS.

892 2361 986 2458 DE
1015 2358 1429 2457 COGNITIONE
1455 2359 1576 2456 DEI
1604 2358 1991 2459 CREATORIS.

811 2581 962 2662 CAPUT
983 2580 1051 2663 10¹)
1446 2580 1610 2668 ἰ66661666
1636 2581 1808 2660 perfectam
1839 2580 2048 2660 affluentiam,
2086 2579 2229 2644 iustitiae
2262 2580 2450 2662 puritatem,

516 2731 524 2746 ‚
633 2727 640 2743 ,
668 2726 675 2742 ,
743 2703 748 2726 .
964 2721 972 2738 ,
1306 2721 1313 2735 ,
1446 2671 1569 2746 tatque
1591 2665 1671 2728 adeo
1695 2665 1789 2729 malis
1812 2665 1931 2730 nostris
1953 2665 1995 2729 ad
2022 2663 2258 2730 consideranda
2278 2665 2343 2729 Dei
2365 2666 2452 2732 bona

444 2733 527 2813 Del
554 2738 749 2810 ssOblblam
776 2737 821 2805 (bl)
842 2733 975 2804 nostrl
1003 2736 1071 2803 1⁸05
1107 2750 1198 2803 OSSO
1225 2751 1420 2802 comune·
1446 2744 1449 2771 ⁸
1473 2751 1669 2829 excitamm
1697 2772 1759 2815 neo
1781 2758 1857 2814 ante
1880 2750 1921 2814 ad
1948 2751 2042 2814 illum
2063 2751 2147 2815 serio
2170 2752 2313 2833 aspirare
2334 2773 2451 2833 possu-

475 2864 555 2956 rr
595 2860 639 2929 r
670 2843 877 2955 arro
908 2842 1019 2922 'mr
1051 2871 1095 2923 r
1127 2843 1389 2923 rhrrr
1472 2857 1562 2984 66
1578 2837 2012 2986 tinniensem
2030 2837 2122 2986 rt
2142 2836 2347 2988 16666
2366 2837 2451 2987 (6

536 2999 568 3078 1ss
608 3015 691 3076 'l'ota
717 3012 784 3074 fere
807 3008 984 3091 sapientiae
1012 3015 1141 3072 nostrae
1169 3030 1310 3085 summa,
1339 3029 1421 3089 quae
1473 3008 1573 3070 etiam
1600 3027 1666 3071 non
1698 3009 1871 3089 requiescit
1902 3007 2057 3089 quamdiu
2084 3008 2146 3072 sibi
2180 2944 2452 3092 ί6661666661166168,

447 3123 526 3167 vera
544 3099 676 3163 demum
693 3119 731 3160 ac
748 3095 851 3160 solida
873 3094 1032 3175 sapientia
1049 3095 1174 3158 censeri
1192 3093 1317 3171 debeat,
1341 3093 1422 3158 (166-
1473 3092 1535 3156 hoc
1557 3100 1620 3171 est,
1644 3094 1713 3158 suis
1737 3093 1866 3163 dotibus
1889 3100 1939 3157 est
1959 3100 2147 3172 contentus,
2176 3102 2208 3156 et
2229 3094 2349 3159 inscius
2372 3115 2452 3160 suae

445 3188 507 3253 bus
527 3184 674 3267 partibus
697 3189 831 3258 constat,
854 3180 918 3243 Dei
941 3180 1124 3262 cognitione
1146 3187 1179 3244 ct
1200 3181 1310 3244 nostri.
1349 3178 1423 3244 Cae·
1473 3179 1624 3242 miseriae
1646 3178 1700 3245 rel
1733 3178 1925 3243 immemor?
1970 3178 2113 3242 Proinde
2144 3180 2366 3261 unusquisque
2399 3182 2452 3245 sui

446 3269 593 3355 terrm,²)
616 3289 713 3348 qnam
734 3267 842 3331 maltis
865 3267 945 3328 inter
971 3285 1004 3328 se
1024 3265 1159 3327 rimulis
1181 3285 1332 3329 connexae
1349 3266 1421 3342 sint,
1474 3265 1639 3345 agnitione
1671 3285 1737 3328 non
1775 3271 1904 3327 tantum
1941 3264 2120 3347 instigatur
2148 3264 2190 3328 ad
2227 3266 2453 3347 quaerendum

446 3365 521 3422 utra
543 3366 652 3420 tamen
676 3355 813 3418 alteram
834 3349 1013 3433 praecedat,
1037 3358 1070 3413 ot
1091 3371 1132 3413 ex
1155 3372 1189 3414 se
1211 3351 1327 3432 pariat,
1355 3372 1422 3414 non
1474 3350 1599 3428 Deum,
1629 3349 1806 3415 sedetiam
1834 3349 1876 3413 ad
1894 3349 2121 3430 reperiendum
2148 3352 2240 3433 quasi
2266 3373 2368 3416 manu
2390 3351 2452 3417 du·

445 3443 539 3508 facile
561 3448 611 3506 est
632 3440 824 3505 discernere.
872 3436 958 3499 Nam
975 3435 1083 3517 prium
1109 3456 1141 3499 se
1170 3457 1258 3500 nenio
1285 3437 1423 3516 aspicere
1475 3436 1566 3499 citur.

441 3533 541 3612 potest
563 3528 640 3608 qnia
658 3525 701 3589 ad
722 3525 794 3602 Dei,
818 3525 853 3586 in
874 3543 935 3602 qno
957 3522 1034 3584 vivit
1055 3525 1082 3585 et
1103 3527 1240 3585 moretur
1261 3520 1350 3604 (Act.
1373 3526 1421 3598 17,
1562 3525 1591 3584 2.
1636 3521 1797 3599 Rursum,
1825 3520 1992 3584 hominem
2019 3522 2054 3585 in
2080 3542 2198 3602 puram
2225 3522 2276 3586 sui
2297 3523 2453 3588 notitiam

448 3615 514 3696 28),
537 3614 685 3676 intrabam
705 3631 814 3675 senens
831 3628 904 3672 snos
916 3608 1065 3688 protinas
1082 3612 1250 3671 convertat:
1272 3607 1348 3686 qnia
1365 3608 1424 3670 mi—
1474 3628 1644 3689 nunquam
1669 3607 1841 3688 pervenire
1868 3613 2008 3685 constat,
2036 3608 2099 3672 nisi
2125 3607 2217 3689 prius
2243 3607 2307 3671 Dei
2333 3607 2453 3673 faciem

446 3701 529 3762 nime
550 3693 711 3762 obscuram
733 3696 882 3760 est’dotes
909 3693 1027 3775 6661666
1044 3693 1200 3775 poliemus
1227 3713 1424 3774 nequaqnam
1475 3694 1518 3757 sit
1538 3693 1784 3774 contemplatus,
1806 3699 1902 3774 atque
1921 3713 1962 3756 ex
1980 3693 2207 3774 illius-intuitu
2230 3692 2272 3757 ad
2289 3714 2324 3757 se
2340 3693 2449 3775 ipsum

446 3805 469 3848 a
490 3783 577 3847 nobis
604 3803 683 3860 6666,
712 3783 774 3845 imo
796 3802 833 3844 ne
855 3781 890 3844 id
918 3781 1042 3861 quidem
1062 3781 1168 3860 ipsam
1197 3780 1277 3860 qaod
1302 3799 1423 3857 samar,
1475 3777 1712 3860 inspiciendum
1744 3776 1928 3842 descendat.
1977 3779 2064 3842 Nam
2097 3778 2194 3863 (quae
2223 3779 2371 3862 ingenita
2401 3788 2478 3845 est

447 3869 537 3933 alind
562 3889 626 3932 esse
653 3888 747 3948 qaam
768 3867 803 3929 in
829 3887 892 3930 ano
921 3865 989 3930 Deo
1015 3866 1255 3929 subsistentiam.
1299 3864 1423 3929 Deirnie
1474 3864 1624 3928 omnibus
1645 3864 1745 3928 nobis
1761 3863 1926 3946 superbia)
1945 3865 2022 3928 iusti
2039 3886 2167 3946 semper
2184 3866 2279 3929 nobis
2301 3864 2454 3929 videmur

448 3954 487 4017 ab
515 3954 565 4016 bis
592 3953 678 4018 bonis
710 3973 789 4032 qaae
820 3953 966 4034 palatim
993 3974 1009 4017 6
1035 3952 1112 4016 coelo
1139 3951 1182 4014 ad
1208 3971 1264 4014 nos
1292 3951 1422 4029 stillant,
1474 3956 1507 4013 66
1538 3950 1672 4032 integri⁴
1693 3958 1726 4013 et
1758 3950 1920 4031 sapientes
1952 3958 1986 4014 et
2018 3950 2139 4029 sancti3
2172 3951 2236 4015 nisi
2270 3952 2452 4017 manifestis

446 4045 597 4120 tanquam
619 4061 639 4102 6
667 4038 783 4102 rivulis
812 4038 854 4100 ad
881 4037 995 4116 fontan
1021 4038 1212 4101 (1661666666.
1259 4035 1331 4099 Iam
1352 4057 1422 4100 nero
1474 4035 1689 4118 argumentis,
1712 4035 1902 4113 iniustitiae,
1926 4035 2104 4113 foeditatis,
2133 4036 2304 4113 stultitiae,
2334 4046 2367 4099 ot
2388 4038 2451 4100 im-

447 4146 485 4189 ea·
507 4130 611 4188 nostra
637 4125 784 4187 mandate
810 4122 922 4186 melias
951 4128 1079 4203 apparet
1099 4123 1170 4202 iiia,
1199 4143 1279 4204 qnae
1300 4123 1335 4185 in
1354 4122 1422 4187 Deo
1473 4122 1625 4204 puritatis
1647 4130 1780 4186 nostrae
1802 4123 2043 4186 convincamur.
2088 4123 2163 4186 Non
2185 4128 2295 4186 autem
2314 4124 2451 4188 conrin-

446 4211 561 4275 residet
579 4209 728 4274 bonorum
745 4207 895 4288 infinitae.
932 4206 1123 4272 Praesertim
1143 4207 1332 4272 miserabilis
1349 4207 1423 4271 baec
1474 4209 1579 4271 cimur
1606 4208 1634 4271 si
1660 4207 1696 4269 in
1721 4229 1782 4272 nos
1803 4207 1964 4272 duntaxat
1989 4209 2075 4289 ipsos
2098 4208 2303 4289 respicimus,
2331 4220 2451 4273 66666

446 4298 558 4373 rainu,
583 4296 620 4359 in
646 4316 742 4376 qnam
770 4314 826 4358 nos
861 4292 968 4356 deiecit
997 4294 1100 4375 primi
1127 4294 1261 4358 bominis
1287 4293 1421 4373 defectio,
1473 4294 1509 4356 in
1529 4293 1709 4357 Dominum
1731 4313 1871 4375 quoque;
1893 4295 1946 4375 qui
1970 4295 2067 4358 unica
2089 4299 2139 4358 est
2155 4294 2269 4376 regula
2287 4293 2328 4357 ad
2350 4316 2451 4377 quam

447 4403 575 4449 snrsnm
595 4382 698 4445 oratos
718 4381 795 4462 cepit
816 4379 959 4457 attollere,
981 4400 1042 4443 aon
1063 4380 1151 4443 mbo
1173 4385 1209 4443 nt
1231 4379 1303 4443 inde
1323 4380 1423 4441 ieimri
1475 4378 1674 4461 exigendum
1692 4386 1742 4442 666
1762 4378 1850 4443 istud
1872 4379 2038 4444 iudicium,
2073 4377 2160 4459 Quia
2182 4379 2270 4443 enim
2292 4379 2451 4464 adhypo-

447 4474 475 4532 et
489 4467 628 4549 famelici
640 4471 786 4547 petamus
804 4465 886 4545 qnod
902 4464 990 4528 nobis
1007 4466 1098 4542 deest,
1119 4465 1173 4528 sed
1189 4470 1271 4529 nretn
1281 4485 1423 4546 erperae
1474 4465 1573 4529 crisin
1600 4478 1721 4528 natura
1747 4465 1900 4546 propensi
1931 4487 2045 4529 sumus
2076 4486 2203 4543 omnes,
2236 4464 2310 4529 ideo
2342 4467 2451 4533 inanis

446 4554 524 4633 facti
556 4552 764 4616 lrnmiiilatem
802 4550 969 4614 diseamus.
1028 4550 1115 4613 Nam
1149 4557 1186 4612 ut
1218 4551 1253 4612 in
1292 4550 1422 4613 homine
1473 4549 1633 4632 quaedam
1665 4551 1808 4614 iustitiae
1842 4552 1964 4631 species
1997 4572 2056 4632 pro
2093 4551 2218 4615 iustitia
2249 4551 2321 4632 ipsa
2353 4553 2486 4618 nobis·

448 4638 609 4718 reperitur
636 4635 768 4719 quidam
796 4636 1001 4699 miseriarum
1029 4636 1175 4699 omnium
1201 4635 1357 4713 mundus,
1386 4656 1423 4700 ac
1474 4634 1603 4700 abunde
1625 4636 1789 4700 satisfacit.
1834 4637 1880 4700 Et
1908 4637 1985 4717 quia
2011 4636 2093 4699 nihil
2120 4637 2207 4700 intra
2234 4657 2292 4699 nos
2319 4636 2368 4700 vei
2389 4641 2452 4701 cir·
2503 4712 2506 4718 Ι

385 4748 390 4754 ’
449 4743 487 4786 er
508 4742 567 4802 qno
594 4723 720 4802 spoliati
746 4741 858 4786 samaa
882 4721 989 4785 divino
1011 4725 1138 4800 ornata,
1159 4722 1309 4801 paderzda
1331 4721 1423 4784 nadi-
1474 4742 1544 4786 cnm
1566 4727 1697 4801 apparet
1718 4721 1805 4803 quod
1830 4743 1897 4785 non
1922 4723 1965 4785 sit
1990 4722 2131 4803 plurima
2158 4720 2375 4786 obscoenitate
2397 4724 2450 4787 in·
2478 4737 2482 4747 '

448 4811 498 4871 tae
519 4808 701 4870 immensam
721 4808 910 4887 probrorum
935 4807 1105 4888 congeriem
1125 4807 1247 4889 61666966,
1260 4807 1423 4888 ,propriae
1474 4808 1654 4888 quinatum,
1678 4807 1763 4888 quod
1784 4807 1881 4890 paulo
1902 4809 2011 4871 minus
2036 4807 2168 4872 foedum
2189 4815 2239 4871 est
2260 4827 2319 4888 pro
2341 4810 2451 4889 puris·

448 4893 647 4956 infelicitatis
665 4894 862 4958 conscicntia
879 4911 1140 4973 unumquemque
1163 4893 1266 4974 pungi
1292 4913 1423 4956 necesse
1474 4894 1556 4956 simo
1579 4894 1707 4971 arridet,
1729 4894 1882 4973 quamdin
1898 4901 2042 4957 mentem
2060 4903 2205 4957 nostram
2221 4892 2310 4956 intra
2329 4893 2450 4958 huma«

449 4986 507 5056 est,
532 4987 569 5040 ut
590 4978 625 5039 in
648 4977 788 5058 aliquam
810 4979 926 5043 saltem
947 4978 1011 5041 Dei
1038 4978 1187 5040 notitiam
1211 4978 1327 5040 veniat.
1373 4977 1424 5041 lta
1474 4998 1536 5041 nae
1558 4977 1746 5059 pollutionis
1774 4980 1856 5042 fines
1883 4980 2094 5042 continemus,
2139 4979 2215 5042 Non
2238 4999 2329 5043 secus
2352 4986 2450 5061 atque

449 5084 490 5127 ox
513 5063 716 5145 ignorantiae,
738 5066 900 5141 vanitatis,
925 5064 1058 5143 impiae,
1086 5062 1291 5142 infirmitatis,
1314 5063 1422 5144 pravi·
1475 5062 1602 5140 oculus,
1631 5064 1684 5127 cui
1705 5063 1790 5127 nihil
1812 5065 1891 5129 alias
1919 5065 2110 5129 obversatur
2130 5065 2192 5128 nisi
2213 5064 2300 5147 nigri
2322 5065 2448 5144 coloris,

448 5149 526 5213 tatis
549 5148 687 5229 denique
715 5156 747 5210 et
768 5150 985 5231 corruptionis
1011 5149 1161 5230 propriae
1188 5169 1286 5212 sensu
1312 5169 1424 5231 recog·
1476 5147 1741 5213 candidissimum
1759 5171 1828 5214 esse
1855 5150 1977 5214 iudicat
2004 5150 2090 5233 quod
2117 5156 2228 5214 tamen
2251 5150 2451 5215 subobscura

449 5235 628 5312 noscimus,
662 5254 729 5297 666
756 5233 831 5298 alibi
862 5255 959 5316 quam
991 5235 1027 5298 in
1054 5235 1196 5298 Domino
1232 5234 1329 5297 sitam
1352 5255 1423 5297 esse
1475 5240 1526 5298 est
1552 5234 1713 5313 albedine,
1742 5235 1795 5299 vel
1829 5237 1987 5300 nonnulla
2014 5238 2111 5301 etiam
2144 5234 2309 5301 fuscedine
2337 5256 2449 5317 asper-

448 5342 561 5385 reram
584 5320 763 5401 sapientiae
789 5319 901 5398 inem,
928 5319 1062 5383 solidam
1089 5321 1246 5397 virtatem,
1274 5318 1424 5383 bonoram
1475 5341 1557 5385 sum,
1603 5318 1692 5399 Quin
1720 5343 1761 5385 ex
1788 5342 1940 5403 corporeo
1966 5344 2064 5386 sensu
2092 5323 2225 5404 propius
2253 5320 2358 5386 adhuc
2382 5321 2449 5387 dis·

1475 5425 1607 5470 cernere
1629 5405 1707 5470 licet
1726 5415 1885 5489 quantum
1905 5410 1941 5472 in
1964 5406 2173 5472 aestimandis
2195 5408 2324 5470 animae
2341 5407 2450 5472 virtu·

520 5523 548 5584 1)
575 5523 674 5588 Gom,
694 5522 881 5591 memmi,
909 5521 1038 5575 edim„
1063 5524 1128 5591 ραν,
1146 5523 1170 5577 1,
1195 5525 1217 5591 ς,
1237 5523 1322 5576 1-3.
1392 5522 1423 5590 2)
1474 5491 1563 5555 tibus
1582 5491 1829 5556 hallucinemur.
1874 5495 1961 5558 Nam
1982 5495 2010 5557 si
2031 5491 2084 5557 vel
2107 5500 2229 5555 terram
2251 5490 2450 5574 despicimus

451 5591 594 5645 Nonnmlo
611 5609 681 5661 qnae
698 5599 779 5645 anna
796 5592 841 5646 bic
858 5592 1012 5660 tegebamur
1028 5599 1163 5659 expuam
1180 5599 1251 5646 sunt.
1474 5577 1581 5641 medio
1604 5577 1670 5657 die,
1698 5578 1751 5643 rel
1778 5578 1946 5644 intuemur
1970 5599 2053 5661 quae
2079 5578 2223 5660 aspectui
2246 5587 2356 5642 nostro
2385 5580 2450 5644 cir·
