5600 6809
392 735 451 795 151
1036 722 1303 791 INSTITUTIO
1326 723 1431 788 Rlllr.
1453 720 1635 788 offulas.
1661 726 1752 788 1559.
2336 721 2397 782 152

392 919 448 984 ubi
475 919 514 983 ab
541 922 721 999 55555515
748 916 898 981 audimus
925 914 1016 999 (ibid.
1037 918 1092 994 34,
1121 912 1263 997 16.17).·
1289 912 1370 975 omli
1421 910 1557 975 lumi-ais
1578 910 1724 988 arbitrio,
1749 912 1872 992 parlim
1892 909 1956 974 Dei
1976 909 2176 991 prouidentia
2197 909 2301 974 annia
2320 909 2399 993 peri,

393 1005 527 1071 Domini
548 1024 644 1084 super
664 1004 776 1081 iustos,
804 1007 832 1066 et
859 1022 951 1067 aures
973 1003 1040 1065 olas
1061 1000 1104 1065 ad
1118 1018 1226 1079 prema
1247 1018 1370 1076 eorum;
1422 998 1495 1060 5515
1516 1001 1618 1060 tamnu
1638 996 1762 1060 subesse
1782 996 1919 1060 homiues
1940 1001 1968 1059 et
1988 996 2027 1059 ab
2048 1017 2085 1059 ea
2106 995 2180 1078 rapi,
2201 997 2282 1060 satis
2299 995 2401 1078 paulo

393 1090 432 1156 ab
454 1090 552 1154 altera
575 1095 692 1154 autem:
714 1089 820 1154 oculus
838 1088 968 1153 Domini
989 1107 1083 1167 super
1105 1086 1226 1165 impios,
1249 1089 1284 1146 ut
1298 1104 1371 1165 per-
1416 1087 1490 1164 post
1511 1082 1655 1160 ostendit,
1677 1082 1876 1162 principium
1897 1082 1978 1146 illud
1998 1102 2138 1160 5555555,
2159 1079 2240 1144 nibil
2261 1103 2326 1146 esse
2348 1081 2402 1145 ab·

292 1170 307 1249 'v
391 1177 448 1242 dat
470 1181 590 1239 eterra
607 1175 790 1239 memoriam
807 1193 920 1250 eorum,
939 1173 1076 1237 sciamus
1094 1176 1253 1234 araturas
1270 1189 1373 1234 omines
1423 1168 1554 1233 surdius
1586 1187 1682 1248 quum
1714 1166 1786 1247 fieri
1817 1169 1990 1250 quidquam
2028 1169 2094 1230 uisi
2127 1166 2290 1231 ordinante
2321 1167 2399 1246 Deo,

392 1281 520 1328 sursum
547 1267 574 1324 et
602 1261 745 1324 dommim
765 1264 892 1339 praesto
919 1258 961 1321 ad
987 1258 1165 1338 obsequium
1191 1256 1310 1333 adesse,
1338 1259 1372 1317 ut
1424 1255 1502 1336 quia
1522 1258 1631 1318 tumre
1652 1253 1807 1318 acmdmet.
1820 1252 1865 1337 ¹)'
1888 1255 1958 1335 Qua
1978 1255 2096 1317 rulime
2118 1259 2145 1316 et
2165 1253 2403 1337 oudinqadiam

392 1368 448 1412 eos
470 1348 506 1410 iu
528 1366 737 1427 quemcunque
758 1345 822 1408 nult
841 1364 934 1408 usum
956 1344 1162 1408 aeconomodet.
1206 1340 1372 1424 Uredeool
1423 1359 1504 1420 quae
1527 1339 1565 1403 ab
1587 1337 1747 1416 55555555
1768 1339 1898 1403 arbitrio
1914 1341 2029 1421 pandet
2049 1340 2199 1418 meludit·
2231 1360 2302 1404 urae
2329 1358 2402 1402 aero

394 1433 514 1516 liqitur,
533 1453 597 1498 uon
610 1437 729 1496 tantum
745 1431 918 1512 qeneralem
935 1431 1004 1492 eius
1020 1428 1254 1509 providentiam
1271 1426 1373 1509 519555
1423 1425 1543 1489 alarius
1579 1445 1708 1489 causam
1735 1444 1801 1488 esse
1832 1427 2043 1506 quaerendam
2080 1446 2196 1508 neqans
2234 1425 2405 1491 voluntatis

395 1520 430 1583 iu
452 1519 613 1595 creaturis,
637 1522 671 1580 ut
692 1523 824 1580 araturae
842 1516 980 1595 ordinem
1000 1516 1167 1592 continuet,-
1188 1512 1242 1576 scd
1259 1513 1293 1575 in
1310 1533 1373 1576 oer-
1424 1509 1497 1575 Dei.
1544 1511 1667 1591 Quales
1693 1515 1793 1573 anetem
1819 1512 2041 1590 permissionis
2068 1511 2106 1574 ab
2133 1512 2202 1593 ipso
2221 1512 2335 1576 mentio
2354 1509 2402 1590 lit,

392 1608 460 1667 tuni
487 1609 515 1668 et
535 1604 707 1685 proprium
733 1601 827 1682 duem
855 1601 977 1681 aptari,
1009 1599 1193 1664 admirabili
1214 1599 1283 1662 eius
1305 1618 1373 1662 cou-
1424 1596 1572 1675 quomodo
1600 1595 1655 1659 555
1680 1594 1811 1678 intelliqi
1836 1596 1940 1660 debeat
1961 1617 1999 1660 ea
2020 1618 2082 1661 uuo
2104 1597 2165 1662 loco
2186 1598 2298 1679 optime
2312 1601 2404 1678 pate-

391 1690 473 1754 silio.
1424 1682 1481 1759 bit,
1509 1681 1563 1746 ubi
1583 1681 1648 1746 Dei
1667 1681 1851 1745 uoluntatem
1877 1703 2035 1746 summam
2062 1703 2127 1747 esse
2147 1683 2262 1765 probat
2281 1689 2309 1747 et
2328 1683 2405 1765 pri·

481 1778 510 1837 8.
556 1772 622 1853 Qui
650 1772 726 1836 huic
752 1770 918 1836 doctrinae
940 1770 1099 1836 invidiam
1120 1770 1225 1833 faeere
1247 1769 1371 1847 volunt,
1424 1787 1509 1830 unam
1531 1769 1668 1831 omnium
1687 1787 1829 1845 causam,
1859 1770 1935 1848 quia
1963 1769 2045 1832 reiliil
2070 1770 2136 1832 nisi
2158 1790 2197 1833 ea
2219 1771 2310 1834 iussu
2332 1769 2404 1834 eius

396 1859 642 1925 calumniantur
663 1878 733 1922 esse
761 1856 879 1939 dogma
902 1855 1087 1921 Stoicorum
1115 1855 1155 1919 dc
1176 1856 1256 1932 fat0;
1286 1854 1372 1937 quod
1424 1853 1471 1916 551
1495 1854 1703 1935 permissione
1736 1854 1855 1918 accidit.
1902 1852 1988 1919 (lente
2019 1876 2082 1919 uon
2111 1854 2203 1936 fiuqit
2229 1855 2334 1920 Dema
2365 1856 2404 1918 in

396 1951 431 2010 55
450 1945 637 2028 Augustino
650 1943 674 2028 ¹)
707 1944 942 2026 exprobratum
972 1941 1147 2023 aliquando
1179 1942 1248 2004 fuit.
1302 1941 1372 2004 Nos
1424 1938 1521 2003 otiosa
1542 1939 1666 2018 specula
1687 1944 1867 2018 5555555555,
1889 1940 1966 2004 dum
1988 1941 2111 2021 aliquut
2132 1941 2205 2005 uult·
2212 1942 2403 2022 permittere,

396 2032 458 2096 etsi
478 2030 517 2094 de
535 2030 643 2095 verbis
660 2030 756 2093 155151
773 2029 949 2112 litigamus,
971 2028 1030 2092 fati
1048 2036 1158 2091 tamen
1176 2026 1372 2091 vocabulum
1425 2022 1478 2086 ubi
1506 2025 1640 2088 actualis
1668 2029 1716 2099 (ut
1736 2025 1784 2087 ita
1805 2025 1931 2109 loquor)
1953 2026 2097 2090 uoluntas
2118 2027 2292 2106 intercedit,
2321 2047 2405 2108 quae

396 2138 461 2180 non
495 2117 684 2201 recipimus:
726 2123 798 2178 tum
832 2114 908 2196 quia
941 2119 991 2178 est
1023 2135 1064 2177 ex
1097 2134 1209 2176 eorum
1243 2135 1370 2195 genere,
1425 2109 1544 2191 alioqui
1565 2132 1626 2174 aori
1642 2116 1747 2190 posset
1766 2112 1884 2175 cameri
1903 2132 2010 2176 causa.

397 2223 535 2285 quorum
557 2201 710 2283 profanas
732 2201 892 2263 novitates
914 2200 1064 2282 refugere
1087 2219 1146 2262 nos
1168 2198 1292 2263 Paulus
1315 2197 1371 2261 do·
1511 2201 1540 2260 9.
1590 2194 1755 2276 Quoniam
1786 2202 1898 2260 tamen
1931 2198 2027 2281 longe
2059 2197 2145 2262 infre
2176 2197 2404 2281 providentiae

396 2296 461 2367 cet;
482 2294 554 2351 tum
576 2288 652 2369 quia
673 2287 744 2350 eius
767 2285 839 2348 odio
862 2293 1019 2349 conantur
1040 2306 1179 2367 gravare
1200 2284 1265 2348 Dei
1286 2284 1372 2349 veri·
1424 2282 1490 2345 Dei
1529 2280 1734 2346 altitudinem
1772 2282 1906 2349 subsidit
1947 2284 2060 2347 merdis
2095 2289 2219 2348 nostrae
2255 2285 2403 2366 tarditas,

396 2379 506 2440 tatem.
550 2374 682 2454 Dagma
703 2392 781 2435 5555
803 2371 910 2453 ipsum
931 2370 1013 2434 falso
1037 2370 1129 2434 nobis
1152 2392 1189 2435 ac
1211 2369 1372 2433 malitiose
1425 2367 1612 2432 adhibenda
1633 2375 1683 2431 est
1703 2389 1785 2450 quae
1807 2390 1880 2432 eam
1901 2369 2049 2434 sublevet
2070 2368 2241 2434 distinctio.
2282 2371 2405 2436 Dicam

396 2460 586 2523 oblectatur.
621 2458 696 2521 Non
714 2458 886 2521 enimcum
904 2454 1023 2521 Stoicis
1041 2456 1267 2520 nenessitatem
1286 2477 1372 2520 earn·
1425 2455 1534 2538 igitur,
1556 2463 1720 2535 utcunque
1742 2454 1936 2519 ordinentur
1952 2456 2064 2519 omnia
2075 2455 2140 2519 Dei
2163 2456 2295 2521 consilio
2311 2464 2405 2522 certa

395 2545 602 2608 miniseimur
624 2564 665 2606 cx
687 2552 844 2625 perpetuo
866 2563 1038 2607 cansarum
1055 2564 1144 2605 nexu
1166 2549 1199 2605 et
1216 2542 1374 2623 implicita
1426 2540 1677 2622 dispensatione,
1701 2540 1794 2605 nohis
1815 2547 1927 2605 tamen
1949 2562 2021 2605 esse
2038 2540 2181 2605 fortuita.
2221 2542 2298 2605 Non
2314 2542 2405 2624 quad

396 2629 537 2712 quadam
556 2629 647 2704 serie,
668 2650 749 2710 quae
767 2630 802 2691 in
819 2636 940 2692 natura
957 2629 1176 2706 contineatur;
1195 2627 1373 2691 sechum
1425 2626 1590 2690 fortunam
1612 2635 1798 2707 reputemus
1819 2625 1942 2690 mundo
1964 2649 2002 2692 ac
2024 2627 2210 2693 hominihus
2232 2626 2404 2709 dominari,

396 2714 623 2780 constituimus
645 2715 804 2779 arbitrum
826 2735 864 2779 ac
885 2712 1120 2778 moderatorem
1139 2714 1294 2791 omnium,
1318 2714 1372 2794 qui
1425 2720 1612 2793 temereque
1639 2712 1750 2775 amnia
1776 2734 1907 2776 sursum
1930 2712 2081 2777 deorsum
2103 2712 2251 2778 volutare
2273 2712 2404 2798 (abesse
2525 2756 2528 2766 ·

395 2821 455 2883 pro
474 2821 534 2863 sua
551 2801 718 2882 sapientia,
738 2800 778 2864 ab
796 2798 912 2862 ultima
929 2798 1373 2880 aeternitate‘decrevitquod
1426 2798 1514 2862 enim
1543 2820 1563 2861 a
1590 2797 1768 2862 christiano
1795 2807 1925 2879 pectore
1954 2798 2047 2863 decet
2074 2798 2159 2863 hane
2185 2798 2387 2886 vecordiam)
2393 2824 2404 2880 ;

316 2899 320 2908 '
396 2886 542 2950 facturus
564 2896 662 2959 esset,
692 2896 725 2949 et
746 2907 832 2949 nunc
855 2886 1094 2966 5555555555,
1121 2884 1208 2966 quod
1229 2883 1374 2949 decrevit
1426 2884 1655 2966 sedquoniam
1672 2904 1784 2947 eorum
1801 2905 1885 2966 quae
1902 2885 2067 2963 eveniunt,
2090 2884 2177 2963 ordo,
2198 2886 2290 2963 ratio,
2312 2887 2402 2966 finis,

396 2973 594 3053 exsequitur.
635 2970 731 3035 Unde
753 2973 822 3035 eius
844 2971 1051 3053 providentia
1068 2991 1134 3034 non
1155 2970 1282 3034 eoelum
1303 2991 1373 3033 ma·
1426 2971 1616 3047 necessitas,
1649 2969 1892 3051 utplurimum
1919 2970 1954 3033 in
1980 2970 2046 3034 Dei
2073 2971 2207 3037 55551115
2238 2972 2333 3051 latet,
2367 2980 2404 3037 et

397 3056 438 3120 do
461 3079 498 3122 ac
517 3064 639 3120 terram
661 3064 694 3120 et
715 3063 881 3121 creaturas
902 3056 1110 3133 inanimatas,
1133 3054 1190 3120 sed
1202 3056 1373 3120 hominum
1425 3056 1571 3119 humana
1597 3054 1749 3138 opinione
1770 3077 1836 3119 non
1857 3056 2129 3139 apprehenditur,
2158 3058 2251 3139 quasi
2267 3058 2405 3124 15555155.

396 3144 495 3206 etiam
518 3142 652 3207 consilia
674 3150 707 3206 et
724 3141 909 3207 voluntates
927 3143 1105 3226 gubernari
1122 3141 1168 3206 sio
1187 3143 1372 3219 asserimus,
1425 3149 1515 3218 sunt,
1546 3162 1629 3222 quae
1658 3147 1783 3206 certum
1806 3148 1920 3205 estex
1942 3142 2007 3205 Dei
2029 3142 2196 3207 voluntate
2217 3145 2403 3225 provenire.

395 3236 434 3292 ut
452 3226 493 3291 ad
511 3227 710 3292 destinatum
731 3228 771 3292 ab
791 3249 829 3292 ca
846 3248 980 3309 scopum
998 3232 1081 3292 recto
1096 3228 1249 3308 feramur.
1284 3226 1373 3307 Quid
1424 3227 1500 3290 Non
1527 3226 1615 3290 enim
1643 3227 1741 3291 aham
1768 3227 1946 3310 imaginem
1974 3248 2053 3310 prae
2076 3249 2111 3293 se
2133 3229 2255 3308 ferunt,
2285 3236 2345 3293 aut
2365 3230 2404 3294 in

395 3313 494 3396 ergo?
528 3315 670 3396 inquies:
704 3313 832 3377 nihilne
859 3314 1006 3392 fortuito,
1035 3312 1120 3376 nihil
1146 3313 1373 3396 contingenter
1425 3320 1545 3376 natura
1565 3333 1625 3376 sua
1641 3310 1872 3391 consideratae,
1896 3320 1955 3377 aut
1970 3314 2149 3379 secundum
2171 3315 2323 3379 notitiam
2342 3337 2404 3380 no·

395 3398 533 3464 accidit?
578 3399 787 3481 Respondes,
815 3420 892 3464 5555
920 3399 1083 3463 5Β551115
1104 3419 1225 3482 magna
1248 3398 1373 3464 dictum
1425 3405 1529 3462 stram
1550 3397 1768 3480 iudiciumque
1791 3399 1989 3463 aestimatae.
2033 3401 2230 3483 Fingamus,
2258 3401 2404 3484 exempli

395 3505 480 3550 esse:
520 3485 685 3549 fortunam
723 3493 757 3548 et
788 3506 900 3550 casum
932 3485 1137 3550 ethnicorum
1169 3505 1239 3550 esse
1266 3505 1371 3562 voees,
1425 3485 1545 3568 gratia
1572 3491 1804 3562 mercatorem,
1832 3485 1888 3567 qui
1916 3485 2032 3550 silvam
2059 3487 2227 3569 ingressus
2250 3508 2325 3551 oum
2347 3509 2403 3553 eo·

395 3593 534 3654 quarum
563 3571 799 3654 significatione
827 3570 956 3654 piarum
983 3578 1110 3634 mentes
1134 3571 1285 3653 occupari
1305 3591 1372 3633 non
1423 3570 1542 3633 mitatu
1563 3569 1703 3634 fidorum
1721 3569 1891 3635 hominum
1907 3570 2132 3654 imprudenter
2152 3594 2172 3637 a
2189 3573 2285 3637 sociis
2307 3573 2403 3638 aber·

395 3656 544 3722 debeant.
589 3657 676 3721 Nam
708 3659 736 3722 si
768 3678 935 3722 successus
967 3657 1073 3722 omnis
1100 3657 1164 3720 Dei
1191 3655 1373 3721 benedictio
1423 3665 1483 3736 ret,
1505 3656 1576 3738 ipso
1597 3675 1707 3719 errore
1727 3653 1853 3721 feratur
1874 3658 1909 3721 in
1930 3657 2129 3739 spoliarium,
2151 3658 2274 3723 incidat
2293 3659 2329 3723 in
2350 3659 2402 3724 la·

395 3749 453 3819 est,
476 3742 644 3806 calamitas
662 3749 695 3806 et
712 3740 900 3822 adversitas,
918 3744 988 3809 eius
1004 3741 1200 3821 maledictio,
1222 3742 1372 3806 fortunae
1423 3751 1545 3819 trenes,
1567 3740 1744 3825 iuguletur.
1778 3743 1871 3807 Mors
1893 3743 1964 3807 eins
1985 3764 2052 3807 non
2074 3751 2203 3809 tantum
2221 3745 2284 3809 Dei
2305 3745 2402 3811 ocula

394 3829 461 3891 iam
490 3828 524 3890 in
551 3828 647 3891 rebus
675 3827 829 3893 humanis
854 3836 912 3894 ant
933 3830 1021 3895 casui
1044 3829 1155 3894 nullus
1177 3827 1373 3910 rehnquitar
1424 3829 1587 3911 praevisa,
1623 3825 1680 3891 sed
1713 3827 1841 3893 decreto
1874 3828 2018 3894 stabilita
2048 3830 2165 3895 fuerat.
2209 3830 2285 3895 Non
2310 3831 2403 3895 enim

394 3912 495 3976 locus.
539 3913 586 3975 Et
612 3934 742 3977 movere
771 3936 831 3978 nos
859 3936 987 3998 quoque
1008 3914 1091 3979 illud
1114 3914 1294 3998 Augustini
1316 3913 1372 3977 de-
1425 3912 1543 3979 dicitur
1567 3912 1766 3994 praevidisse
1795 3923 1955 3996 quantum
1987 3916 2143 3998 cuiusque
2174 3916 2245 3982 vita
2267 3923 2403 4000 proten·

395 3998 504 4080 5551)
527 3997 561 4060 15
579 3997 671 4061 115515
689 4006 803 4063 contra
820 4000 1040 4080 Academicos,
1063 4001 1179 4082 inquit,
1202 4021 1267 4063 non
1289 4000 1372 4062 mihi
1425 4000 1573 4077 deretur,
1613 3999 1671 4063 sed
1703 4002 1862 4066 terminos
1894 4001 2100 4066 constituisse
2133 4023 2172 4066 ac
2202 4004 2314 4069 fixisse
2344 4004 2403 4086 qui

395 4083 502 4165 placet
529 4083 624 4147 toties
652 4105 704 4147 me
725 4085 904 4166 appellasse
926 4088 1106 4165 fortunam,
1134 4087 1283 4169 quamvis
1305 4107 1371 4149 non
1424 4085 1595 4169 praeteriri
1622 4106 1688 4149 non
1710 4092 1867 4168 poterunt
1887 4087 1969 4164 (Iob.
1995 4092 2045 4165 14,
2067 4088 2110 4167 5).
2156 4086 2328 4168 Quantum
2350 4096 2402 4154 ta-

395 4170 537 4251 aliquam
566 4168 661 4231 deam
688 4169 846 4233 valuerim
875 4172 936 4235 hoc
968 4174 1099 4237 nomine
1125 4171 1279 4255 intelligi,
1314 4170 1371 4236 sed
1423 4193 1501 4236 men
1523 4172 1643 4235 mentis
1664 4179 1796 4237 nostrae
1818 4180 1931 4255 captus
1949 4172 2180 4256 apprehendit,
2202 4176 2312 4239 amnia
2332 4175 2414 4242 illic»

393 4256 565 4319 fortuitum
586 4275 695 4319 rerum
718 4263 872 4319 eventum
898 4257 935 4320 in
950 4259 1106 4322 ,55555515
1126 4259 1182 4323 551
1202 4257 1296 4322 bonis
1318 4257 1372 4322 551
1423 4259 1557 4322 fortuita
1589 4265 1756 4341 apparent
1807 4257 1895 4339 Quid
1929 4258 1981 4323 hie
2013 4260 2134 4323 sentiet
2166 4258 2401 4326 Christianus?

393 4341 497 4406 malis.
541 4340 638 4405 Unde
666 4351 699 4403 et
725 4340 784 4403 illa
804 4342 905 4406 verba
936 4353 1013 4407 sunt
1037 4365 1119 4426 quae
1141 4343 1235 4407 nulla
1256 4344 1370 4425 religio
1423 4365 1541 4428 nempe
1568 4342 1725 4427 quidquid
1746 4345 1781 4408 in
1801 4351 1905 4408 morte
1926 4343 2086 4409 eiusmodi
2106 4346 2304 4424 intercessit,
2333 4347 2402 4411 for·

393 4427 499 4491 dicere
521 4426 680 4509 prohihet,
711 4426 801 4505 forte,
829 4426 947 4504 forsan,
971 4430 1115 4506 forsitan,
1138 4431 1282 4508 fortasse,
1305 4430 1370 4493 far·
1425 4431 1543 4495 tuitum
1566 4438 1700 4508 natura,
1728 4437 1766 4494 55
1787 4438 1851 4508 555,
1875 4429 2056 4512 reputabit;
2085 4431 2324 4512 providentiam
2346 4441 2400 4496 ta-

392 4515 491 4591 tuita;
524 4512 608 4595 quod
637 4519 746 4576 tamen
774 4519 880 4576 totum
908 4512 950 4577 ad
977 4514 1124 4579 divinam
1151 4514 1370 4579 revocandum
1421 4537 1499 4581 men
1521 4518 1587 4580 Dei
1615 4516 1793 4598 praefuisse
1820 4536 1886 4579 non
1915 4513 2077 4579 dubitabit
2104 4516 2146 4580 ad
2170 4517 2333 4581 fortunam
2360 4518 2399 4581 in

393 4604 443 4661 est
462 4597 710 4680 providentiam.
756 4598 868 4681 Neque
891 4599 952 4664 hoc
974 4600 1075 4678 tacui,
1100 4599 1224 4664 dicens:
1249 4602 1369 4664 etenim
1422 4624 1519 4666 suum
1544 4604 1644 4666 finem
1672 4600 1885 4684 dirigendam.
1929 4600 2056 4664 Eadem
2087 4609 2138 4667 est
2162 4603 2245 4668 ratio
2270 4602 2405 4668 155555-Ι

393 4684 529 4746 fortasse
568 4706 651 4766 quae
685 4684 782 4769 vulga
814 4686 946 4748 fortuna
980 4694 1203 4767 nuncupatur,
1243 4685 1368 4750 occulto
1422 4711 1496 4752 rum
1518 4687 1779 4768 contingentiae:
1801 4686 1932 4751 Futura
1949 4689 2077 4767 omnia,
2099 4693 2137 4751 ut
2157 4688 2282 4754 incerta
2303 4688 2400 4755 nohis

394 4790 521 4851 quoque
544 4770 656 4835 ordine
679 4773 818 4855 regitur:
845 4770 993 4854 nihilque
1022 4771 1111 4836 aliud
1137 4772 1173 4835 in
1196 4773 1293 4836 rebus
1315 4792 1368 4836 ca·
1422 4784 1514 4851 sunt,
1543 4773 1589 4835 ita
1610 4773 1646 4834 in
1674 4793 1831 4854 suspenso
1857 4771 2032 4850 habemus,
2060 4794 2098 4838 ac
2125 4775 2153 4838 si
2174 4774 2335 4840 utramvis
2363 4776 2399 4840 in

394 4876 465 4919 sum
488 4875 656 4935 vacamus,
686 4858 749 4921 nisi
771 4857 864 4922 cuius
883 4857 966 4921 ratio
989 4864 1022 4921 et
1044 4879 1142 4923 eausa
1164 4863 1289 4922 secreta
1310 4863 1367 4921 est.
1420 4866 1549 4941 partem
1570 4878 1732 4939 propensa
1753 4858 1869 4922 forent.
1913 4859 2030 4922 Manet
2051 4865 2162 4923 tamen
2184 4859 2399 4926 nihilominus

393 4941 474 5004 Dixi
495 4939 626 5022 quidem
648 4941 724 5008 hoc:
746 4965 862 5009 55555
884 4945 1029 5025 poenitet
1048 4966 1101 5008 me
1120 4946 1165 5008 sic
1182 4943 1369 5007 nominasse
1421 4943 1571 5008 cordibus
1593 4943 1713 5007 nostris
1729 4945 1878 5023 infixum,
1902 4943 1984 5007 nihil
2006 4951 2202 5008 eventurum
2223 4945 2308 5028 quod
2330 4966 2398 5011 non

393 5024 460 5089 illie
491 5026 671 5105 fortunam3
704 5049 804 5111 quum
836 5027 964 5094 videam
997 5029 1146 5093 homines
1179 5029 1300 5093 habere
1332 5029 1368 5091 in
1421 5030 1584 5093 Dominus
1604 5030 1670 5092 iam
1691 5027 1880 5111 providerit.
1925 5030 1994 5093 Hoc
2019 5050 2112 5096 seusu
2133 5032 2221 5113 apud
2241 5031 2399 5097 Ecclesia

278 5122 283 5131 '
392 5111 1368 5194 5555155555555555155,555515151515555ε55511555
1420 5119 1486 5179 sten
1506 5136 1597 5195 saepe
1618 5115 1766 5196 repetitur
1786 5136 1894 5180 nomm
1911 5121 2046 5181 evemus:
2066 5117 2143 5198 quia
2153 5118 2263 5197 primo
2281 5118 2397 5183 intuitu

393 5196 511 5276 voluit,
540 5195 662 5260 dinam:
692 5197 754 5262 hoe
775 5200 879 5264 voluit
900 5201 1038 5266 fortuna.
1083 5200 1228 5281 Denique
1241 5200 1369 5280 passim
1420 5221 1480 5264 uon
1493 5205 1659 5284 penetrant
1678 5200 1814 5265 huniues
1836 5201 1879 5266 ad
1893 5204 2036 5282 pmmrm
2056 5221 2197 5281 oausam,
2226 5224 2306 5285 quae
2321 5224 2397 5284 pro-

393 5284 489 5361 docet,
522 5283 552 5346 si
583 5284 661 5363 quid
691 5284 836 5365 fortunae
866 5287 1069 5368 relinquitur,
1109 5291 1220 5351 temere
1248 5286 1368 5349 versari
1421 5287 1470 5351 cul
1497 5287 1674 5350 abscondita
1702 5291 1752 5351 ast.
1797 5286 1842 5351 Et
1864 5292 1968 5352 torua
1995 5308 2157 5369 uunquam
2187 5290 2234 5354 ila
2265 5290 2397 5355 55155555

392 5371 555 5435 mundum.
600 5368 646 5432 Et
667 5389 848 5450 quanquam
868 5372 984 5436 alieubi
1006 5371 1115 5454 definit
1130 5373 1255 5454 partim
1275 5370 1369 5435 libero
1419 5372 1483 5453 fuit
1510 5394 1548 5437 eu
1574 5371 1732 5437 luminum
1757 5374 1902 5439 cudibus
1929 5373 2011 5456 quod
2037 5375 2076 5438 de
2102 5373 2218 5440 occidte
2239 5376 2304 5441 Dei
2320 5395 2397 5460 pro-

464 5642 493 5708 1)
511 5644 585 5694 Libr.
604 5642 736 5694 udBonif.
756 5640 780 5694 2.
799 5641 849 5694 56
867 5648 894 5717 ct
912 5643 984 5696 alibi.
1048 5644 1079 5714 2)
1096 5647 1126 5700 L.
1139 5645 1162 5699 1.
1176 5647 1296 5700 Retract.
1309 5661 1330 5697 5.
1343 5643 1366 5696 1.
1491 5645 1518 5715 1)
1536 5648 1610 5700 Lib'r.
1620 5645 1662 5700 83.
1681 5649 1868 5716 quaestionum
1885 5663 1929 5714 qu.
1943 5644 1984 5698 28.
2012 5647 2087 5700 Libr.
2099 5648 2132 5701 dc
2144 5649 2274 5704 1515153.
2285 5649 2395 5719 5419).
