<?xml version="1.0" encoding="UTF-8"?>
<!DOCTYPE html PUBLIC "-//W3C//DTD XHTML 1.0 Transitional//EN"
    "http://www.w3.org/TR/xhtml1/DTD/xhtml1-transitional.dtd">
<html xmlns="http://www.w3.org/1999/xhtml" xml:lang="en" lang="en">
 <head>
  <title>
</title>
<meta http-equiv="Content-Type" content="text/html;charset=utf-8" />
  <meta name='ocr-system' content='tesseract 3.04.00' />
  <meta name='ocr-capabilities' content='ocr_page ocr_carea ocr_par ocr_line ocrx_word'/>
</head>
<body>
  <div class='ocr_page' id='page_1' title='image "./ioanniscalvinio10calvgoog_0052.png"; bbox 0 0 5600 6809; ppageno 0'>
   <div class='ocr_carea' id='block_1_1' title="bbox 437 706 2449 780">
    <p class='ocr_par' dir='ltr' id='par_1_1' title="bbox 437 706 2449 780">
     <span class='ocr_line' id='line_1_1' title="bbox 437 706 2449 780; baseline -0.001 0"><span class='ocrx_word' id='word_1_1' title='bbox 437 720 477 780; x_wconf 86' lang='grc'>79</span> <span class='ocrx_word' id='word_1_2' title='bbox 871 717 874 731; x_wconf 87' lang='grc'><strong>’</strong></span> <span class='ocrx_word' id='word_1_3' title='bbox 1082 707 1348 776; x_wconf 74' lang='lat' dir='ltr'>msuluuuro</span> <span class='ocrx_word' id='word_1_4' title='bbox 1369 709 1474 774; x_wconf 79' lang='lat' dir='ltr'>REL.</span> <span class='ocrx_word' id='word_1_5' title='bbox 1498 706 1679 774; x_wconf 70' lang='lat' dir='ltr'>euulsa.</span> <span class='ocrx_word' id='word_1_6' title='bbox 1704 713 1794 774; x_wconf 84' lang='grc'><strong>1559.</strong></span> <span class='ocrx_word' id='word_1_7' title='bbox 2405 714 2449 777; x_wconf 85' lang='grc'>80</span> 
     </span>
    </p>
   </div>
   <div class='ocr_carea' id='block_1_2' title="bbox 436 895 2448 1142">
    <p class='ocr_par' dir='ltr' id='par_1_2' title="bbox 436 895 2448 1142">
     <span class='ocr_line' id='line_1_2' title="bbox 437 895 2446 989; baseline -0.003 -19"><span class='ocrx_word' id='word_1_8' title='bbox 437 905 657 989; x_wconf 79' lang='lat' dir='ltr'>Augustinus,</span> <span class='ocrx_word' id='word_1_9' title='bbox 671 899 696 983; x_wconf 88' lang='lat'>¹)</span> <span class='ocrx_word' id='word_1_10' title='bbox 719 919 841 980; x_wconf 91' lang='lat' dir='ltr'>suaque</span> <span class='ocrx_word' id='word_1_11' title='bbox 863 899 1097 979; x_wconf 79' lang='lat' dir='ltr'>subscriptione</span> <span class='ocrx_word' id='word_1_12' title='bbox 1120 898 1300 960; x_wconf 89' lang='lat' dir='ltr'>confirmat.</span> <span class='ocrx_word' id='word_1_13' title='bbox 1346 895 1414 976; x_wconf 92' lang='lat' dir='ltr'>Qui</span> <span class='ocrx_word' id='word_1_14' title='bbox 1466 896 1531 960; x_wconf 88' lang='lat' dir='ltr'>alia</span> <span class='ocrx_word' id='word_1_15' title='bbox 1557 897 1597 961; x_wconf 93' lang='lat' dir='ltr'>de</span> <span class='ocrx_word' id='word_1_16' title='bbox 1619 917 1731 974; x_wconf 91' lang='lat' dir='ltr'>causa,</span> <span class='ocrx_word' id='word_1_17' title='bbox 1762 898 1817 978; x_wconf 92' lang='lat' dir='ltr'>qui</span> <span class='ocrx_word' id='word_1_18' title='bbox 1843 913 2020 979; x_wconf 71' lang='lat' dir='ltr'>praeerant</span> <span class='ocrx_word' id='word_1_19' title='bbox 2047 899 2204 973; x_wconf 88' lang='lat' dir='ltr'>ecclesiis,</span> <span class='ocrx_word' id='word_1_20' title='bbox 2233 899 2446 980; x_wconf 77' lang='lat' dir='ltr'>resignarunt</span> 
     </span>
     <span class='ocr_line' id='line_1_3' title="bbox 436 981 2448 1142; baseline -0.004 -86"><span class='ocrx_word' id='word_1_21' title='bbox 436 992 536 1142; x_wconf 74' lang='lat' dir='ltr'>primi</span> <span class='ocrx_word' id='word_1_22' title='bbox 558 990 692 1054; x_wconf 89' lang='lat' dir='ltr'>deorum</span> <span class='ocrx_word' id='word_1_23' title='bbox 716 984 891 1050; x_wconf 87' lang='lat' dir='ltr'>simulacra</span> <span class='ocrx_word' id='word_1_24' title='bbox 910 984 1126 1059; x_wconf 85' lang='lat' dir='ltr'>induxerunt,</span> <span class='ocrx_word' id='word_1_25' title='bbox 1157 1001 1212 1044; x_wconf 92' lang='grc'>666</span> <span class='ocrx_word' id='word_1_26' title='bbox 1235 992 1268 1044; x_wconf 89' lang='grc'>61</span> <span class='ocrx_word' id='word_1_27' title='bbox 1289 989 1414 1045; x_wconf 84' lang='grc'><strong>1661616</strong></span> <span class='ocrx_word' id='word_1_28' title='bbox 1465 982 1560 1046; x_wconf 89' lang='lat' dir='ltr'>idohs</span> <span class='ocrx_word' id='word_1_29' title='bbox 1583 981 1718 1046; x_wconf 88' lang='lat' dir='ltr'>docendi</span> <span class='ocrx_word' id='word_1_30' title='bbox 1740 984 1836 1058; x_wconf 89' lang='lat' dir='ltr'>vices,</span> <span class='ocrx_word' id='word_1_31' title='bbox 1860 985 1923 1049; x_wconf 92' lang='lat' dir='ltr'>nisi</span> <span class='ocrx_word' id='word_1_32' title='bbox 1941 986 2017 1066; x_wconf 92' lang='lat' dir='ltr'>quia</span> <span class='ocrx_word' id='word_1_33' title='bbox 2034 985 2096 1067; x_wconf 94' lang='lat' dir='ltr'>ipsi</span> <span class='ocrx_word' id='word_1_34' title='bbox 2114 985 2198 1047; x_wconf 92' lang='lat' dir='ltr'>muti</span> <span class='ocrx_word' id='word_1_35' title='bbox 2215 993 2317 1048; x_wconf 89' lang='lat' dir='ltr'>erant.</span> <span class='ocrx_word' id='word_1_36' title='bbox 2347 983 2448 1050; x_wconf 84' lang='grc'><strong>01111-</strong></span> 
     </span>
    </p>
   </div>
   <div class='ocr_carea' id='block_1_3' title="bbox 436 1065 2448 2100">
    <p class='ocr_par' dir='ltr' id='par_1_3' title="bbox 436 1065 2448 2100">
     <span class='ocr_line' id='line_1_4' title="bbox 459 1065 2447 1157; baseline -0.004 -15"><span class='ocrx_word' id='word_1_37' title='bbox 459 1077 624 1157; x_wconf 86' lang='grc'><strong>616661666,</strong></span> <span class='ocrx_word' id='word_1_38' title='bbox 647 1081 681 1138; x_wconf 88' lang='grc'>61</span> <span class='ocrx_word' id='word_1_39' title='bbox 702 1091 845 1136; x_wconf 87' lang='grc'><strong>61161661</strong></span> <span class='ocrx_word' id='word_1_40' title='bbox 866 1069 1036 1134; x_wconf 78' lang='lat' dir='ltr'>addidisse.</span> <span class='ocrx_word' id='word_1_41' title='bbox 1071 1067 1144 1132; x_wconf 93' lang='lat' dir='ltr'>Hoc</span> <span class='ocrx_word' id='word_1_42' title='bbox 1162 1067 1190 1130; x_wconf 94' lang='lat' dir='ltr'>si</span> <span class='ocrx_word' id='word_1_43' title='bbox 1208 1067 1296 1130; x_wconf 90' lang='lat' dir='ltr'>solus</span> <span class='ocrx_word' id='word_1_44' title='bbox 1310 1065 1414 1130; x_wconf 89' lang='lat' dir='ltr'>Varro</span> <span class='ocrx_word' id='word_1_45' title='bbox 1466 1077 1553 1130; x_wconf 92' lang='lat' dir='ltr'>stum</span> <span class='ocrx_word' id='word_1_46' title='bbox 1576 1089 1655 1132; x_wconf 88' lang='grc'><strong>1616</strong></span> <span class='ocrx_word' id='word_1_47' title='bbox 1676 1069 1839 1150; x_wconf 88' lang='lat' dir='ltr'>evangelii</span> <span class='ocrx_word' id='word_1_48' title='bbox 1865 1070 2106 1151; x_wconf 88' lang='lat' dir='ltr'>praedicatione</span> <span class='ocrx_word' id='word_1_49' title='bbox 2135 1068 2282 1152; x_wconf 86' lang='lat' dir='ltr'>depingi,</span> <span class='ocrx_word' id='word_1_50' title='bbox 2306 1078 2339 1133; x_wconf 91' lang='grc'>61</span> <span class='ocrx_word' id='word_1_51' title='bbox 2365 1091 2447 1152; x_wconf 90' lang='grc'><strong>666·</strong></span> 
     </span>
     <span class='ocr_line' id='line_1_5' title="bbox 437 1151 2446 1242; baseline -0.002 -16"><span class='ocrx_word' id='word_1_52' title='bbox 437 1162 568 1239; x_wconf 89' lang='lat' dir='ltr'>diceret,</span> <span class='ocrx_word' id='word_1_53' title='bbox 587 1178 704 1242; x_wconf 90' lang='lat' dir='ltr'>parum</span> <span class='ocrx_word' id='word_1_54' title='bbox 720 1158 858 1221; x_wconf 86' lang='grc'><strong>16116666</strong></span> <span class='ocrx_word' id='word_1_55' title='bbox 877 1154 1012 1219; x_wconf 88' lang='lat' dir='ltr'>haberet</span> <span class='ocrx_word' id='word_1_56' title='bbox 1031 1153 1230 1218; x_wconf 82' lang='lat' dir='ltr'>autoritatis:</span> <span class='ocrx_word' id='word_1_57' title='bbox 1254 1151 1414 1234; x_wconf 88' lang='lat' dir='ltr'>pudorem</span> <span class='ocrx_word' id='word_1_58' title='bbox 1467 1152 1639 1217; x_wconf 91' lang='lat' dir='ltr'>dammodo</span> <span class='ocrx_word' id='word_1_59' title='bbox 1660 1154 1701 1217; x_wconf 95' lang='lat' dir='ltr'>ob</span> <span class='ocrx_word' id='word_1_60' title='bbox 1718 1153 1827 1218; x_wconf 91' lang='lat' dir='ltr'>oculos</span> <span class='ocrx_word' id='word_1_61' title='bbox 1849 1164 1977 1220; x_wconf 91' lang='lat' dir='ltr'>nostros</span> <span class='ocrx_word' id='word_1_62' title='bbox 1998 1156 2145 1238; x_wconf 87' lang='lat' dir='ltr'>crucifigi</span> <span class='ocrx_word' id='word_1_63' title='bbox 2162 1163 2302 1219; x_wconf 84' lang='lat' dir='ltr'>testetur</span> <span class='ocrx_word' id='word_1_64' title='bbox 2319 1155 2446 1221; x_wconf 90' lang='lat' dir='ltr'>Paulus</span> 
     </span>
     <span class='ocr_line' id='line_1_6' title="bbox 437 1237 2447 1323; baseline -0.004 -10"><span class='ocrx_word' id='word_1_65' title='bbox 437 1255 549 1313; x_wconf 88' lang='lat' dir='ltr'>tamen</span> <span class='ocrx_word' id='word_1_66' title='bbox 577 1245 671 1311; x_wconf 89' lang='lat' dir='ltr'>nobis</span> <span class='ocrx_word' id='word_1_67' title='bbox 702 1242 820 1306; x_wconf 89' lang='lat' dir='ltr'>merito</span> <span class='ocrx_word' id='word_1_68' title='bbox 851 1243 999 1305; x_wconf 79' lang='lat' dir='ltr'>incutere</span> <span class='ocrx_word' id='word_1_69' title='bbox 1027 1238 1172 1314; x_wconf 88' lang='lat' dir='ltr'>deberet,</span> <span class='ocrx_word' id='word_1_70' title='bbox 1202 1237 1288 1319; x_wconf 93' lang='lat' dir='ltr'>quod</span> <span class='ocrx_word' id='word_1_71' title='bbox 1316 1238 1414 1301; x_wconf 93' lang='lat' dir='ltr'>homo</span> <span class='ocrx_word' id='word_1_72' title='bbox 1467 1238 1606 1315; x_wconf 82' lang='lat' dir='ltr'>(Gal3,</span> <span class='ocrx_word' id='word_1_73' title='bbox 1630 1239 1670 1321; x_wconf 90' lang='lat'>1).</span> <span class='ocrx_word' id='word_1_74' title='bbox 1712 1237 1878 1318; x_wconf 81' lang='lat' dir='ltr'>Quorsum</span> <span class='ocrx_word' id='word_1_75' title='bbox 1897 1242 1997 1322; x_wconf 86' lang='lat' dir='ltr'>igitur</span> <span class='ocrx_word' id='word_1_76' title='bbox 2019 1241 2178 1304; x_wconf 78' lang='lat' dir='ltr'>attinebat</span> <span class='ocrx_word' id='word_1_77' title='bbox 2200 1249 2248 1303; x_wconf 89' lang='lat' dir='ltr'>tot</span> <span class='ocrx_word' id='word_1_78' title='bbox 2265 1243 2388 1323; x_wconf 86' lang='lat' dir='ltr'>passim</span> <span class='ocrx_word' id='word_1_79' title='bbox 2409 1243 2447 1305; x_wconf 91' lang='lat' dir='ltr'>in</span> 
     </span>
     <span class='ocr_line' id='line_1_7' title="bbox 437 1322 2447 1413; baseline -0.003 -15"><span class='ocrx_word' id='word_1_80' title='bbox 437 1333 602 1409; x_wconf 90' lang='lat' dir='ltr'>ethnicus,</span> <span class='ocrx_word' id='word_1_81' title='bbox 627 1330 721 1413; x_wconf 90' lang='lat' dir='ltr'>quasi</span> <span class='ocrx_word' id='word_1_82' title='bbox 741 1329 778 1392; x_wconf 91' lang='lat' dir='ltr'>in</span> <span class='ocrx_word' id='word_1_83' title='bbox 798 1327 940 1391; x_wconf 89' lang='lat' dir='ltr'>tenebris</span> <span class='ocrx_word' id='word_1_84' title='bbox 963 1326 1112 1407; x_wconf 85' lang='lat' dir='ltr'>palpans,</span> <span class='ocrx_word' id='word_1_85' title='bbox 1136 1323 1177 1387; x_wconf 90' lang='lat' dir='ltr'>ad</span> <span class='ocrx_word' id='word_1_86' title='bbox 1199 1323 1285 1388; x_wconf 88' lang='lat' dir='ltr'>hanc</span> <span class='ocrx_word' id='word_1_87' title='bbox 1306 1322 1414 1387; x_wconf 92' lang='lat' dir='ltr'>lucem</span> <span class='ocrx_word' id='word_1_88' title='bbox 1466 1324 1596 1406; x_wconf 89' lang='lat' dir='ltr'>templis</span> <span class='ocrx_word' id='word_1_89' title='bbox 1618 1346 1729 1395; x_wconf 91' lang='lat' dir='ltr'>cruces</span> <span class='ocrx_word' id='word_1_90' title='bbox 1751 1325 1847 1408; x_wconf 84' lang='lat' dir='ltr'>erigi,</span> <span class='ocrx_word' id='word_1_91' title='bbox 1871 1325 2011 1409; x_wconf 90' lang='lat' dir='ltr'>ligneas,</span> <span class='ocrx_word' id='word_1_92' title='bbox 2035 1325 2194 1409; x_wconf 89' lang='lat' dir='ltr'>lapideas,</span> <span class='ocrx_word' id='word_1_93' title='bbox 2218 1335 2391 1409; x_wconf 89' lang='lat' dir='ltr'>argenteas</span> <span class='ocrx_word' id='word_1_94' title='bbox 2412 1334 2447 1391; x_wconf 90' lang='lat' dir='ltr'>et</span> 
     </span>
     <span class='ocr_line' id='line_1_8' title="bbox 436 1409 2446 1502; baseline -0.003 -20"><span class='ocrx_word' id='word_1_95' title='bbox 436 1418 636 1502; x_wconf 88' lang='lat' dir='ltr'>pervenerit,</span> <span class='ocrx_word' id='word_1_96' title='bbox 665 1416 737 1479; x_wconf 90' lang='lat' dir='ltr'>idco</span> <span class='ocrx_word' id='word_1_97' title='bbox 760 1412 912 1496; x_wconf 87' lang='lat' dir='ltr'>indignas</span> <span class='ocrx_word' id='word_1_98' title='bbox 934 1432 1003 1475; x_wconf 91' lang='lat' dir='ltr'>csse</span> <span class='ocrx_word' id='word_1_99' title='bbox 1025 1411 1088 1474; x_wconf 91' lang='lat' dir='ltr'>Dei</span> <span class='ocrx_word' id='word_1_100' title='bbox 1111 1410 1280 1473; x_wconf 86' lang='lat' dir='ltr'>maiestate</span> <span class='ocrx_word' id='word_1_101' title='bbox 1300 1429 1414 1492; x_wconf 90' lang='lat' dir='ltr'>corpo-</span> <span class='ocrx_word' id='word_1_102' title='bbox 1466 1430 1591 1486; x_wconf 87' lang='lat' dir='ltr'>aureas,</span> <span class='ocrx_word' id='word_1_103' title='bbox 1615 1411 1642 1474; x_wconf 92' lang='lat' dir='ltr'>si</span> <span class='ocrx_word' id='word_1_104' title='bbox 1665 1409 1765 1492; x_wconf 90' lang='lat' dir='ltr'>probe</span> <span class='ocrx_word' id='word_1_105' title='bbox 1787 1411 2446 1498; x_wconf 80' lang='grc'><strong>611161116111611661166161111,01111·</strong></span> 
     </span>
     <span class='ocr_line' id='line_1_9' title="bbox 437 1494 2445 1588; baseline -0.002 -20"><span class='ocrx_word' id='word_1_106' title='bbox 437 1525 511 1568; x_wconf 90' lang='lat' dir='ltr'>reas</span> <span class='ocrx_word' id='word_1_107' title='bbox 533 1505 708 1586; x_wconf 87' lang='lat' dir='ltr'>imagines,</span> <span class='ocrx_word' id='word_1_108' title='bbox 732 1499 808 1581; x_wconf 89' lang='lat' dir='ltr'>quia</span> <span class='ocrx_word' id='word_1_109' title='bbox 827 1507 951 1562; x_wconf 89' lang='lat' dir='ltr'>metum</span> <span class='ocrx_word' id='word_1_110' title='bbox 974 1497 1044 1560; x_wconf 90' lang='lat' dir='ltr'>eius</span> <span class='ocrx_word' id='word_1_111' title='bbox 1066 1495 1249 1559; x_wconf 81' lang='lat' dir='ltr'>diminuant</span> <span class='ocrx_word' id='word_1_112' title='bbox 1274 1494 1414 1558; x_wconf 92' lang='lat' dir='ltr'>homini·</span> <span class='ocrx_word' id='word_1_113' title='bbox 1466 1502 1554 1559; x_wconf 90' lang='lat' dir='ltr'>stum</span> <span class='ocrx_word' id='word_1_114' title='bbox 1579 1517 1649 1560; x_wconf 90' lang='lat' dir='ltr'>esse</span> <span class='ocrx_word' id='word_1_115' title='bbox 1670 1503 1837 1560; x_wconf 88' lang='lat' dir='ltr'>mortuum</span> <span class='ocrx_word' id='word_1_116' title='bbox 1865 1506 1903 1588; x_wconf 78' lang='lat' dir='ltr'>qt</span> <span class='ocrx_word' id='word_1_117' title='bbox 1924 1499 1960 1560; x_wconf 94' lang='lat' dir='ltr'>in</span> <span class='ocrx_word' id='word_1_118' title='bbox 1982 1520 2078 1563; x_wconf 88' lang='lat' dir='ltr'>cruce</span> <span class='ocrx_word' id='word_1_119' title='bbox 2101 1497 2362 1562; x_wconf 90' lang='lat' dir='ltr'>maledictionem</span> <span class='ocrx_word' id='word_1_120' title='bbox 2385 1519 2445 1563; x_wconf 92' lang='lat' dir='ltr'>no-</span> 
     </span>
     <span class='ocr_line' id='line_1_10' title="bbox 438 1582 2446 1668; baseline -0.003 -13"><span class='ocrx_word' id='word_1_121' title='bbox 438 1591 513 1666; x_wconf 89' lang='lat' dir='ltr'>bus,</span> <span class='ocrx_word' id='word_1_122' title='bbox 542 1606 749 1668; x_wconf 87' lang='lat' dir='ltr'>erroremque</span> <span class='ocrx_word' id='word_1_123' title='bbox 778 1594 927 1666; x_wconf 88' lang='lat' dir='ltr'>augeant.</span> <span class='ocrx_word' id='word_1_124' title='bbox 969 1582 1037 1646; x_wconf 86' lang='lat' dir='ltr'>Res</span> <span class='ocrx_word' id='word_1_125' title='bbox 1066 1592 1153 1646; x_wconf 90' lang='lat' dir='ltr'>certe</span> <span class='ocrx_word' id='word_1_126' title='bbox 1180 1582 1252 1662; x_wconf 91' lang='grc'><strong>1666</strong></span> <span class='ocrx_word' id='word_1_127' title='bbox 1274 1587 1415 1644; x_wconf 85' lang='lat' dir='ltr'>testatur</span> <span class='ocrx_word' id='word_1_128' title='bbox 1466 1594 1569 1644; x_wconf 88' lang='lat' dir='ltr'>stram</span> <span class='ocrx_word' id='word_1_129' title='bbox 1592 1582 1780 1659; x_wconf 90' lang='lat' dir='ltr'>sustineret,</span> <span class='ocrx_word' id='word_1_130' title='bbox 1813 1591 1946 1663; x_wconf 90' lang='lat' dir='ltr'>peccata</span> <span class='ocrx_word' id='word_1_131' title='bbox 1978 1592 2092 1648; x_wconf 90' lang='lat' dir='ltr'>nostra</span> <span class='ocrx_word' id='word_1_132' title='bbox 2126 1584 2275 1666; x_wconf 86' lang='lat' dir='ltr'>expiaret</span> <span class='ocrx_word' id='word_1_133' title='bbox 2302 1585 2446 1666; x_wconf 88' lang='lat' dir='ltr'>corporis</span> 
     </span>
     <span class='ocr_line' id='line_1_11' title="bbox 436 1665 2447 1751; baseline -0.003 -11"><span class='ocrx_word' id='word_1_134' title='bbox 436 1674 597 1740; x_wconf 88' lang='grc'><strong>1616166</strong></span> <span class='ocrx_word' id='word_1_135' title='bbox 618 1693 686 1737; x_wconf 89' lang='grc'>666</span> <span class='ocrx_word' id='word_1_136' title='bbox 706 1670 817 1733; x_wconf 90' lang='lat' dir='ltr'>minus</span> <span class='ocrx_word' id='word_1_137' title='bbox 838 1689 936 1749; x_wconf 91' lang='lat' dir='ltr'>quam</span> <span class='ocrx_word' id='word_1_138' title='bbox 957 1667 1136 1748; x_wconf 88' lang='lat' dir='ltr'>prudenter</span> <span class='ocrx_word' id='word_1_139' title='bbox 1157 1667 1258 1730; x_wconf 85' lang='grc'><strong>161666</strong></span> <span class='ocrx_word' id='word_1_140' title='bbox 1276 1665 1414 1744; x_wconf 82' lang='lat' dir='ltr'>dictum3</span> <span class='ocrx_word' id='word_1_141' title='bbox 1467 1667 1517 1730; x_wconf 90' lang='lat' dir='ltr'>sui</span> <span class='ocrx_word' id='word_1_142' title='bbox 1539 1667 1705 1742; x_wconf 90' lang='lat' dir='ltr'>sacrificio,</span> <span class='ocrx_word' id='word_1_143' title='bbox 1729 1669 1950 1751; x_wconf 88' lang='lat' dir='ltr'>sanguineque</span> <span class='ocrx_word' id='word_1_144' title='bbox 1974 1669 2129 1747; x_wconf 88' lang='lat' dir='ltr'>ablueret,</span> <span class='ocrx_word' id='word_1_145' title='bbox 2150 1689 2212 1733; x_wconf 89' lang='lat' dir='ltr'>nos</span> <span class='ocrx_word' id='word_1_146' title='bbox 2234 1668 2372 1751; x_wconf 89' lang='lat' dir='ltr'>denique</span> <span class='ocrx_word' id='word_1_147' title='bbox 2393 1690 2447 1734; x_wconf 91' lang='lat' dir='ltr'>re-</span> 
     </span>
     <span class='ocr_line' id='line_1_12' title="bbox 438 1752 2447 1842; baseline -0.003 -17"><span class='ocrx_word' id='word_1_148' title='bbox 438 1759 494 1826; x_wconf 90' lang='lat' dir='ltr'>sed</span> <span class='ocrx_word' id='word_1_149' title='bbox 524 1758 729 1842; x_wconf 87' lang='lat' dir='ltr'>Augustinus</span> <span class='ocrx_word' id='word_1_150' title='bbox 756 1775 776 1818; x_wconf 91' lang='lat' dir='ltr'>a</span> <span class='ocrx_word' id='word_1_151' title='bbox 802 1755 953 1817; x_wconf 90' lang='lat' dir='ltr'>Varrone</span> <span class='ocrx_word' id='word_1_152' title='bbox 974 1760 1159 1829; x_wconf 88' lang='lat' dir='ltr'>mutuatus,</span> <span class='ocrx_word' id='word_1_153' title='bbox 1189 1759 1345 1833; x_wconf 90' lang='lat' dir='ltr'>tanquam</span> <span class='ocrx_word' id='word_1_154' title='bbox 1373 1773 1415 1815; x_wconf 90' lang='lat' dir='ltr'>ex</span> <span class='ocrx_word' id='word_1_155' title='bbox 1465 1752 1654 1817; x_wconf 88' lang='lat' dir='ltr'>conciliaret</span> <span class='ocrx_word' id='word_1_156' title='bbox 1683 1753 1754 1817; x_wconf 92' lang='lat' dir='ltr'>Deo</span> <span class='ocrx_word' id='word_1_157' title='bbox 1781 1753 1888 1835; x_wconf 83' lang='lat' dir='ltr'>patri?</span> <span class='ocrx_word' id='word_1_158' title='bbox 1932 1754 1987 1818; x_wconf 83' lang='lat' dir='ltr'>Ex</span> <span class='ocrx_word' id='word_1_159' title='bbox 2021 1777 2083 1836; x_wconf 92' lang='lat' dir='ltr'>quo</span> <span class='ocrx_word' id='word_1_160' title='bbox 2116 1774 2182 1818; x_wconf 92' lang='lat' dir='ltr'>uno</span> <span class='ocrx_word' id='word_1_161' title='bbox 2215 1755 2289 1835; x_wconf 92' lang='lat' dir='ltr'>plus</span> <span class='ocrx_word' id='word_1_162' title='bbox 2321 1753 2447 1820; x_wconf 79' lang='lat' dir='ltr'>discere</span> 
     </span>
     <span class='ocr_line' id='line_1_13' title="bbox 440 1837 2448 1923; baseline -0.003 -13"><span class='ocrx_word' id='word_1_163' title='bbox 440 1866 498 1911; x_wconf 92' lang='lat' dir='ltr'>suo</span> <span class='ocrx_word' id='word_1_164' title='bbox 531 1866 629 1909; x_wconf 87' lang='lat' dir='ltr'>sensu</span> <span class='ocrx_word' id='word_1_165' title='bbox 662 1841 793 1923; x_wconf 88' lang='lat' dir='ltr'>profert.</span> <span class='ocrx_word' id='word_1_166' title='bbox 840 1840 889 1903; x_wconf 89' lang='lat' dir='ltr'>Ac</span> <span class='ocrx_word' id='word_1_167' title='bbox 916 1839 1060 1920; x_wconf 91' lang='lat' dir='ltr'>primum</span> <span class='ocrx_word' id='word_1_168' title='bbox 1090 1837 1221 1919; x_wconf 91' lang='lat' dir='ltr'>quidem</span> <span class='ocrx_word' id='word_1_169' title='bbox 1251 1837 1413 1914; x_wconf 90' lang='lat' dir='ltr'>admonet,</span> <span class='ocrx_word' id='word_1_170' title='bbox 1466 1845 1618 1920; x_wconf 89' lang='lat' dir='ltr'>poterant</span> <span class='ocrx_word' id='word_1_171' title='bbox 1643 1860 1741 1920; x_wconf 88' lang='lat' dir='ltr'>quam</span> <span class='ocrx_word' id='word_1_172' title='bbox 1770 1861 1811 1902; x_wconf 91' lang='lat' dir='ltr'>ex</span> <span class='ocrx_word' id='word_1_173' title='bbox 1840 1839 1929 1904; x_wconf 93' lang='lat' dir='ltr'>mille</span> <span class='ocrx_word' id='word_1_174' title='bbox 1957 1841 2108 1904; x_wconf 90' lang='lat' dir='ltr'>crucibus</span> <span class='ocrx_word' id='word_1_175' title='bbox 2136 1840 2252 1922; x_wconf 85' lang='lat' dir='ltr'>ligneis</span> <span class='ocrx_word' id='word_1_176' title='bbox 2281 1849 2339 1904; x_wconf 88' lang='lat' dir='ltr'>aut</span> <span class='ocrx_word' id='word_1_177' title='bbox 2363 1841 2448 1923; x_wconf 94' lang='lat' dir='ltr'>lapi·</span> 
     </span>
     <span class='ocr_line' id='line_1_14' title="bbox 438 1921 2447 2014; baseline -0.002 -19"><span class='ocrx_word' id='word_1_178' title='bbox 438 1931 561 2014; x_wconf 90' lang='lat' dir='ltr'>primos</span> <span class='ocrx_word' id='word_1_179' title='bbox 588 1929 628 1993; x_wconf 90' lang='lat' dir='ltr'>de</span> <span class='ocrx_word' id='word_1_180' title='bbox 656 1928 728 1990; x_wconf 92' lang='lat' dir='ltr'>Deo</span> <span class='ocrx_word' id='word_1_181' title='bbox 756 1946 898 2000; x_wconf 90' lang='lat' dir='ltr'>errores,</span> <span class='ocrx_word' id='word_1_182' title='bbox 932 1924 1049 2005; x_wconf 92' lang='lat' dir='ltr'>quibus</span> <span class='ocrx_word' id='word_1_183' title='bbox 1077 1923 1225 1987; x_wconf 91' lang='lat' dir='ltr'>homines</span> <span class='ocrx_word' id='word_1_184' title='bbox 1254 1924 1414 1986; x_wconf 85' lang='grc'><strong>6661116-</strong></span> <span class='ocrx_word' id='word_1_185' title='bbox 1467 1921 1536 1987; x_wconf 91' lang='lat' dir='ltr'>deis</span> <span class='ocrx_word' id='word_1_186' title='bbox 1543 1947 1551 2000; x_wconf 90' lang='lat'>;</span> <span class='ocrx_word' id='word_1_187' title='bbox 1578 1945 1655 1987; x_wconf 92' lang='lat' dir='ltr'>nam</span> <span class='ocrx_word' id='word_1_188' title='bbox 1685 1925 1719 1987; x_wconf 94' lang='lat' dir='ltr'>in</span> <span class='ocrx_word' id='word_1_189' title='bbox 1743 1946 1858 1988; x_wconf 88' lang='lat' dir='ltr'>aureas</span> <span class='ocrx_word' id='word_1_190' title='bbox 1887 1933 1920 1989; x_wconf 90' lang='grc'>61</span> <span class='ocrx_word' id='word_1_191' title='bbox 1949 1935 2121 2009; x_wconf 87' lang='lat' dir='ltr'>argenteas</span> <span class='ocrx_word' id='word_1_192' title='bbox 2149 1926 2242 1990; x_wconf 85' lang='lat' dir='ltr'>avari</span> <span class='ocrx_word' id='word_1_193' title='bbox 2263 1934 2390 1990; x_wconf 82' lang='lat' dir='ltr'>mentes</span> <span class='ocrx_word' id='word_1_194' title='bbox 2412 1932 2447 1991; x_wconf 86' lang='grc'>61</span> 
     </span>
     <span class='ocr_line' id='line_1_15' title="bbox 439 2008 2447 2100; baseline -0.002 -20"><span class='ocrx_word' id='word_1_195' title='bbox 439 2016 558 2100; x_wconf 91' lang='lat' dir='ltr'>pliciti,</span> <span class='ocrx_word' id='word_1_196' title='bbox 581 2035 646 2078; x_wconf 92' lang='lat' dir='ltr'>non</span> <span class='ocrx_word' id='word_1_197' title='bbox 669 2012 810 2092; x_wconf 89' lang='lat' dir='ltr'>coepisse</span> <span class='ocrx_word' id='word_1_198' title='bbox 833 2031 853 2073; x_wconf 90' lang='lat' dir='ltr'>a</span> <span class='ocrx_word' id='word_1_199' title='bbox 874 2009 1071 2086; x_wconf 90' lang='lat' dir='ltr'>simulacris,</span> <span class='ocrx_word' id='word_1_200' title='bbox 1093 2008 1149 2072; x_wconf 91' lang='lat' dir='ltr'>sed</span> <span class='ocrx_word' id='word_1_201' title='bbox 1172 2030 1257 2072; x_wconf 89' lang='grc'><strong>6616</strong></span> <span class='ocrx_word' id='word_1_202' title='bbox 1277 2009 1415 2072; x_wconf 87' lang='grc'><strong>16616116</strong></span> <span class='ocrx_word' id='word_1_203' title='bbox 1466 2009 1576 2073; x_wconf 88' lang='grc'><strong>666166</strong></span> <span class='ocrx_word' id='word_1_204' title='bbox 1607 2012 1752 2075; x_wconf 87' lang='grc'><strong>16666166</strong></span> <span class='ocrx_word' id='word_1_205' title='bbox 1785 2011 1867 2074; x_wconf 82' lang='grc'><strong>16116</strong></span> <span class='ocrx_word' id='word_1_206' title='bbox 1895 2010 2056 2094; x_wconf 81' lang='lat' dir='ltr'>deligrmt,</span> <span class='ocrx_word' id='word_1_207' title='bbox 2090 2031 2189 2093; x_wconf 89' lang='lat' dir='ltr'>quam</span> <span class='ocrx_word' id='word_1_208' title='bbox 2219 2011 2255 2074; x_wconf 92' lang='lat' dir='ltr'>in</span> <span class='ocrx_word' id='word_1_209' title='bbox 2282 2009 2351 2074; x_wconf 91' lang='lat' dir='ltr'>ulla</span> <span class='ocrx_word' id='word_1_210' title='bbox 2379 2011 2447 2076; x_wconf 91' lang='lat' dir='ltr'>Dei</span> 
     </span>
    </p>
   </div>
   <div class='ocr_carea' id='block_1_4' title="bbox 335 2094 1576 2184">
    <p class='ocr_par' dir='ltr' id='par_1_4' title="bbox 335 2094 1576 2184">
     <span class='ocr_line' id='line_1_16' title="bbox 335 2094 1576 2184; baseline -0.008 -17"><span class='ocrx_word' id='word_1_211' title='bbox 335 2132 339 2139; x_wconf 94' lang='lat'>·</span> <span class='ocrx_word' id='word_1_212' title='bbox 439 2100 646 2184; x_wconf 89' lang='lat' dir='ltr'>superaddita</span> <span class='ocrx_word' id='word_1_213' title='bbox 666 2099 815 2162; x_wconf 83' lang='lat' dir='ltr'>crevisse.</span> <span class='ocrx_word' id='word_1_214' title='bbox 844 2094 972 2159; x_wconf 91' lang='lat' dir='ltr'>Deinde</span> <span class='ocrx_word' id='word_1_215' title='bbox 989 2094 1061 2159; x_wconf 93' lang='lat' dir='ltr'>ideo</span> <span class='ocrx_word' id='word_1_216' title='bbox 1078 2095 1228 2157; x_wconf 90' lang='lat' dir='ltr'>imminui</span> <span class='ocrx_word' id='word_1_217' title='bbox 1247 2101 1305 2156; x_wconf 90' lang='lat' dir='ltr'>aut</span> <span class='ocrx_word' id='word_1_218' title='bbox 1316 2095 1415 2157; x_wconf 90' lang='grc'><strong>611616</strong></span> <span class='ocrx_word' id='word_1_219' title='bbox 1467 2094 1576 2159; x_wconf 85' lang='lat' dir='ltr'>verba.</span> 
     </span>
    </p>
   </div>
   <div class='ocr_carea' id='block_1_5' title="bbox 438 2179 2537 5702">
    <p class='ocr_par' dir='ltr' id='par_1_5' title="bbox 438 2179 2537 5521">
     <span class='ocr_line' id='line_1_17' title="bbox 438 2179 2448 2265; baseline -0.002 -13"><span class='ocrx_word' id='word_1_220' title='bbox 438 2187 508 2252; x_wconf 89' lang='lat' dir='ltr'>tolli</span> <span class='ocrx_word' id='word_1_221' title='bbox 537 2187 600 2250; x_wconf 92' lang='lat' dir='ltr'>Dei</span> <span class='ocrx_word' id='word_1_222' title='bbox 632 2185 782 2247; x_wconf 89' lang='lat' dir='ltr'>timorem</span> <span class='ocrx_word' id='word_1_223' title='bbox 808 2182 1057 2264; x_wconf 87' lang='lat' dir='ltr'>interpretatur,</span> <span class='ocrx_word' id='word_1_224' title='bbox 1092 2181 1168 2261; x_wconf 91' lang='lat' dir='ltr'>quia</span> <span class='ocrx_word' id='word_1_225' title='bbox 1193 2179 1287 2244; x_wconf 88' lang='lat' dir='ltr'>facile</span> <span class='ocrx_word' id='word_1_226' title='bbox 1314 2180 1416 2260; x_wconf 89' lang='lat' dir='ltr'>possit</span> <span class='ocrx_word' id='word_1_227' title='bbox 1554 2184 1582 2243; x_wconf 89' lang='lat'>8.</span> <span class='ocrx_word' id='word_1_228' title='bbox 1631 2181 1744 2258; x_wconf 91' lang='lat' dir='ltr'>Porro,</span> <span class='ocrx_word' id='word_1_229' title='bbox 1772 2180 1813 2245; x_wconf 90' lang='lat' dir='ltr'>de</span> <span class='ocrx_word' id='word_1_230' title='bbox 1845 2180 2005 2246; x_wconf 90' lang='lat' dir='ltr'>idolorum</span> <span class='ocrx_word' id='word_1_231' title='bbox 2038 2183 2182 2265; x_wconf 88' lang='lat' dir='ltr'>origine,</span> <span class='ocrx_word' id='word_1_232' title='bbox 2215 2181 2345 2263; x_wconf 92' lang='lat' dir='ltr'>publico</span> <span class='ocrx_word' id='word_1_233' title='bbox 2377 2182 2448 2248; x_wconf 88' lang='grc'><strong>1616</strong></span> 
     </span>
     <span class='ocr_line' id='line_1_18' title="bbox 438 2264 2447 2349; baseline -0.002 -12"><span class='ocrx_word' id='word_1_234' title='bbox 438 2273 509 2338; x_wconf 87' lang='grc'><strong>6166</strong></span> <span class='ocrx_word' id='word_1_235' title='bbox 536 2292 659 2335; x_wconf 90' lang='lat' dir='ltr'>numen</span> <span class='ocrx_word' id='word_1_236' title='bbox 683 2270 719 2333; x_wconf 92' lang='lat' dir='ltr'>in</span> <span class='ocrx_word' id='word_1_237' title='bbox 745 2265 994 2333; x_wconf 76' lang='lat' dir='ltr'>simulacrorum</span> <span class='ocrx_word' id='word_1_238' title='bbox 1024 2265 1162 2330; x_wconf 90' lang='lat' dir='ltr'>stultitia</span> <span class='ocrx_word' id='word_1_239' title='bbox 1186 2267 1360 2347; x_wconf 82' lang='lat' dir='ltr'>inepteque</span> <span class='ocrx_word' id='word_1_240' title='bbox 1383 2272 1416 2329; x_wconf 89' lang='lat' dir='ltr'>et</span> <span class='ocrx_word' id='word_1_241' title='bbox 1466 2285 1627 2330; x_wconf 90' lang='lat' dir='ltr'>consensu</span> <span class='ocrx_word' id='word_1_242' title='bbox 1660 2273 1827 2348; x_wconf 89' lang='lat' dir='ltr'>receptum</span> <span class='ocrx_word' id='word_1_243' title='bbox 1860 2275 1912 2331; x_wconf 90' lang='lat' dir='ltr'>est</span> <span class='ocrx_word' id='word_1_244' title='bbox 1945 2267 2032 2349; x_wconf 92' lang='lat' dir='ltr'>quod</span> <span class='ocrx_word' id='word_1_245' title='bbox 2064 2269 2100 2332; x_wconf 91' lang='lat' dir='ltr'>in</span> <span class='ocrx_word' id='word_1_246' title='bbox 2139 2268 2222 2332; x_wconf 93' lang='lat' dir='ltr'>libro</span> <span class='ocrx_word' id='word_1_247' title='bbox 2256 2264 2447 2349; x_wconf 80' lang='lat' dir='ltr'>Sapientiae</span> 
     </span>
     <span class='ocr_line' id='line_1_19' title="bbox 438 2350 2448 2439; baseline -0.002 -16"><span class='ocrx_word' id='word_1_248' title='bbox 438 2356 578 2424; x_wconf 91' lang='lat' dir='ltr'>absurdo</span> <span class='ocrx_word' id='word_1_249' title='bbox 605 2358 762 2439; x_wconf 90' lang='lat' dir='ltr'>figmento</span> <span class='ocrx_word' id='word_1_250' title='bbox 790 2353 962 2418; x_wconf 89' lang='lat' dir='ltr'>contemni.</span> <span class='ocrx_word' id='word_1_251' title='bbox 1020 2350 1115 2431; x_wconf 90' lang='lat' dir='ltr'>Quod</span> <span class='ocrx_word' id='word_1_252' title='bbox 1144 2350 1324 2416; x_wconf 89' lang='lat' dir='ltr'>secundum</span> <span class='ocrx_word' id='word_1_253' title='bbox 1351 2351 1416 2414; x_wconf 88' lang='lat' dir='ltr'>uti·</span> <span class='ocrx_word' id='word_1_254' title='bbox 1468 2351 1607 2416; x_wconf 87' lang='lat' dir='ltr'>habetur</span> <span class='ocrx_word' id='word_1_255' title='bbox 1639 2354 1801 2435; x_wconf 80' lang='grc'><strong>(14,15);</strong></span> <span class='ocrx_word' id='word_1_256' title='bbox 1835 2353 1958 2435; x_wconf 92' lang='lat' dir='ltr'>primos</span> <span class='ocrx_word' id='word_1_257' title='bbox 1989 2354 2111 2419; x_wconf 90' lang='lat' dir='ltr'>scilicet</span> <span class='ocrx_word' id='word_1_258' title='bbox 2137 2353 2301 2417; x_wconf 83' lang='lat' dir='ltr'>exstitisse</span> <span class='ocrx_word' id='word_1_259' title='bbox 2331 2375 2448 2418; x_wconf 90' lang='lat' dir='ltr'>eorum</span> 
     </span>
     <span class='ocr_line' id='line_1_20' title="bbox 438 2436 2537 2523; baseline -0.001 -16"><span class='ocrx_word' id='word_1_260' title='bbox 438 2465 516 2508; x_wconf 90' lang='lat' dir='ltr'>nam</span> <span class='ocrx_word' id='word_1_261' title='bbox 544 2463 613 2506; x_wconf 92' lang='lat' dir='ltr'>non</span> <span class='ocrx_word' id='word_1_262' title='bbox 640 2448 709 2505; x_wconf 91' lang='lat' dir='ltr'>tam</span> <span class='ocrx_word' id='word_1_263' title='bbox 739 2460 854 2504; x_wconf 88' lang='lat' dir='ltr'>vorum</span> <span class='ocrx_word' id='word_1_264' title='bbox 882 2459 953 2502; x_wconf 90' lang='lat' dir='ltr'>esse</span> <span class='ocrx_word' id='word_1_265' title='bbox 980 2438 1212 2519; x_wconf 84' lang='lat' dir='ltr'>experiremur.</span> <span class='ocrx_word' id='word_1_266' title='bbox 1259 2436 1416 2518; x_wconf 76' lang='lat' dir='ltr'>Quisquis</span> <span class='ocrx_word' id='word_1_267' title='bbox 1467 2444 1611 2516; x_wconf 86' lang='lat' dir='ltr'>autores,</span> <span class='ocrx_word' id='word_1_268' title='bbox 1637 2438 1693 2519; x_wconf 93' lang='lat' dir='ltr'>qui</span> <span class='ocrx_word' id='word_1_269' title='bbox 1722 2438 1809 2502; x_wconf 92' lang='lat' dir='ltr'>hunc</span> <span class='ocrx_word' id='word_1_270' title='bbox 1836 2439 1994 2503; x_wconf 91' lang='lat' dir='ltr'>honorem</span> <span class='ocrx_word' id='word_1_271' title='bbox 2021 2439 2208 2504; x_wconf 91' lang='lat' dir='ltr'>detulerunt</span> <span class='ocrx_word' id='word_1_272' title='bbox 2228 2439 2382 2518; x_wconf 88' lang='lat' dir='ltr'>mortuis,</span> <span class='ocrx_word' id='word_1_273' title='bbox 2409 2449 2449 2504; x_wconf 93' lang='lat' dir='ltr'>ut</span> <span class='ocrx_word' id='word_1_274' title='bbox 2532 2507 2537 2523; x_wconf 62' lang='grc'><strong>,</strong></span> 
     </span>
     <span class='ocr_line' id='line_1_21' title="bbox 438 2522 2446 2612; baseline -0.002 -18"><span class='ocrx_word' id='word_1_275' title='bbox 438 2549 516 2612; x_wconf 90' lang='lat' dir='ltr'>ergo</span> <span class='ocrx_word' id='word_1_276' title='bbox 538 2529 600 2592; x_wconf 91' lang='lat' dir='ltr'>rite</span> <span class='ocrx_word' id='word_1_277' title='bbox 623 2526 730 2591; x_wconf 89' lang='lat' dir='ltr'>doceri</span> <span class='ocrx_word' id='word_1_278' title='bbox 752 2525 874 2606; x_wconf 89' lang='lat' dir='ltr'>cupiet,</span> <span class='ocrx_word' id='word_1_279' title='bbox 898 2523 1029 2587; x_wconf 85' lang='lat' dir='ltr'>aliunde</span> <span class='ocrx_word' id='word_1_280' title='bbox 1051 2544 1149 2604; x_wconf 87' lang='lat' dir='ltr'>quam</span> <span class='ocrx_word' id='word_1_281' title='bbox 1170 2545 1213 2587; x_wconf 90' lang='lat' dir='ltr'>ex</span> <span class='ocrx_word' id='word_1_282' title='bbox 1234 2522 1416 2587; x_wconf 88' lang='lat' dir='ltr'>simulacris</span> <span class='ocrx_word' id='word_1_283' title='bbox 1468 2524 1612 2604; x_wconf 90' lang='lat' dir='ltr'>ipsorum</span> <span class='ocrx_word' id='word_1_284' title='bbox 1633 2524 1826 2588; x_wconf 90' lang='lat' dir='ltr'>memoriam</span> <span class='ocrx_word' id='word_1_285' title='bbox 1849 2527 2072 2606; x_wconf 85' lang='lat' dir='ltr'>superstitiose</span> <span class='ocrx_word' id='word_1_286' title='bbox 2093 2525 2244 2590; x_wconf 86' lang='lat' dir='ltr'>colerent</span> <span class='ocrx_word' id='word_1_287' title='bbox 2289 2525 2336 2589; x_wconf 83' lang='lat' dir='ltr'>Et</span> <span class='ocrx_word' id='word_1_288' title='bbox 2364 2547 2446 2590; x_wconf 88' lang='lat' dir='ltr'>sane</span> 
     </span>
     <span class='ocr_line' id='line_1_22' title="bbox 439 2607 2447 2695; baseline -0.002 -15"><span class='ocrx_word' id='word_1_289' title='bbox 439 2615 544 2680; x_wconf 91' lang='lat' dir='ltr'>discat</span> <span class='ocrx_word' id='word_1_290' title='bbox 566 2611 653 2695; x_wconf 92' lang='lat' dir='ltr'>quod</span> <span class='ocrx_word' id='word_1_291' title='bbox 674 2612 714 2675; x_wconf 90' lang='lat' dir='ltr'>de</span> <span class='ocrx_word' id='word_1_292' title='bbox 735 2611 807 2676; x_wconf 93' lang='lat' dir='ltr'>Deo</span> <span class='ocrx_word' id='word_1_293' title='bbox 830 2607 999 2675; x_wconf 89' lang='lat' dir='ltr'>sciendum</span> <span class='ocrx_word' id='word_1_294' title='bbox 1020 2618 1078 2672; x_wconf 89' lang='grc'><strong>661.</strong></span> <span class='ocrx_word' id='word_1_295' title='bbox 1467 2608 1571 2672; x_wconf 86' lang='grc'><strong>161661</strong></span> <span class='ocrx_word' id='word_1_296' title='bbox 1593 2630 1783 2690; x_wconf 86' lang='grc'><strong>6611616616</strong></span> <span class='ocrx_word' id='word_1_297' title='bbox 1801 2610 1888 2675; x_wconf 91' lang='lat' dir='ltr'>hunc</span> <span class='ocrx_word' id='word_1_298' title='bbox 1906 2632 2031 2675; x_wconf 91' lang='lat' dir='ltr'>morem</span> <span class='ocrx_word' id='word_1_299' title='bbox 2054 2611 2154 2675; x_wconf 87' lang='grc'><strong>161666</strong></span> <span class='ocrx_word' id='word_1_300' title='bbox 2170 2611 2447 2691; x_wconf 66' lang='lat' dir='ltr'>vetustissimum</span> 
     </span>
     <span class='ocr_line' id='line_1_23' title="bbox 527 2694 2449 2779; baseline 0 -18"><span class='ocrx_word' id='word_1_301' title='bbox 527 2704 554 2763; x_wconf 85' lang='lat'>7.</span> <span class='ocrx_word' id='word_1_302' title='bbox 600 2697 712 2778; x_wconf 81' lang='lat' dir='ltr'>Quare</span> <span class='ocrx_word' id='word_1_303' title='bbox 739 2697 767 2759; x_wconf 90' lang='lat' dir='ltr'>si</span> <span class='ocrx_word' id='word_1_304' title='bbox 794 2694 872 2777; x_wconf 90' lang='lat' dir='ltr'>quid</span> <span class='ocrx_word' id='word_1_305' title='bbox 899 2695 1015 2759; x_wconf 86' lang='grc'><strong>1166116</strong></span> <span class='ocrx_word' id='word_1_306' title='bbox 1042 2694 1165 2758; x_wconf 90' lang='lat' dir='ltr'>habent</span> <span class='ocrx_word' id='word_1_307' title='bbox 1185 2695 1346 2775; x_wconf 85' lang='lat' dir='ltr'>papistae,</span> <span class='ocrx_word' id='word_1_308' title='bbox 1374 2715 1416 2757; x_wconf 93' lang='lat' dir='ltr'>ne</span> <span class='ocrx_word' id='word_1_309' title='bbox 1469 2715 1528 2758; x_wconf 91' lang='lat' dir='ltr'>neo</span> <span class='ocrx_word' id='word_1_310' title='bbox 1555 2694 1659 2759; x_wconf 80' lang='lat' dir='ltr'>facem</span> <span class='ocrx_word' id='word_1_311' title='bbox 1685 2695 1785 2760; x_wconf 89' lang='grc'><strong>161666</strong></span> <span class='ocrx_word' id='word_1_312' title='bbox 1810 2717 1895 2779; x_wconf 90' lang='lat' dir='ltr'>nego</span> <span class='ocrx_word' id='word_1_313' title='bbox 1926 2717 1991 2776; x_wconf 89' lang='lat' dir='ltr'>qua</span> <span class='ocrx_word' id='word_1_314' title='bbox 2019 2716 2174 2762; x_wconf 89' lang='lat' dir='ltr'>accensus</span> <span class='ocrx_word' id='word_1_315' title='bbox 2203 2696 2376 2759; x_wconf 91' lang='lat' dir='ltr'>hominum</span> <span class='ocrx_word' id='word_1_316' title='bbox 2404 2695 2449 2761; x_wconf 86' lang='lat' dir='ltr'>ad</span> 
     </span>
     <span class='ocr_line' id='line_1_24' title="bbox 438 2777 2448 2869; baseline -0.001 -20"><span class='ocrx_word' id='word_1_317' title='bbox 438 2786 574 2869; x_wconf 88' lang='lat' dir='ltr'>posthac</span> <span class='ocrx_word' id='word_1_318' title='bbox 601 2783 722 2865; x_wconf 82' lang='lat' dir='ltr'>effugio</span> <span class='ocrx_word' id='word_1_319' title='bbox 748 2783 810 2846; x_wconf 91' lang='lat' dir='ltr'>isto</span> <span class='ocrx_word' id='word_1_320' title='bbox 840 2788 991 2857; x_wconf 91' lang='lat' dir='ltr'>utantur,</span> <span class='ocrx_word' id='word_1_321' title='bbox 1018 2779 1118 2843; x_wconf 89' lang='lat' dir='ltr'>libros</span> <span class='ocrx_word' id='word_1_322' title='bbox 1147 2800 1217 2843; x_wconf 91' lang='grc'><strong>6666</strong></span> <span class='ocrx_word' id='word_1_323' title='bbox 1240 2777 1417 2843; x_wconf 86' lang='lat' dir='ltr'>idiotarum</span> <span class='ocrx_word' id='word_1_324' title='bbox 1468 2778 1685 2844; x_wconf 89' lang='lat' dir='ltr'>idololatriam</span> <span class='ocrx_word' id='word_1_325' title='bbox 1713 2780 1804 2844; x_wconf 89' lang='grc'><strong>16161</strong></span> <span class='ocrx_word' id='word_1_326' title='bbox 1830 2783 1936 2865; x_wconf 87' lang='lat' dir='ltr'>magis</span> <span class='ocrx_word' id='word_1_327' title='bbox 1965 2782 2105 2860; x_wconf 88' lang='lat' dir='ltr'>exarsit;</span> <span class='ocrx_word' id='word_1_328' title='bbox 2132 2803 2198 2845; x_wconf 92' lang='lat' dir='ltr'>non</span> <span class='ocrx_word' id='word_1_329' title='bbox 2226 2790 2336 2845; x_wconf 83' lang='lat' dir='ltr'>tamen</span> <span class='ocrx_word' id='word_1_330' title='bbox 2368 2803 2448 2847; x_wconf 92' lang='lat' dir='ltr'>con·</span> 
     </span>
     <span class='ocr_line' id='line_1_25' title="bbox 439 2863 2449 2955; baseline -0.001 -19"><span class='ocrx_word' id='word_1_331' title='bbox 439 2872 614 2955; x_wconf 89' lang='lat' dir='ltr'>imagines;</span> <span class='ocrx_word' id='word_1_332' title='bbox 637 2867 722 2950; x_wconf 91' lang='lat' dir='ltr'>quod</span> <span class='ocrx_word' id='word_1_333' title='bbox 743 2875 811 2931; x_wconf 88' lang='lat' dir='ltr'>tam</span> <span class='ocrx_word' id='word_1_334' title='bbox 829 2872 941 2948; x_wconf 90' lang='lat' dir='ltr'>aperte</span> <span class='ocrx_word' id='word_1_335' title='bbox 963 2863 1112 2947; x_wconf 90' lang='lat' dir='ltr'>pluribus</span> <span class='ocrx_word' id='word_1_336' title='bbox 1129 2865 1309 2946; x_wconf 83' lang='lat' dir='ltr'>scripturae</span> <span class='ocrx_word' id='word_1_337' title='bbox 1326 2864 1417 2928; x_wconf 91' lang='lat' dir='ltr'>testi-</span> <span class='ocrx_word' id='word_1_338' title='bbox 1468 2863 1547 2928; x_wconf 91' lang='lat' dir='ltr'>cedo</span> <span class='ocrx_word' id='word_1_339' title='bbox 1570 2866 1657 2930; x_wconf 89' lang='grc'><strong>11666</strong></span> <span class='ocrx_word' id='word_1_340' title='bbox 1679 2866 1779 2931; x_wconf 86' lang='lat' dir='ltr'>fuisse</span> <span class='ocrx_word' id='word_1_341' title='bbox 1799 2868 1943 2949; x_wconf 89' lang='lat' dir='ltr'>primum</span> <span class='ocrx_word' id='word_1_342' title='bbox 1964 2868 2043 2931; x_wconf 90' lang='lat' dir='ltr'>mali</span> <span class='ocrx_word' id='word_1_343' title='bbox 2062 2868 2195 2931; x_wconf 87' lang='lat' dir='ltr'>fontem.</span> <span class='ocrx_word' id='word_1_344' title='bbox 2240 2865 2334 2931; x_wconf 89' lang='lat' dir='ltr'>Idola</span> <span class='ocrx_word' id='word_1_345' title='bbox 2355 2869 2449 2933; x_wconf 91' lang='lat' dir='ltr'>euim</span> 
     </span>
     <span class='ocr_line' id='line_1_26' title="bbox 440 2947 2449 3036; baseline 0 -16"><span class='ocrx_word' id='word_1_346' title='bbox 440 2957 559 3020; x_wconf 90' lang='lat' dir='ltr'>moniis</span> <span class='ocrx_word' id='word_1_347' title='bbox 592 2953 761 3019; x_wconf 86' lang='lat' dir='ltr'>refellitur.</span> <span class='ocrx_word' id='word_1_348' title='bbox 807 2952 951 3015; x_wconf 78' lang='lat' dir='ltr'>Tametsi</span> <span class='ocrx_word' id='word_1_349' title='bbox 983 2962 1021 3015; x_wconf 94' lang='lat' dir='ltr'>ut</span> <span class='ocrx_word' id='word_1_350' title='bbox 1049 2951 1111 3015; x_wconf 91' lang='lat' dir='ltr'>hoc</span> <span class='ocrx_word' id='word_1_351' title='bbox 1138 2949 1203 3013; x_wconf 90' lang='lat' dir='ltr'>illis</span> <span class='ocrx_word' id='word_1_352' title='bbox 1231 2947 1417 3026; x_wconf 87' lang='lat' dir='ltr'>concedam,</span> <span class='ocrx_word' id='word_1_353' title='bbox 1469 2951 1535 3013; x_wconf 91' lang='lat' dir='ltr'>iam</span> <span class='ocrx_word' id='word_1_354' title='bbox 1556 2952 1655 3015; x_wconf 90' lang='grc'><strong>161666</strong></span> <span class='ocrx_word' id='word_1_355' title='bbox 1677 2952 1768 3033; x_wconf 90' lang='lat' dir='ltr'>prius</span> <span class='ocrx_word' id='word_1_356' title='bbox 1795 2953 1830 3016; x_wconf 92' lang='lat' dir='ltr'>in</span> <span class='ocrx_word' id='word_1_357' title='bbox 1853 2975 1923 3031; x_wconf 90' lang='grc'><strong>666,</strong></span> <span class='ocrx_word' id='word_1_358' title='bbox 1952 2974 2052 3036; x_wconf 87' lang='grc'><strong>66616</strong></span> <span class='ocrx_word' id='word_1_359' title='bbox 2073 2954 2137 3017; x_wconf 89' lang='grc'><strong>1616</strong></span> <span class='ocrx_word' id='word_1_360' title='bbox 2160 2953 2196 3016; x_wconf 90' lang='grc'>16</span> <span class='ocrx_word' id='word_1_361' title='bbox 2218 2951 2449 3020; x_wconf 88' lang='lat' dir='ltr'>consecrandis</span> 
     </span>
     <span class='ocr_line' id='line_1_27' title="bbox 439 3035 2449 3123; baseline -0.001 -16"><span class='ocrx_word' id='word_1_362' title='bbox 439 3064 481 3107; x_wconf 91' lang='lat' dir='ltr'>ne</span> <span class='ocrx_word' id='word_1_363' title='bbox 515 3042 561 3106; x_wconf 89' lang='grc'>616</span> <span class='ocrx_word' id='word_1_364' title='bbox 592 3039 723 3123; x_wconf 90' lang='lat' dir='ltr'>quidem</span> <span class='ocrx_word' id='word_1_365' title='bbox 749 3036 892 3103; x_wconf 84' lang='lat' dir='ltr'>multum</span> <span class='ocrx_word' id='word_1_366' title='bbox 918 3037 1116 3119; x_wconf 84' lang='lat' dir='ltr'>profecerint</span> <span class='ocrx_word' id='word_1_367' title='bbox 1141 3057 1200 3118; x_wconf 92' lang='lat' dir='ltr'>pro</span> <span class='ocrx_word' id='word_1_368' title='bbox 1226 3035 1322 3100; x_wconf 89' lang='lat' dir='ltr'>idolis</span> <span class='ocrx_word' id='word_1_369' title='bbox 1350 3036 1418 3100; x_wconf 91' lang='grc'><strong>6616</strong></span> <span class='ocrx_word' id='word_1_370' title='bbox 1469 3045 1673 3100; x_wconf 91' lang='lat' dir='ltr'>mortuorum</span> <span class='ocrx_word' id='word_1_371' title='bbox 1704 3038 1904 3121; x_wconf 89' lang='lat' dir='ltr'>imaginibus</span> <span class='ocrx_word' id='word_1_372' title='bbox 1939 3039 2073 3103; x_wconf 91' lang='lat' dir='ltr'>ambitio</span> <span class='ocrx_word' id='word_1_373' title='bbox 2112 3038 2318 3116; x_wconf 88' lang='lat' dir='ltr'>invaluisset,</span> <span class='ocrx_word' id='word_1_374' title='bbox 2353 3039 2449 3105; x_wconf 90' lang='lat' dir='ltr'>cuius</span> 
     </span>
     <span class='ocr_line' id='line_1_28' title="bbox 440 3120 2451 3207; baseline 0 -17"><span class='ocrx_word' id='word_1_375' title='bbox 440 3127 579 3192; x_wconf 90' lang='lat' dir='ltr'>tuendis.</span> <span class='ocrx_word' id='word_1_376' title='bbox 635 3121 827 3191; x_wconf 85' lang='lat' dir='ltr'>Cuiusmodi</span> <span class='ocrx_word' id='word_1_377' title='bbox 857 3130 1008 3204; x_wconf 90' lang='lat' dir='ltr'>portenta</span> <span class='ocrx_word' id='word_1_378' title='bbox 1047 3142 1106 3204; x_wconf 91' lang='lat' dir='ltr'>pro</span> <span class='ocrx_word' id='word_1_379' title='bbox 1137 3121 1209 3186; x_wconf 89' lang='lat' dir='ltr'>Deo</span> <span class='ocrx_word' id='word_1_380' title='bbox 1242 3120 1419 3186; x_wconf 87' lang='lat' dir='ltr'>obtrudant</span> <span class='ocrx_word' id='word_1_381' title='bbox 1470 3121 1557 3204; x_wconf 92' lang='lat' dir='ltr'>apud</span> <span class='ocrx_word' id='word_1_382' title='bbox 1578 3123 1731 3205; x_wconf 83' lang='lat' dir='ltr'>profanos</span> <span class='ocrx_word' id='word_1_383' title='bbox 1753 3124 1927 3207; x_wconf 88' lang='lat' dir='ltr'>scriptores</span> <span class='ocrx_word' id='word_1_384' title='bbox 1950 3125 2066 3190; x_wconf 86' lang='lat' dir='ltr'>crebra</span> <span class='ocrx_word' id='word_1_385' title='bbox 2091 3125 2131 3189; x_wconf 90' lang='lat' dir='ltr'>fit</span> <span class='ocrx_word' id='word_1_386' title='bbox 2152 3125 2290 3202; x_wconf 88' lang='lat' dir='ltr'>mentio,</span> <span class='ocrx_word' id='word_1_387' title='bbox 2318 3134 2451 3190; x_wconf 89' lang='lat' dir='ltr'>constat</span> 
     </span>
     <span class='ocr_line' id='line_1_29' title="bbox 439 3206 2449 3297; baseline -0.001 -20"><span class='ocrx_word' id='word_1_388' title='bbox 439 3220 554 3277; x_wconf 92' lang='lat' dir='ltr'>notum</span> <span class='ocrx_word' id='word_1_389' title='bbox 575 3217 633 3276; x_wconf 88' lang='lat' dir='ltr'>est.</span> <span class='ocrx_word' id='word_1_390' title='bbox 679 3207 771 3289; x_wconf 91' lang='lat' dir='ltr'>Quas</span> <span class='ocrx_word' id='word_1_391' title='bbox 800 3229 876 3273; x_wconf 90' lang='lat' dir='ltr'>vero</span> <span class='ocrx_word' id='word_1_392' title='bbox 903 3209 1025 3275; x_wconf 90' lang='lat' dir='ltr'>sanctis</span> <span class='ocrx_word' id='word_1_393' title='bbox 1051 3208 1196 3289; x_wconf 91' lang='lat' dir='ltr'>picturas</span> <span class='ocrx_word' id='word_1_394' title='bbox 1217 3208 1271 3272; x_wconf 92' lang='grc'>161</span> <span class='ocrx_word' id='word_1_395' title='bbox 1292 3215 1418 3272; x_wconf 89' lang='grc'><strong>6161666</strong></span> <span class='ocrx_word' id='word_1_396' title='bbox 1470 3229 1512 3271; x_wconf 92' lang='grc'>61</span> <span class='ocrx_word' id='word_1_397' title='bbox 1544 3209 1647 3272; x_wconf 91' lang='grc'><strong>11666.</strong></span> <span class='ocrx_word' id='word_1_398' title='bbox 1691 3206 1803 3288; x_wconf 90' lang='lat' dir='ltr'>Quum</span> <span class='ocrx_word' id='word_1_399' title='bbox 1831 3209 2011 3275; x_wconf 88' lang='lat' dir='ltr'>Rachelem</span> <span class='ocrx_word' id='word_1_400' title='bbox 2045 3218 2160 3275; x_wconf 90' lang='lat' dir='ltr'>narrat</span> <span class='ocrx_word' id='word_1_401' title='bbox 2192 3209 2291 3295; x_wconf 85' lang='lat' dir='ltr'>(Gen.</span> <span class='ocrx_word' id='word_1_402' title='bbox 2311 3213 2368 3288; x_wconf 83' lang='lat'>31,</span> <span class='ocrx_word' id='word_1_403' title='bbox 2392 3210 2449 3297; x_wconf 88' lang='grc'>19)</span> 
     </span>
     <span class='ocr_line' id='line_1_30' title="bbox 440 3292 2449 3378; baseline -0 -16"><span class='ocrx_word' id='word_1_404' title='bbox 440 3298 560 3375; x_wconf 91' lang='lat' dir='ltr'>dicant,</span> <span class='ocrx_word' id='word_1_405' title='bbox 582 3295 660 3378; x_wconf 89' lang='lat' dir='ltr'>quid</span> <span class='ocrx_word' id='word_1_406' title='bbox 677 3303 755 3360; x_wconf 91' lang='lat' dir='ltr'>sunt</span> <span class='ocrx_word' id='word_1_407' title='bbox 775 3295 839 3359; x_wconf 88' lang='lat' dir='ltr'>nisi</span> <span class='ocrx_word' id='word_1_408' title='bbox 861 3293 1072 3376; x_wconf 84' lang='lat' dir='ltr'>perditissimi</span> <span class='ocrx_word' id='word_1_409' title='bbox 1089 3292 1187 3359; x_wconf 88' lang='lat' dir='ltr'>luxus</span> <span class='ocrx_word' id='word_1_410' title='bbox 1205 3302 1238 3358; x_wconf 91' lang='lat' dir='ltr'>et</span> <span class='ocrx_word' id='word_1_411' title='bbox 1253 3293 1419 3358; x_wconf 91' lang='lat' dir='ltr'>obscoeni·</span> <span class='ocrx_word' id='word_1_412' title='bbox 1470 3297 1611 3357; x_wconf 88' lang='lat' dir='ltr'>furatam</span> <span class='ocrx_word' id='word_1_413' title='bbox 1643 3314 1714 3357; x_wconf 89' lang='lat' dir='ltr'>esse</span> <span class='ocrx_word' id='word_1_414' title='bbox 1744 3294 1849 3375; x_wconf 88' lang='lat' dir='ltr'>patris</span> <span class='ocrx_word' id='word_1_415' title='bbox 1883 3297 1934 3360; x_wconf 90' lang='lat' dir='ltr'>sui</span> <span class='ocrx_word' id='word_1_416' title='bbox 1967 3295 2069 3374; x_wconf 90' lang='lat' dir='ltr'>idola,</span> <span class='ocrx_word' id='word_1_417' title='bbox 2110 3317 2177 3360; x_wconf 89' lang='lat' dir='ltr'>non</span> <span class='ocrx_word' id='word_1_418' title='bbox 2205 3317 2297 3360; x_wconf 90' lang='lat' dir='ltr'>secus</span> <span class='ocrx_word' id='word_1_419' title='bbox 2333 3317 2371 3360; x_wconf 89' lang='lat' dir='ltr'>ac</span> <span class='ocrx_word' id='word_1_420' title='bbox 2406 3296 2449 3362; x_wconf 92' lang='lat' dir='ltr'>de</span> 
     </span>
     <span class='ocr_line' id='line_1_31' title="bbox 439 3378 2450 3464; baseline 0 -17"><span class='ocrx_word' id='word_1_421' title='bbox 439 3384 516 3448; x_wconf 90' lang='lat' dir='ltr'>tatis</span> <span class='ocrx_word' id='word_1_422' title='bbox 538 3402 634 3447; x_wconf 85' lang='lat' dir='ltr'>exem</span> <span class='ocrx_word' id='word_1_423' title='bbox 656 3379 760 3445; x_wconf 84' lang='lat' dir='ltr'>laria?</span> <span class='ocrx_word' id='word_1_424' title='bbox 784 3379 825 3444; x_wconf 88' lang='lat' dir='ltr'>ad</span> <span class='ocrx_word' id='word_1_425' title='bbox 848 3401 930 3461; x_wconf 90' lang='lat' dir='ltr'>quae</span> <span class='ocrx_word' id='word_1_426' title='bbox 952 3381 980 3444; x_wconf 93' lang='lat' dir='ltr'>si</span> <span class='ocrx_word' id='word_1_427' title='bbox 1001 3381 1073 3462; x_wconf 89' lang='lat' dir='ltr'>quis</span> <span class='ocrx_word' id='word_1_428' title='bbox 1095 3379 1234 3442; x_wconf 82' lang='lat' dir='ltr'>formare</span> <span class='ocrx_word' id='word_1_429' title='bbox 1257 3400 1291 3443; x_wconf 92' lang='lat' dir='ltr'>se</span> <span class='ocrx_word' id='word_1_430' title='bbox 1309 3378 1417 3455; x_wconf 88' lang='lat' dir='ltr'>vellet,</span> <span class='ocrx_word' id='word_1_431' title='bbox 1470 3379 1636 3444; x_wconf 91' lang='lat' dir='ltr'>communi</span> <span class='ocrx_word' id='word_1_432' title='bbox 1656 3379 1735 3442; x_wconf 89' lang='lat' dir='ltr'>vitio</span> <span class='ocrx_word' id='word_1_433' title='bbox 1756 3379 1908 3461; x_wconf 91' lang='lat' dir='ltr'>loquitur.</span> <span class='ocrx_word' id='word_1_434' title='bbox 1941 3381 2038 3447; x_wconf 91' lang='lat' dir='ltr'>Unde</span> <span class='ocrx_word' id='word_1_435' title='bbox 2060 3381 2212 3464; x_wconf 90' lang='lat' dir='ltr'>colligere</span> <span class='ocrx_word' id='word_1_436' title='bbox 2232 3380 2317 3459; x_wconf 90' lang='lat' dir='ltr'>licet,</span> <span class='ocrx_word' id='word_1_437' title='bbox 2340 3382 2450 3447; x_wconf 90' lang='lat' dir='ltr'>homi·</span> 
     </span>
     <span class='ocr_line' id='line_1_32' title="bbox 438 3463 2449 3551; baseline -0 -18"><span class='ocrx_word' id='word_1_438' title='bbox 438 3469 597 3533; x_wconf 84' lang='lat' dir='ltr'>fustuario</span> <span class='ocrx_word' id='word_1_439' title='bbox 643 3467 740 3551; x_wconf 91' lang='lat' dir='ltr'>ignus</span> <span class='ocrx_word' id='word_1_440' title='bbox 758 3467 809 3530; x_wconf 90' lang='lat' dir='ltr'>sit.</span> <span class='ocrx_word' id='word_1_441' title='bbox 843 3465 1006 3547; x_wconf 82' lang='lat' dir='ltr'>Equidem</span> <span class='ocrx_word' id='word_1_442' title='bbox 1027 3465 1200 3548; x_wconf 89' lang='lat' dir='ltr'>lupanaria</span> <span class='ocrx_word' id='word_1_443' title='bbox 1218 3463 1366 3548; x_wconf 92' lang='lat' dir='ltr'>pudicius</span> <span class='ocrx_word' id='word_1_444' title='bbox 1386 3471 1420 3528; x_wconf 92' lang='grc'>61</span> <span class='ocrx_word' id='word_1_445' title='bbox 1470 3464 1522 3528; x_wconf 89' lang='grc'>616</span> <span class='ocrx_word' id='word_1_446' title='bbox 1543 3464 1717 3548; x_wconf 90' lang='lat' dir='ltr'>ingenium</span> <span class='ocrx_word' id='word_1_447' title='bbox 1744 3474 1950 3547; x_wconf 90' lang='lat' dir='ltr'>perpetuam,</span> <span class='ocrx_word' id='word_1_448' title='bbox 1980 3475 2018 3531; x_wconf 91' lang='grc'>61</span> <span class='ocrx_word' id='word_1_449' title='bbox 2044 3469 2092 3530; x_wconf 88' lang='grc'>116</span> <span class='ocrx_word' id='word_1_450' title='bbox 2118 3466 2246 3549; x_wconf 88' lang='grc'><strong>166661,</strong></span> <span class='ocrx_word' id='word_1_451' title='bbox 2276 3469 2449 3533; x_wconf 81' lang='grc'><strong>66661116-</strong></span> 
     </span>
     <span class='ocr_line' id='line_1_33' title="bbox 441 3550 2450 3635; baseline 0 -17"><span class='ocrx_word' id='word_1_452' title='bbox 441 3552 619 3618; x_wconf 90' lang='lat' dir='ltr'>modestius</span> <span class='ocrx_word' id='word_1_453' title='bbox 642 3552 745 3617; x_wconf 90' lang='lat' dir='ltr'>cultas</span> <span class='ocrx_word' id='word_1_454' title='bbox 763 3551 951 3616; x_wconf 88' lang='lat' dir='ltr'>meretrices</span> <span class='ocrx_word' id='word_1_455' title='bbox 972 3551 1158 3629; x_wconf 89' lang='lat' dir='ltr'>ostendunt,</span> <span class='ocrx_word' id='word_1_456' title='bbox 1176 3571 1275 3632; x_wconf 91' lang='lat' dir='ltr'>quam</span> <span class='ocrx_word' id='word_1_457' title='bbox 1297 3550 1420 3631; x_wconf 93' lang='lat' dir='ltr'>templa</span> <span class='ocrx_word' id='word_1_458' title='bbox 1469 3550 1578 3613; x_wconf 79' lang='lat' dir='ltr'>lorum</span> <span class='ocrx_word' id='word_1_459' title='bbox 1604 3550 1769 3616; x_wconf 84' lang='lat' dir='ltr'>fabricam.</span> <span class='ocrx_word' id='word_1_460' title='bbox 1808 3551 1857 3615; x_wconf 78' lang='lat' dir='ltr'>‘A</span> <span class='ocrx_word' id='word_1_461' title='bbox 1890 3550 2012 3625; x_wconf 85' lang='lat' dir='ltr'>diluvio</span> <span class='ocrx_word' id='word_1_462' title='bbox 2046 3552 2206 3635; x_wconf 88' lang='lat' dir='ltr'>quaedam</span> <span class='ocrx_word' id='word_1_463' title='bbox 2233 3560 2304 3617; x_wconf 90' lang='lat' dir='ltr'>erat</span> <span class='ocrx_word' id='word_1_464' title='bbox 2329 3553 2450 3619; x_wconf 92' lang='lat' dir='ltr'>mundi</span> 
     </span>
     <span class='ocr_line' id='line_1_34' title="bbox 441 3635 2450 3721; baseline 0 -18"><span class='ocrx_word' id='word_1_465' title='bbox 441 3661 496 3703; x_wconf 90' lang='lat' dir='ltr'>eas</span> <span class='ocrx_word' id='word_1_466' title='bbox 523 3660 603 3720; x_wconf 90' lang='lat' dir='ltr'>quas</span> <span class='ocrx_word' id='word_1_467' title='bbox 632 3637 747 3702; x_wconf 88' lang='lat' dir='ltr'>volunt</span> <span class='ocrx_word' id='word_1_468' title='bbox 776 3637 902 3703; x_wconf 90' lang='lat' dir='ltr'>censeri</span> <span class='ocrx_word' id='word_1_469' title='bbox 924 3636 1090 3719; x_wconf 85' lang='lat' dir='ltr'>virginum</span> <span class='ocrx_word' id='word_1_470' title='bbox 1114 3636 1282 3719; x_wconf 87' lang='lat' dir='ltr'>imagines.</span> <span class='ocrx_word' id='word_1_471' title='bbox 1326 3636 1418 3700; x_wconf 89' lang='lat' dir='ltr'>Mar·</span> <span class='ocrx_word' id='word_1_472' title='bbox 1470 3635 1709 3719; x_wconf 88' lang='lat' dir='ltr'>palingenesia;</span> <span class='ocrx_word' id='word_1_473' title='bbox 1733 3636 1825 3719; x_wconf 85' lang='lat' dir='ltr'>atqui</span> <span class='ocrx_word' id='word_1_474' title='bbox 1846 3658 1913 3701; x_wconf 91' lang='lat' dir='ltr'>non</span> <span class='ocrx_word' id='word_1_475' title='bbox 1935 3638 2032 3702; x_wconf 93' lang='lat' dir='ltr'>multi</span> <span class='ocrx_word' id='word_1_476' title='bbox 2054 3639 2132 3702; x_wconf 92' lang='lat' dir='ltr'>anni</span> <span class='ocrx_word' id='word_1_477' title='bbox 2153 3639 2262 3702; x_wconf 89' lang='lat' dir='ltr'>fluunt</span> <span class='ocrx_word' id='word_1_478' title='bbox 2282 3640 2361 3721; x_wconf 91' lang='lat' dir='ltr'>quin</span> <span class='ocrx_word' id='word_1_479' title='bbox 2383 3639 2450 3705; x_wconf 92' lang='lat' dir='ltr'>sibi</span> 
     </span>
     <span class='ocr_line' id='line_1_35' title="bbox 441 3718 2448 3809; baseline 0.002 -23"><span class='ocrx_word' id='word_1_480' title='bbox 441 3724 571 3806; x_wconf 77' lang='lat' dir='ltr'>tyribus</span> <span class='ocrx_word' id='word_1_481' title='bbox 593 3723 696 3787; x_wconf 92' lang='lat' dir='ltr'>nihilo</span> <span class='ocrx_word' id='word_1_482' title='bbox 718 3723 936 3788; x_wconf 90' lang='lat' dir='ltr'>decentiorem</span> <span class='ocrx_word' id='word_1_483' title='bbox 950 3718 1094 3806; x_wconf 68' lang='lat' dir='ltr'>&#39;fingunt</span> <span class='ocrx_word' id='word_1_484' title='bbox 1116 3721 1274 3786; x_wconf 83' lang='lat' dir='ltr'>habitum</span> <span class='ocrx_word' id='word_1_485' title='bbox 1320 3720 1418 3786; x_wconf 81' lang='lat' dir='ltr'>Gom·</span> <span class='ocrx_word' id='word_1_486' title='bbox 1471 3720 1619 3786; x_wconf 90' lang='lat' dir='ltr'>homines</span> <span class='ocrx_word' id='word_1_487' title='bbox 1641 3742 1699 3804; x_wconf 90' lang='lat' dir='ltr'>pro</span> <span class='ocrx_word' id='word_1_488' title='bbox 1721 3721 1855 3787; x_wconf 92' lang='lat' dir='ltr'>libidine</span> <span class='ocrx_word' id='word_1_489' title='bbox 1878 3723 1955 3787; x_wconf 93' lang='lat' dir='ltr'>deos</span> <span class='ocrx_word' id='word_1_490' title='bbox 1978 3723 2370 3809; x_wconf 63' lang='grc'><strong>11666611166161111116</strong></span> <span class='ocrx_word' id='word_1_491' title='bbox 2392 3731 2448 3807; x_wconf 85' lang='grc'><strong>661,</strong></span> 
     </span>
     <span class='ocr_line' id='line_1_36' title="bbox 442 3807 2452 3891; baseline 0.002 -19"><span class='ocrx_word' id='word_1_492' title='bbox 442 3817 565 3891; x_wconf 89' lang='lat' dir='ltr'>ponant</span> <span class='ocrx_word' id='word_1_493' title='bbox 592 3829 669 3891; x_wconf 88' lang='lat' dir='ltr'>ergo</span> <span class='ocrx_word' id='word_1_494' title='bbox 698 3830 759 3872; x_wconf 90' lang='lat' dir='ltr'>sua</span> <span class='ocrx_word' id='word_1_495' title='bbox 786 3808 873 3874; x_wconf 92' lang='lat' dir='ltr'>idola</span> <span class='ocrx_word' id='word_1_496' title='bbox 896 3807 948 3872; x_wconf 89' lang='lat' dir='ltr'>vel</span> <span class='ocrx_word' id='word_1_497' title='bbox 971 3807 1012 3873; x_wconf 89' lang='lat' dir='ltr'>ad</span> <span class='ocrx_word' id='word_1_498' title='bbox 1034 3807 1198 3872; x_wconf 92' lang='lat' dir='ltr'>modicum</span> <span class='ocrx_word' id='word_1_499' title='bbox 1220 3807 1335 3872; x_wconf 87' lang='lat' dir='ltr'>saltem</span> <span class='ocrx_word' id='word_1_500' title='bbox 1357 3827 1417 3889; x_wconf 92' lang='lat' dir='ltr'>pu·</span> <span class='ocrx_word' id='word_1_501' title='bbox 1470 3807 1636 3886; x_wconf 78' lang='lat' dir='ltr'>superstite</span> <span class='ocrx_word' id='word_1_502' title='bbox 1656 3807 1757 3872; x_wconf 83' lang='lat' dir='ltr'>adhuc</span> <span class='ocrx_word' id='word_1_503' title='bbox 1773 3813 1878 3873; x_wconf 80' lang='grc'><strong>666616</strong></span> <span class='ocrx_word' id='word_1_504' title='bbox 1894 3809 2089 3890; x_wconf 80' lang='grc'><strong>6611161616,</strong></span> <span class='ocrx_word' id='word_1_505' title='bbox 2112 3810 2307 3875; x_wconf 72' lang='grc'><strong>1161161166</strong></span> <span class='ocrx_word' id='word_1_506' title='bbox 2327 3810 2452 3877; x_wconf 76' lang='lat' dir='ltr'>deditos</span> 
     </span>
     <span class='ocr_line' id='line_1_37' title="bbox 442 3892 2453 3975; baseline 0.002 -18"><span class='ocrx_word' id='word_1_507' title='bbox 442 3893 569 3970; x_wconf 91' lang='lat' dir='ltr'>dorem,</span> <span class='ocrx_word' id='word_1_508' title='bbox 604 3905 641 3956; x_wconf 91' lang='lat' dir='ltr'>ut</span> <span class='ocrx_word' id='word_1_509' title='bbox 673 3895 770 3975; x_wconf 91' lang='lat' dir='ltr'>paulo</span> <span class='ocrx_word' id='word_1_510' title='bbox 803 3893 1017 3959; x_wconf 85' lang='lat' dir='ltr'>verecundius</span> <span class='ocrx_word' id='word_1_511' title='bbox 1045 3893 1248 3958; x_wconf 89' lang='lat' dir='ltr'>mentiantur</span> <span class='ocrx_word' id='word_1_512' title='bbox 1280 3893 1418 3958; x_wconf 90' lang='lat' dir='ltr'>alicuius</span> <span class='ocrx_word' id='word_1_513' title='bbox 1468 3892 2453 3973; x_wconf 70' lang='grc'><strong>(116666666166,616611666166666166666111661616116-</strong></span> 
     </span>
     <span class='ocr_line' id='line_1_38' title="bbox 442 3978 2452 4062; baseline 0.001 -19"><span class='ocrx_word' id='word_1_514' title='bbox 442 3979 624 4044; x_wconf 86' lang='lat' dir='ltr'>sanctitatis</span> <span class='ocrx_word' id='word_1_515' title='bbox 657 3979 755 4043; x_wconf 86' lang='lat' dir='ltr'>libros</span> <span class='ocrx_word' id='word_1_516' title='bbox 788 4001 867 4044; x_wconf 87' lang='lat' dir='ltr'>csse.</span> <span class='ocrx_word' id='word_1_517' title='bbox 919 3978 986 4045; x_wconf 82' lang='lat' dir='ltr'>Sed</span> <span class='ocrx_word' id='word_1_518' title='bbox 1020 3989 1091 4044; x_wconf 91' lang='lat' dir='ltr'>tum</span> <span class='ocrx_word' id='word_1_519' title='bbox 1124 4000 1250 4061; x_wconf 92' lang='lat' dir='ltr'>quoquc</span> <span class='ocrx_word' id='word_1_520' title='bbox 1283 4000 1417 4060; x_wconf 92' lang='lat' dir='ltr'>respon·</span> <span class='ocrx_word' id='word_1_521' title='bbox 1470 3978 1534 4042; x_wconf 85' lang='grc'><strong>1616</strong></span> <span class='ocrx_word' id='word_1_522' title='bbox 1561 3983 1694 4042; x_wconf 75' lang='grc'><strong>66616161</strong></span> <span class='ocrx_word' id='word_1_523' title='bbox 1719 3979 1959 4060; x_wconf 69' lang='grc'><strong>111611616611611</strong></span> <span class='ocrx_word' id='word_1_524' title='bbox 1981 3987 2115 4059; x_wconf 85' lang='lat' dir='ltr'>terram,</span> <span class='ocrx_word' id='word_1_525' title='bbox 2144 3982 2237 4046; x_wconf 80' lang='lat' dir='ltr'>caius</span> <span class='ocrx_word' id='word_1_526' title='bbox 2257 3982 2452 4062; x_wconf 80' lang='lat' dir='ltr'>corruptelas</span> 
     </span>
     <span class='ocr_line' id='line_1_39' title="bbox 443 4063 2452 4149; baseline 0.001 -19"><span class='ocrx_word' id='word_1_527' title='bbox 443 4064 598 4139; x_wconf 68' lang='lat' dir='ltr'>dabimus,</span> <span class='ocrx_word' id='word_1_528' title='bbox 620 4084 687 4127; x_wconf 92' lang='lat' dir='ltr'>non</span> <span class='ocrx_word' id='word_1_529' title='bbox 709 4064 795 4129; x_wconf 90' lang='lat' dir='ltr'>hanc</span> <span class='ocrx_word' id='word_1_530' title='bbox 817 4085 887 4128; x_wconf 89' lang='lat' dir='ltr'>esse</span> <span class='ocrx_word' id='word_1_531' title='bbox 909 4067 944 4128; x_wconf 92' lang='lat' dir='ltr'>in</span> <span class='ocrx_word' id='word_1_532' title='bbox 965 4067 1066 4131; x_wconf 88' lang='lat' dir='ltr'>sacris</span> <span class='ocrx_word' id='word_1_533' title='bbox 1083 4066 1162 4130; x_wconf 91' lang='lat' dir='ltr'>locis</span> <span class='ocrx_word' id='word_1_534' title='bbox 1184 4065 1320 4130; x_wconf 89' lang='lat' dir='ltr'>docendi</span> <span class='ocrx_word' id='word_1_535' title='bbox 1337 4063 1417 4128; x_wconf 88' lang='lat' dir='ltr'>fide·</span> <span class='ocrx_word' id='word_1_536' title='bbox 1469 4063 1681 4144; x_wconf 78' lang='grc'><strong>6666111666</strong></span> <span class='ocrx_word' id='word_1_537' title='bbox 1708 4070 1772 4129; x_wconf 87' lang='lat' dir='ltr'>tom</span> <span class='ocrx_word' id='word_1_538' title='bbox 1797 4064 1943 4130; x_wconf 78' lang='lat' dir='ltr'>horribili</span> <span class='ocrx_word' id='word_1_539' title='bbox 1970 4067 2088 4131; x_wconf 82' lang='lat' dir='ltr'>iudicio</span> <span class='ocrx_word' id='word_1_540' title='bbox 2112 4072 2314 4149; x_wconf 76' lang='grc'><strong>6616666161.</strong></span> <span class='ocrx_word' id='word_1_541' title='bbox 2361 4066 2452 4132; x_wconf 85' lang='lat' dir='ltr'>Nom</span> 
     </span>
     <span class='ocr_line' id='line_1_40' title="bbox 441 4148 2452 4234; baseline 0.001 -20"><span class='ocrx_word' id='word_1_542' title='bbox 441 4149 614 4233; x_wconf 87' lang='grc'><strong>116666611</strong></span> <span class='ocrx_word' id='word_1_543' title='bbox 637 4149 812 4228; x_wconf 90' lang='lat' dir='ltr'>rationem;</span> <span class='ocrx_word' id='word_1_544' title='bbox 833 4171 930 4231; x_wconf 89' lang='lat' dir='ltr'>quem</span> <span class='ocrx_word' id='word_1_545' title='bbox 951 4151 1047 4234; x_wconf 90' lang='lat' dir='ltr'>longe</span> <span class='ocrx_word' id='word_1_546' title='bbox 1070 4152 1133 4215; x_wconf 91' lang='lat' dir='ltr'>alia</span> <span class='ocrx_word' id='word_1_547' title='bbox 1155 4150 1302 4217; x_wconf 89' lang='lat' dir='ltr'>doctrina</span> <span class='ocrx_word' id='word_1_548' title='bbox 1319 4171 1418 4233; x_wconf 92' lang='lat' dir='ltr'>quam</span> <span class='ocrx_word' id='word_1_549' title='bbox 1474 4148 1578 4213; x_wconf 76' lang='lat' dir='ltr'>There</span> <span class='ocrx_word' id='word_1_550' title='bbox 1599 4154 1627 4214; x_wconf 90' lang='grc'>61</span> <span class='ocrx_word' id='word_1_551' title='bbox 1650 4150 1776 4215; x_wconf 81' lang='lat' dir='ltr'>Nachor</span> <span class='ocrx_word' id='word_1_552' title='bbox 1796 4152 1863 4215; x_wconf 83' lang='lat' dir='ltr'>iem</span> <span class='ocrx_word' id='word_1_553' title='bbox 1884 4158 2085 4216; x_wconf 83' lang='grc'><strong>6616661611</strong></span> <span class='ocrx_word' id='word_1_554' title='bbox 2107 4152 2272 4217; x_wconf 73' lang='grc'><strong>1111616111</strong></span> <span class='ocrx_word' id='word_1_555' title='bbox 2292 4152 2452 4233; x_wconf 71' lang='lat' dir='ltr'>falsorum</span> 
     </span>
     <span class='ocr_line' id='line_1_41' title="bbox 441 4234 2449 4323; baseline 0.002 -23"><span class='ocrx_word' id='word_1_556' title='bbox 441 4237 512 4300; x_wconf 90' lang='lat' dir='ltr'>istis</span> <span class='ocrx_word' id='word_1_557' title='bbox 545 4235 670 4299; x_wconf 91' lang='lat' dir='ltr'>naeniis</span> <span class='ocrx_word' id='word_1_558' title='bbox 698 4234 765 4297; x_wconf 91' lang='lat' dir='ltr'>illic</span> <span class='ocrx_word' id='word_1_559' title='bbox 791 4235 919 4298; x_wconf 90' lang='lat' dir='ltr'>institui</span> <span class='ocrx_word' id='word_1_560' title='bbox 947 4236 1019 4299; x_wconf 89' lang='lat' dir='ltr'>vult</span> <span class='ocrx_word' id='word_1_561' title='bbox 1041 4237 1140 4301; x_wconf 91' lang='lat' dir='ltr'>Deus.</span> <span class='ocrx_word' id='word_1_562' title='bbox 1185 4235 1225 4300; x_wconf 89' lang='lat' dir='ltr'>ln</span> <span class='ocrx_word' id='word_1_563' title='bbox 1253 4237 1417 4302; x_wconf 87' lang='grc'><strong>16111661</strong></span> <span class='ocrx_word' id='word_1_564' title='bbox 1469 4235 1598 4300; x_wconf 82' lang='lat' dir='ltr'>deorum</span> <span class='ocrx_word' id='word_1_565' title='bbox 1623 4236 1754 4302; x_wconf 82' lang='lat' dir='ltr'>cultores</span> <span class='ocrx_word' id='word_1_566' title='bbox 1778 4243 1880 4315; x_wconf 83' lang='grc'><strong>61661,</strong></span> <span class='ocrx_word' id='word_1_567' title='bbox 1908 4239 2002 4303; x_wconf 79' lang='lat' dir='ltr'>sicuti</span> <span class='ocrx_word' id='word_1_568' title='bbox 2028 4243 2161 4303; x_wconf 83' lang='grc'><strong>16616161</strong></span> <span class='ocrx_word' id='word_1_569' title='bbox 2190 4237 2283 4303; x_wconf 81' lang='grc'><strong>16616</strong></span> <span class='ocrx_word' id='word_1_570' title='bbox 2303 4238 2376 4322; x_wconf 89' lang='grc'><strong>(24,</strong></span> <span class='ocrx_word' id='word_1_571' title='bbox 2404 4237 2449 4323; x_wconf 93' lang='grc'>2).</span> 
     </span>
     <span class='ocr_line' id='line_1_42' title="bbox 441 4321 2452 4406; baseline 0.001 -21"><span class='ocrx_word' id='word_1_572' title='bbox 441 4321 681 4404; x_wconf 89' lang='lat' dir='ltr'>praedicatione</span> <span class='ocrx_word' id='word_1_573' title='bbox 721 4328 754 4383; x_wconf 92' lang='lat' dir='ltr'>et</span> <span class='ocrx_word' id='word_1_574' title='bbox 783 4321 884 4384; x_wconf 88' lang='lat' dir='ltr'>sacris</span> <span class='ocrx_word' id='word_1_575' title='bbox 916 4322 1082 4404; x_wconf 87' lang='lat' dir='ltr'>mysteriis</span> <span class='ocrx_word' id='word_1_576' title='bbox 1115 4343 1320 4387; x_wconf 90' lang='lat' dir='ltr'>communem</span> <span class='ocrx_word' id='word_1_577' title='bbox 1352 4322 1419 4387; x_wconf 91' lang='lat' dir='ltr'>illic</span> <span class='ocrx_word' id='word_1_578' title='bbox 1474 4321 1576 4402; x_wconf 76' lang='grc'><strong>(1111116</strong></span> <span class='ocrx_word' id='word_1_579' title='bbox 1593 4327 1658 4385; x_wconf 84' lang='lat' dir='ltr'>tam</span> <span class='ocrx_word' id='word_1_580' title='bbox 1679 4323 1737 4386; x_wconf 88' lang='lat' dir='ltr'>cito</span> <span class='ocrx_word' id='word_1_581' title='bbox 1758 4323 1919 4387; x_wconf 82' lang='lat' dir='ltr'>desciverit</span> <span class='ocrx_word' id='word_1_582' title='bbox 1934 4326 2099 4406; x_wconf 80' lang='grc'><strong>6166611166</strong></span> <span class='ocrx_word' id='word_1_583' title='bbox 2123 4323 2211 4401; x_wconf 84' lang='lat' dir='ltr'>Sem,</span> <span class='ocrx_word' id='word_1_584' title='bbox 2239 4325 2377 4404; x_wconf 80' lang='lat' dir='ltr'>quidde</span> <span class='ocrx_word' id='word_1_585' title='bbox 2392 4345 2452 4406; x_wconf 86' lang='grc'>66-</span> 
     </span>
     <span class='ocr_line' id='line_1_43' title="bbox 441 4405 2453 4492; baseline 0.002 -22"><span class='ocrx_word' id='word_1_586' title='bbox 441 4407 593 4471; x_wconf 88' lang='grc'><strong>61661166</strong></span> <span class='ocrx_word' id='word_1_587' title='bbox 622 4405 803 4470; x_wconf 86' lang='lat' dir='ltr'>doctrinam</span> <span class='ocrx_word' id='word_1_588' title='bbox 825 4407 959 4487; x_wconf 93' lang='lat' dir='ltr'>proponi</span> <span class='ocrx_word' id='word_1_589' title='bbox 982 4407 1077 4471; x_wconf 91' lang='lat' dir='ltr'>iussit</span> <span class='ocrx_word' id='word_1_590' title='bbox 1084 4430 1092 4484; x_wconf 92' lang='lat'>;</span> <span class='ocrx_word' id='word_1_591' title='bbox 1119 4408 1154 4470; x_wconf 93' lang='lat' dir='ltr'>in</span> <span class='ocrx_word' id='word_1_592' title='bbox 1182 4429 1278 4489; x_wconf 91' lang='lat' dir='ltr'>quam</span> <span class='ocrx_word' id='word_1_593' title='bbox 1300 4430 1419 4490; x_wconf 90' lang='lat' dir='ltr'>parum</span> <span class='ocrx_word' id='word_1_594' title='bbox 1471 4409 1565 4471; x_wconf 82' lang='grc'><strong>616116</strong></span> <span class='ocrx_word' id='word_1_595' title='bbox 1588 4405 1686 4472; x_wconf 72' lang='lat' dir='ltr'>ctam</span> <span class='ocrx_word' id='word_1_596' title='bbox 1717 4408 1931 4474; x_wconf 78' lang='lat' dir='ltr'>iudicabimus</span> <span class='ocrx_word' id='word_1_597' title='bbox 1962 4410 2018 4491; x_wconf 81' lang='grc'>661</span> <span class='ocrx_word' id='word_1_598' title='bbox 2049 4411 2085 4474; x_wconf 82' lang='lat' dir='ltr'>ia</span> <span class='ocrx_word' id='word_1_599' title='bbox 2110 4415 2206 4492; x_wconf 84' lang='lat' dir='ltr'>putre</span> <span class='ocrx_word' id='word_1_600' title='bbox 2237 4429 2295 4474; x_wconf 77' lang='lat' dir='ltr'>suo</span> <span class='ocrx_word' id='word_1_601' title='bbox 2321 4411 2453 4492; x_wconf 82' lang='lat' dir='ltr'>pridem</span> 
     </span>
     <span class='ocr_line' id='line_1_44' title="bbox 442 4491 2453 4574; baseline 0.002 -18"><span class='ocrx_word' id='word_1_602' title='bbox 442 4491 1418 4574; x_wconf 82' lang='grc'><strong>66161616166161661116616166166666161661,661666-</strong></span> <span class='ocrx_word' id='word_1_603' title='bbox 1470 4495 1598 4574; x_wconf 74' lang='lat' dir='ltr'>faercrt</span> <span class='ocrx_word' id='word_1_604' title='bbox 1618 4493 1799 4557; x_wconf 81' lang='lat' dir='ltr'>maledicti?</span> <span class='ocrx_word' id='word_1_605' title='bbox 1844 4492 2073 4560; x_wconf 89' lang='grc'><strong>1166616666.</strong></span> <span class='ocrx_word' id='word_1_606' title='bbox 2118 4496 2216 4560; x_wconf 87' lang='lat' dir='ltr'>Mens</span> <span class='ocrx_word' id='word_1_607' title='bbox 2238 4495 2389 4572; x_wconf 89' lang='lat' dir='ltr'>hominis,</span> <span class='ocrx_word' id='word_1_608' title='bbox 2414 4507 2453 4561; x_wconf 92' lang='lat' dir='ltr'>ut</span> 
     </span>
     <span class='ocr_line' id='line_1_45' title="bbox 442 4576 2452 4665; baseline 0.004 -26"><span class='ocrx_word' id='word_1_609' title='bbox 442 4577 482 4639; x_wconf 91' lang='lat' dir='ltr'>lis</span> <span class='ocrx_word' id='word_1_610' title='bbox 517 4577 558 4640; x_wconf 87' lang='lat' dir='ltr'>ad</span> <span class='ocrx_word' id='word_1_611' title='bbox 590 4577 678 4641; x_wconf 90' lang='lat' dir='ltr'>idola</span> <span class='ocrx_word' id='word_1_612' title='bbox 710 4576 958 4658; x_wconf 87' lang='lat' dir='ltr'>contemplanda</span> <span class='ocrx_word' id='word_1_613' title='bbox 998 4578 1275 4660; x_wconf 89' lang='lat' dir='ltr'>circumaguntur.</span> <span class='ocrx_word' id='word_1_614' title='bbox 1327 4578 1419 4658; x_wconf 89' lang='lat' dir='ltr'>Quos</span> <span class='ocrx_word' id='word_1_615' title='bbox 1471 4579 1624 4661; x_wconf 90' lang='lat' dir='ltr'>superbia</span> <span class='ocrx_word' id='word_1_616' title='bbox 1643 4591 1676 4641; x_wconf 90' lang='lat' dir='ltr'>et</span> <span class='ocrx_word' id='word_1_617' title='bbox 1697 4578 1881 4643; x_wconf 88' lang='lat' dir='ltr'>temeritate</span> <span class='ocrx_word' id='word_1_618' title='bbox 1902 4587 1953 4644; x_wconf 92' lang='lat' dir='ltr'>est</span> <span class='ocrx_word' id='word_1_619' title='bbox 1974 4582 2109 4659; x_wconf 83' lang='lat' dir='ltr'>referta,</span> <span class='ocrx_word' id='word_1_620' title='bbox 2137 4582 2246 4646; x_wconf 89' lang='lat' dir='ltr'>Deum</span> <span class='ocrx_word' id='word_1_621' title='bbox 2267 4602 2328 4664; x_wconf 92' lang='lat' dir='ltr'>pro</span> <span class='ocrx_word' id='word_1_622' title='bbox 2350 4589 2452 4665; x_wconf 90' lang='lat' dir='ltr'>captu</span> 
     </span>
     <span class='ocr_line' id='line_1_46' title="bbox 444 4661 2450 4747; baseline 0.003 -22"><span class='ocrx_word' id='word_1_623' title='bbox 444 4683 521 4744; x_wconf 90' lang='lat' dir='ltr'>crgo</span> <span class='ocrx_word' id='word_1_624' title='bbox 542 4671 661 4727; x_wconf 88' lang='lat' dir='ltr'>vocant</span> <span class='ocrx_word' id='word_1_625' title='bbox 682 4663 829 4745; x_wconf 86' lang='lat' dir='ltr'>papistae</span> <span class='ocrx_word' id='word_1_626' title='bbox 851 4661 982 4740; x_wconf 89' lang='lat' dir='ltr'>idiotas,</span> <span class='ocrx_word' id='word_1_627' title='bbox 1018 4684 1156 4744; x_wconf 92' lang='lat' dir='ltr'>quorum</span> <span class='ocrx_word' id='word_1_628' title='bbox 1184 4661 1308 4727; x_wconf 86' lang='lat' dir='ltr'>ruditas</span> <span class='ocrx_word' id='word_1_629' title='bbox 1341 4664 1418 4727; x_wconf 92' lang='lat' dir='ltr'>solis</span> <span class='ocrx_word' id='word_1_630' title='bbox 1471 4685 1529 4728; x_wconf 90' lang='lat' dir='ltr'>suo</span> <span class='ocrx_word' id='word_1_631' title='bbox 1563 4664 1738 4747; x_wconf 89' lang='lat' dir='ltr'>imaginari</span> <span class='ocrx_word' id='word_1_632' title='bbox 1771 4663 1869 4728; x_wconf 90' lang='lat' dir='ltr'>audet</span> <span class='ocrx_word' id='word_1_633' title='bbox 1876 4688 1883 4744; x_wconf 93' lang='lat'>;</span> <span class='ocrx_word' id='word_1_634' title='bbox 1917 4674 1954 4728; x_wconf 92' lang='lat' dir='ltr'>ut</span> <span class='ocrx_word' id='word_1_635' title='bbox 1987 4666 2184 4731; x_wconf 88' lang='lat' dir='ltr'>hebetudine</span> <span class='ocrx_word' id='word_1_636' title='bbox 2211 4667 2354 4744; x_wconf 89' lang='lat' dir='ltr'>laborat,</span> <span class='ocrx_word' id='word_1_637' title='bbox 2382 4668 2450 4732; x_wconf 91' lang='lat' dir='ltr'>imo</span> 
     </span>
     <span class='ocr_line' id='line_1_47' title="bbox 443 4747 2450 4835; baseline 0.003 -25"><span class='ocrx_word' id='word_1_638' title='bbox 443 4747 639 4828; x_wconf 84' lang='lat' dir='ltr'>imaginibus</span> <span class='ocrx_word' id='word_1_639' title='bbox 665 4748 772 4812; x_wconf 90' lang='lat' dir='ltr'>doceri</span> <span class='ocrx_word' id='word_1_640' title='bbox 800 4747 981 4812; x_wconf 84' lang='lat' dir='ltr'>sustineat?</span> <span class='ocrx_word' id='word_1_641' title='bbox 1005 4749 1065 4812; x_wconf 95' lang='lat' dir='ltr'>hos</span> <span class='ocrx_word' id='word_1_642' title='bbox 1087 4749 1222 4825; x_wconf 89' lang='lat' dir='ltr'>seilicet,</span> <span class='ocrx_word' id='word_1_643' title='bbox 1253 4769 1332 4830; x_wconf 91' lang='lat' dir='ltr'>quos</span> <span class='ocrx_word' id='word_1_644' title='bbox 1360 4771 1418 4830; x_wconf 91' lang='lat' dir='ltr'>pro</span> <span class='ocrx_word' id='word_1_645' title='bbox 1471 4749 1673 4813; x_wconf 82' lang='lat' dir='ltr'>crassissima</span> <span class='ocrx_word' id='word_1_646' title='bbox 1693 4751 1881 4832; x_wconf 89' lang='lat' dir='ltr'>ignorantia</span> <span class='ocrx_word' id='word_1_647' title='bbox 1908 4760 1958 4815; x_wconf 92' lang='lat' dir='ltr'>est</span> <span class='ocrx_word' id='word_1_648' title='bbox 1984 4752 2114 4831; x_wconf 92' lang='lat' dir='ltr'>obruta,</span> <span class='ocrx_word' id='word_1_649' title='bbox 2143 4774 2202 4835; x_wconf 92' lang='lat' dir='ltr'>pro</span> <span class='ocrx_word' id='word_1_650' title='bbox 2224 4751 2297 4816; x_wconf 91' lang='lat' dir='ltr'>Deo</span> <span class='ocrx_word' id='word_1_651' title='bbox 2318 4753 2450 4817; x_wconf 83' lang='lat' dir='ltr'>venita-</span> 
     </span>
     <span class='ocr_line' id='line_1_48' title="bbox 444 4831 2450 4920; baseline 0.004 -23"><span class='ocrx_word' id='word_1_652' title='bbox 444 4833 511 4897; x_wconf 91' lang='lat' dir='ltr'>suis</span> <span class='ocrx_word' id='word_1_653' title='bbox 529 4831 695 4913; x_wconf 89' lang='lat' dir='ltr'>discipulis</span> <span class='ocrx_word' id='word_1_654' title='bbox 715 4834 861 4917; x_wconf 89' lang='lat' dir='ltr'>agnoscit</span> <span class='ocrx_word' id='word_1_655' title='bbox 878 4832 1057 4911; x_wconf 88' lang='lat' dir='ltr'>Dominus;</span> <span class='ocrx_word' id='word_1_656' title='bbox 1079 4855 1159 4916; x_wconf 89' lang='lat' dir='ltr'>quos</span> <span class='ocrx_word' id='word_1_657' title='bbox 1177 4834 1322 4898; x_wconf 87' lang='lat' dir='ltr'>coelestis</span> <span class='ocrx_word' id='word_1_658' title='bbox 1341 4856 1418 4899; x_wconf 89' lang='lat' dir='ltr'>suae</span> <span class='ocrx_word' id='word_1_659' title='bbox 1470 4841 1538 4898; x_wconf 86' lang='lat' dir='ltr'>tem</span> <span class='ocrx_word' id='word_1_660' title='bbox 1558 4843 1592 4898; x_wconf 91' lang='lat' dir='ltr'>et</span> <span class='ocrx_word' id='word_1_661' title='bbox 1612 4835 1710 4899; x_wconf 90' lang='lat' dir='ltr'>inane</span> <span class='ocrx_word' id='word_1_662' title='bbox 1732 4844 1896 4918; x_wconf 92' lang='lat' dir='ltr'>spectrum</span> <span class='ocrx_word' id='word_1_663' title='bbox 1918 4838 2067 4920; x_wconf 90' lang='lat' dir='ltr'>concipit.</span> <span class='ocrx_word' id='word_1_664' title='bbox 2104 4838 2159 4902; x_wconf 90' lang='lat' dir='ltr'>Ad</span> <span class='ocrx_word' id='word_1_665' title='bbox 2181 4838 2262 4903; x_wconf 85' lang='lat' dir='ltr'>haec</span> <span class='ocrx_word' id='word_1_666' title='bbox 2283 4839 2371 4901; x_wconf 90' lang='lat' dir='ltr'>mala</span> <span class='ocrx_word' id='word_1_667' title='bbox 2395 4861 2450 4905; x_wconf 90' lang='lat' dir='ltr'>ac·</span> 
     </span>
     <span class='ocr_line' id='line_1_49' title="bbox 443 4917 2449 5006; baseline 0.004 -26"><span class='ocrx_word' id='word_1_668' title='bbox 443 4917 668 4999; x_wconf 87' lang='lat' dir='ltr'>philosophiae</span> <span class='ocrx_word' id='word_1_669' title='bbox 691 4919 889 4983; x_wconf 86' lang='lat' dir='ltr'>revelatione</span> <span class='ocrx_word' id='word_1_670' title='bbox 915 4918 1082 5002; x_wconf 58' lang='grc'><strong>11666166</strong></span> <span class='ocrx_word' id='word_1_671' title='bbox 1112 4940 1193 5001; x_wconf 91' lang='lat' dir='ltr'>quos</span> <span class='ocrx_word' id='word_1_672' title='bbox 1221 4920 1418 4984; x_wconf 86' lang='lat' dir='ltr'>salutaribus</span> <span class='ocrx_word' id='word_1_673' title='bbox 1471 4919 1557 4984; x_wconf 89' lang='lat' dir='ltr'>cedit</span> <span class='ocrx_word' id='word_1_674' title='bbox 1589 4941 1674 4985; x_wconf 84' lang='lat' dir='ltr'>nova</span> <span class='ocrx_word' id='word_1_675' title='bbox 1706 4921 1912 5002; x_wconf 85' lang='lat' dir='ltr'>improbitas,</span> <span class='ocrx_word' id='word_1_676' title='bbox 1947 4922 2032 5005; x_wconf 94' lang='lat' dir='ltr'>quod</span> <span class='ocrx_word' id='word_1_677' title='bbox 2065 4923 2172 5002; x_wconf 90' lang='lat' dir='ltr'>homo,</span> <span class='ocrx_word' id='word_1_678' title='bbox 2206 4923 2336 5006; x_wconf 90' lang='lat' dir='ltr'>qualem</span> <span class='ocrx_word' id='word_1_679' title='bbox 2358 4925 2449 4990; x_wconf 90' lang='lat' dir='ltr'>intus</span> 
     </span>
     <span class='ocr_line' id='line_1_50' title="bbox 444 5003 2450 5094; baseline 0.005 -29"><span class='ocrx_word' id='word_1_680' title='bbox 444 5003 538 5085; x_wconf 88' lang='lat' dir='ltr'>regni</span> <span class='ocrx_word' id='word_1_681' title='bbox 571 5003 622 5065; x_wconf 92' lang='lat' dir='ltr'>sui</span> <span class='ocrx_word' id='word_1_682' title='bbox 651 5005 814 5085; x_wconf 85' lang='lat' dir='ltr'>mysteriis</span> <span class='ocrx_word' id='word_1_683' title='bbox 842 5005 914 5070; x_wconf 87' lang='lat' dir='ltr'>vult</span> <span class='ocrx_word' id='word_1_684' title='bbox 946 5004 1077 5069; x_wconf 90' lang='lat' dir='ltr'>erudiri.</span> <span class='ocrx_word' id='word_1_685' title='bbox 1127 5005 1249 5070; x_wconf 82' lang='lat' dir='ltr'>Fateor</span> <span class='ocrx_word' id='word_1_686' title='bbox 1276 5006 1417 5087; x_wconf 90' lang='lat' dir='ltr'>quidem,</span> <span class='ocrx_word' id='word_1_687' title='bbox 1471 5007 1617 5088; x_wconf 91' lang='lat' dir='ltr'>concepit</span> <span class='ocrx_word' id='word_1_688' title='bbox 1634 5007 1753 5085; x_wconf 91' lang='lat' dir='ltr'>Deum,</span> <span class='ocrx_word' id='word_1_689' title='bbox 1772 5007 1955 5089; x_wconf 82' lang='lat' dir='ltr'>exprimere</span> <span class='ocrx_word' id='word_1_690' title='bbox 1973 5030 2070 5092; x_wconf 84' lang='grc'><strong>66616</strong></span> <span class='ocrx_word' id='word_1_691' title='bbox 2089 5018 2201 5074; x_wconf 86' lang='grc'><strong>166161.</strong></span> <span class='ocrx_word' id='word_1_692' title='bbox 2230 5009 2329 5074; x_wconf 90' lang='grc'><strong>11666</strong></span> <span class='ocrx_word' id='word_1_693' title='bbox 2345 5011 2450 5094; x_wconf 89' lang='lat' dir='ltr'>igitur</span> 
     </span>
     <span class='ocr_line' id='line_1_51' title="bbox 444 5087 2448 5177; baseline 0.004 -26"><span class='ocrx_word' id='word_1_694' title='bbox 444 5094 481 5151; x_wconf 92' lang='grc'>61</span> <span class='ocrx_word' id='word_1_695' title='bbox 512 5109 564 5151; x_wconf 90' lang='grc'>166</span> <span class='ocrx_word' id='word_1_696' title='bbox 594 5087 729 5165; x_wconf 87' lang='lat' dir='ltr'>habent,</span> <span class='ocrx_word' id='word_1_697' title='bbox 757 5089 853 5154; x_wconf 90' lang='lat' dir='ltr'>hodie</span> <span class='ocrx_word' id='word_1_698' title='bbox 879 5112 950 5156; x_wconf 88' lang='grc'><strong>6666</strong></span> <span class='ocrx_word' id='word_1_699' title='bbox 977 5110 1042 5155; x_wconf 90' lang='grc'>666</span> <span class='ocrx_word' id='word_1_700' title='bbox 1074 5112 1193 5174; x_wconf 89' lang='grc'><strong>666666</strong></span> <span class='ocrx_word' id='word_1_701' title='bbox 1223 5092 1277 5172; x_wconf 90' lang='grc'>661</span> <span class='ocrx_word' id='word_1_702' title='bbox 1299 5091 1419 5156; x_wconf 87' lang='lat' dir='ltr'>talibus</span> <span class='ocrx_word' id='word_1_703' title='bbox 1471 5090 1595 5155; x_wconf 93' lang='lat' dir='ltr'>idolum</span> <span class='ocrx_word' id='word_1_704' title='bbox 1616 5087 1735 5175; x_wconf 81' lang='lat' dir='ltr'>gignit,</span> <span class='ocrx_word' id='word_1_705' title='bbox 1758 5114 1877 5157; x_wconf 90' lang='lat' dir='ltr'>manus</span> <span class='ocrx_word' id='word_1_706' title='bbox 1899 5094 1993 5177; x_wconf 90' lang='lat' dir='ltr'>parit</span> <span class='ocrx_word' id='word_1_707' title='bbox 2034 5094 2131 5162; x_wconf 88' lang='lat' dir='ltr'>Hanc</span> <span class='ocrx_word' id='word_1_708' title='bbox 2153 5118 2223 5160; x_wconf 91' lang='lat' dir='ltr'>esse</span> <span class='ocrx_word' id='word_1_709' title='bbox 2244 5095 2448 5160; x_wconf 89' lang='lat' dir='ltr'>idololatriae</span> 
     </span>
     <span class='ocr_line' id='line_1_52' title="bbox 442 5173 2496 5259; baseline 0.005 -21"><span class='ocrx_word' id='word_1_710' title='bbox 442 5173 535 5239; x_wconf 91' lang='lat' dir='ltr'>libris</span> <span class='ocrx_word' id='word_1_711' title='bbox 564 5193 675 5239; x_wconf 89' lang='lat' dir='ltr'>carcre</span> <span class='ocrx_word' id='word_1_712' title='bbox 700 5184 870 5254; x_wconf 89' lang='lat' dir='ltr'>nequeant.</span> <span class='ocrx_word' id='word_1_713' title='bbox 915 5175 1107 5254; x_wconf 76' lang='grc'><strong>11616616,</strong></span> <span class='ocrx_word' id='word_1_714' title='bbox 1129 5197 1261 5258; x_wconf 89' lang='lat' dir='ltr'>quaeso,</span> <span class='ocrx_word' id='word_1_715' title='bbox 1294 5177 1419 5242; x_wconf 90' lang='lat' dir='ltr'>isthaec</span> <span class='ocrx_word' id='word_1_716' title='bbox 1472 5177 1639 5259; x_wconf 90' lang='lat' dir='ltr'>originem,</span> <span class='ocrx_word' id='word_1_717' title='bbox 1662 5178 1746 5259; x_wconf 91' lang='lat' dir='ltr'>quod</span> <span class='ocrx_word' id='word_1_718' title='bbox 1766 5178 1916 5244; x_wconf 57' lang='lat' dir='ltr'>&gt;homines</span> <span class='ocrx_word' id='word_1_719' title='bbox 1938 5182 2048 5247; x_wconf 91' lang='lat' dir='ltr'>Deum</span> <span class='ocrx_word' id='word_1_720' title='bbox 2070 5181 2132 5247; x_wconf 92' lang='lat' dir='ltr'>sibi</span> <span class='ocrx_word' id='word_1_721' title='bbox 2155 5181 2267 5247; x_wconf 86' lang='lat' dir='ltr'>adesse</span> <span class='ocrx_word' id='word_1_722' title='bbox 2289 5202 2354 5247; x_wconf 92' lang='lat' dir='ltr'>non</span> <span class='ocrx_word' id='word_1_723' title='bbox 2376 5203 2447 5246; x_wconf 88' lang='lat' dir='ltr'>cre-</span> <span class='ocrx_word' id='word_1_724' title='bbox 2494 5240 2496 5249; x_wconf 93' lang='lat'>.</span> 
     </span>
     <span class='ocr_line' id='line_1_53' title="bbox 443 5258 2448 5351; baseline 0.002 -26"><span class='ocrx_word' id='word_1_725' title='bbox 443 5258 629 5342; x_wconf 88' lang='lat' dir='ltr'>stupiditas,</span> <span class='ocrx_word' id='word_1_726' title='bbox 663 5258 726 5321; x_wconf 91' lang='lat' dir='ltr'>nisi</span> <span class='ocrx_word' id='word_1_727' title='bbox 759 5259 846 5339; x_wconf 90' lang='lat' dir='ltr'>quod</span> <span class='ocrx_word' id='word_1_728' title='bbox 873 5283 912 5326; x_wconf 88' lang='lat' dir='ltr'>ca</span> <span class='ocrx_word' id='word_1_729' title='bbox 939 5262 1087 5328; x_wconf 89' lang='lat' dir='ltr'>doctrina</span> <span class='ocrx_word' id='word_1_730' title='bbox 1114 5263 1309 5327; x_wconf 85' lang='lat' dir='ltr'>fraudantur</span> <span class='ocrx_word' id='word_1_731' title='bbox 1334 5284 1418 5345; x_wconf 91' lang='lat' dir='ltr'>quac</span> <span class='ocrx_word' id='word_1_732' title='bbox 1471 5263 1554 5327; x_wconf 88' lang='lat' dir='ltr'>dunt</span> <span class='ocrx_word' id='word_1_733' title='bbox 1574 5264 1638 5327; x_wconf 89' lang='lat' dir='ltr'>nisi</span> <span class='ocrx_word' id='word_1_734' title='bbox 1659 5263 1833 5328; x_wconf 85' lang='lat' dir='ltr'>carnaliter</span> <span class='ocrx_word' id='word_1_735' title='bbox 1859 5267 2013 5332; x_wconf 88' lang='lat' dir='ltr'>exhibeat</span> <span class='ocrx_word' id='word_1_736' title='bbox 2034 5289 2069 5332; x_wconf 90' lang='grc'>66</span> <span class='ocrx_word' id='word_1_737' title='bbox 2090 5276 2311 5351; x_wconf 89' lang='lat' dir='ltr'>praesentem,</span> <span class='ocrx_word' id='word_1_738' title='bbox 2339 5267 2448 5351; x_wconf 92' lang='lat' dir='ltr'>prodit</span> 
     </span>
     <span class='ocr_line' id='line_1_54' title="bbox 444 5341 2447 5436; baseline 0.003 -26"><span class='ocrx_word' id='word_1_739' title='bbox 444 5345 512 5411; x_wconf 90' lang='lat' dir='ltr'>sola</span> <span class='ocrx_word' id='word_1_740' title='bbox 539 5351 610 5410; x_wconf 88' lang='lat' dir='ltr'>crat</span> <span class='ocrx_word' id='word_1_741' title='bbox 638 5341 679 5407; x_wconf 90' lang='lat' dir='ltr'>ad</span> <span class='ocrx_word' id='word_1_742' title='bbox 706 5363 760 5407; x_wconf 90' lang='lat' dir='ltr'>eos</span> <span class='ocrx_word' id='word_1_743' title='bbox 785 5344 970 5413; x_wconf 86' lang='lat' dir='ltr'>formandos</span> <span class='ocrx_word' id='word_1_744' title='bbox 998 5349 1137 5414; x_wconf 83' lang='lat' dir='ltr'>idonea?</span> <span class='ocrx_word' id='word_1_745' title='bbox 1187 5348 1300 5431; x_wconf 91' lang='lat' dir='ltr'>Neque</span> <span class='ocrx_word' id='word_1_746' title='bbox 1330 5350 1418 5413; x_wconf 89' lang='lat' dir='ltr'>enim</span> <span class='ocrx_word' id='word_1_747' title='bbox 1471 5349 1695 5413; x_wconf 85' lang='lat' dir='ltr'>Israelitarum</span> <span class='ocrx_word' id='word_1_748' title='bbox 1717 5350 1904 5433; x_wconf 89' lang='lat' dir='ltr'>exemplum</span> <span class='ocrx_word' id='word_1_749' title='bbox 1926 5352 2116 5436; x_wconf 80' lang='lat' dir='ltr'>(Exod32,</span> <span class='ocrx_word' id='word_1_750' title='bbox 2140 5360 2152 5415; x_wconf 94' lang='grc'>1</span> <span class='ocrx_word' id='word_1_751' title='bbox 2177 5354 2288 5436; x_wconf 84' lang='lat' dir='ltr'>seqq).</span> <span class='ocrx_word' id='word_1_752' title='bbox 2333 5353 2447 5419; x_wconf 90' lang='lat' dir='ltr'>Nesci·</span> 
     </span>
     <span class='ocr_line' id='line_1_55' title="bbox 799 5433 2447 5521; baseline 0.007 -28"><span class='ocrx_word' id='word_1_753' title='bbox 799 5446 803 5463; x_wconf 67' lang='grc'>“·</span> <span class='ocrx_word' id='word_1_754' title='bbox 1470 5456 1560 5512; x_wconf 92' lang='lat' dir='ltr'>mus,</span> <span class='ocrx_word' id='word_1_755' title='bbox 1584 5433 1749 5513; x_wconf 86' lang='lat' dir='ltr'>dicabant,</span> <span class='ocrx_word' id='word_1_756' title='bbox 1774 5437 1852 5518; x_wconf 93' lang='lat' dir='ltr'>quid</span> <span class='ocrx_word' id='word_1_757' title='bbox 1874 5439 1928 5502; x_wconf 90' lang='lat' dir='ltr'>isti</span> <span class='ocrx_word' id='word_1_758' title='bbox 1950 5439 2036 5503; x_wconf 87' lang='lat' dir='ltr'>Mosi</span> <span class='ocrx_word' id='word_1_759' title='bbox 2058 5440 2244 5521; x_wconf 90' lang='lat' dir='ltr'>contigerit:</span> <span class='ocrx_word' id='word_1_760' title='bbox 2274 5440 2324 5504; x_wconf 89' lang='lat' dir='ltr'>fac</span> <span class='ocrx_word' id='word_1_761' title='bbox 2351 5439 2447 5504; x_wconf 92' lang='lat' dir='ltr'>nobis</span> 
     </span>
    </p>

    <p class='ocr_par' dir='ltr' id='par_1_6' title="bbox 514 5519 2468 5702">
     <span class='ocr_line' id='line_1_56' title="bbox 1472 5519 2446 5605; baseline 0.004 -21"><span class='ocrx_word' id='word_1_762' title='bbox 1472 5519 1549 5585; x_wconf 89' lang='lat' dir='ltr'>deos</span> <span class='ocrx_word' id='word_1_763' title='bbox 1578 5522 1633 5603; x_wconf 92' lang='lat' dir='ltr'>qui</span> <span class='ocrx_word' id='word_1_764' title='bbox 1661 5543 1719 5586; x_wconf 91' lang='lat' dir='ltr'>nos</span> <span class='ocrx_word' id='word_1_765' title='bbox 1747 5522 1951 5605; x_wconf 87' lang='lat' dir='ltr'>praecedant</span> <span class='ocrx_word' id='word_1_766' title='bbox 1995 5525 2106 5587; x_wconf 91' lang='lat' dir='ltr'>Deum</span> <span class='ocrx_word' id='word_1_767' title='bbox 2131 5523 2263 5605; x_wconf 90' lang='lat' dir='ltr'>quidem</span> <span class='ocrx_word' id='word_1_768' title='bbox 2291 5547 2362 5590; x_wconf 91' lang='grc'><strong>6666</strong></span> <span class='ocrx_word' id='word_1_769' title='bbox 2388 5546 2446 5588; x_wconf 93' lang='lat' dir='ltr'>no-</span> 
     </span>
     <span class='ocr_line' id='line_1_57' title="bbox 514 5608 2468 5702; baseline 0.004 -35"><span class='ocrx_word' id='word_1_770' title='bbox 514 5614 1099 5683; x_wconf 74' lang='grc'><strong>111111.16661111611161696131.</strong></span> <span class='ocrx_word' id='word_1_771' title='bbox 1288 5664 1291 5673; x_wconf 88' lang='lat'>.</span> <span class='ocrx_word' id='word_1_772' title='bbox 1470 5614 1595 5684; x_wconf 88' lang='grc'><strong>161661,</strong></span> <span class='ocrx_word' id='word_1_773' title='bbox 1622 5608 1715 5672; x_wconf 90' lang='grc'><strong>66166</strong></span> <span class='ocrx_word' id='word_1_774' title='bbox 1737 5610 1864 5692; x_wconf 86' lang='lat' dir='ltr'>experti</span> <span class='ocrx_word' id='word_1_775' title='bbox 1885 5610 2042 5673; x_wconf 85' lang='lat' dir='ltr'>virtutem</span> <span class='ocrx_word' id='word_1_776' title='bbox 2064 5610 2214 5673; x_wconf 88' lang='grc'><strong>6166116</strong></span> <span class='ocrx_word' id='word_1_777' title='bbox 2236 5618 2285 5674; x_wconf 89' lang='lat' dir='ltr'>tot</span> <span class='ocrx_word' id='word_1_778' title='bbox 2305 5611 2468 5702; x_wconf 76' lang='lat' dir='ltr'>miracu·⁸</span> 
     </span>
    </p>
   </div>
   <div class='ocr_carea' id='block_1_6' title="bbox 486 5518 649 5526">
    <p class='ocr_par' dir='ltr' id='par_1_7' title="bbox 486 5518 649 5526">
     <span class='ocr_line' id='line_1_58' title="bbox 486 5518 649 5526; baseline 0 -1"><span class='ocrx_word' id='word_1_779' title='bbox 486 5520 530 5525; x_wconf 74' lang='grc'><em>-.-..</em></span> <span class='ocrx_word' id='word_1_780' title='bbox 537 5518 584 5526; x_wconf 66' lang='lat'>.—-</span> <span class='ocrx_word' id='word_1_781' title='bbox 598 5519 649 5525; x_wconf 62' lang='grc' dir='ltr'>η...</span> 
     </span>
    </p>
   </div>
   <div class='ocr_carea' id='block_1_7' title="bbox 0 0 2808 6804">
    <p class='ocr_par' dir='ltr' id='par_1_8' title="bbox 0 0 2808 6804">
     <span class='ocr_line' id='line_1_59' title="bbox 0 0 2808 6804; baseline 0 0"><span class='ocrx_word' id='word_1_782' title='bbox 0 0 2808 6804; x_wconf 95' lang='lat' dir='ltr'> </span> 
     </span>
    </p>
   </div>
  </div>
 </body>
</html>
