5600 6809
389 765 452 825 791
1043 749 1309 821 INSTI'PUTIO
1330 750 1436 818 Reli.
1458 752 1639 821 cflfflsu.
1661 757 1753 819 1559.
2338 757 2405 819 792

393 948 531 1014 nonita
556 943 807 1029 intelligendum
829 951 888 1023 est,
917 944 1010 1027 quasi
1036 944 1105 1026 ipso
1137 964 1197 1026 per
1229 965 1263 1008 se
1296 963 1369 1007 eam
1425 950 1538 1026 spectu
1558 944 1638 1020 Dei,
1661 943 1732 1008 sine
1754 965 1969 1026 personarum
1992 944 2192 1026 acceptione,
2215 963 2270 1007 eas
2292 942 2407 1008 distri-

394 1030 648 1101 sollioitudinem
676 1032 829 1115 gesserit;
857 1030 914 1097 sed
944 1029 1021 1114 quia
1046 1029 1150 1111 ipsius
1178 1035 1249 1095 erat
1275 1050 1369 1112 prae-
1423 1030 1524 1094 buore
1552 1030 1670 1111 quibus
1699 1028 1865 1094 debentur.
1910 1030 2001 1093 Hine
2023 1028 2153 1093 stillae
2183 1027 2270 1110 apud
2293 1027 2407 1113 Chry·

393 1118 535 1183 soribere
548 1116 692 1196 diacono,
704 1118 760 1199 qui
778 1117 813 1182 in
830 1116 993 1200 publicam
1011 1114 1165 1180 ecelesiae
1182 1115 1371 1180 alimoniam
1425 1122 1615 1193 sostomum,
1633 1115 1855 1192 Ambrosium,
1875 1116 2111 1199 Augustinum,
2130 1123 2164 1178 ct
2181 1113 2261 1178 alios
2280 1113 2407 1180 similes
2430 1162 2438 1181 .

393 1202 574 1286 reeipiendi
596 1209 716 1281 essent,
741 1202 780 1267 de
803 1225 841 1268 eo
862 1201 948 1285 quod
965 1199 1132 1265 residuum
1151 1209 1232 1278 erat,
1254 1200 1371 1282 quibus
1425 1202 1607 1284 episcopos,
1638 1223 1756 1284 graves
1786 1198 2032 1278 obtestationes,
2063 1201 2181 1282 quibus
2203 1220 2297 1264 suam
2318 1201 2407 1265 inte-

394 1297 428 1354 et
455 1295 617 1371 quantum
644 1289 760 1371 cuique
788 1285 992 1372 erogandum
1019 1293 1118 1352 esset:
1148 1288 1225 1369 quia
1244 1288 1371 1368 inspee-
1425 1288 1579 1369 gritatem
1601 1284 1644 1351 cd
1664 1286 1821 1370 populum
1843 1294 2042 1351 asseverant.
2083 1284 2195 1366 Quum
2218 1292 2326 1350 autem
2349 1308 2407 1351 ae-

392 1376 518 1440 tionem
545 1374 686 1439 habebat
714 1397 756 1438 an
784 1374 839 1438 hio
864 1373 1005 1438 fideliter
1032 1383 1265 1455 exsequeretur
1285 1371 1372 1455 quod
1425 1394 1529 1455 quum
1556 1373 1614 1450 sit,
1644 1380 1677 1436 et
1699 1371 1835 1436 Domini
1856 1373 1957 1436 etiam
1978 1373 2051 1456 lege
2073 1373 2253 1449 sancitum,
2282 1379 2319 1447 ut
2344 1372 2408 1454 qui

395 1460 494 1527 officii
521 1461 574 1525 sui
600 1469 693 1526 esset.
739 1458 796 1525 Sic
822 1460 910 1524 enim
931 1458 967 1520 in
990 1459 1169 1524 canonibus
1191 1479 1273 1541 quos
1296 1478 1373 1541 apo·
1426 1480 1520 1524 suam
1538 1458 1692 1523 ccclesiae
1710 1479 1843 1540 operam
1859 1458 2065 1540 impendunt,
2088 1458 2228 1541 publicis
2249 1457 2407 1523 ecelesiae

396 1547 490 1612 stolis
523 1545 712 1611 adscribunt
743 1545 882 1628 legitur:
924 1545 1142 1626 praecipimus
1175 1551 1214 1608 ut
1245 1546 1279 1608 iu
1313 1566 1374 1609 sua
1426 1545 1612 1627 sumptibus
1645 1544 1790 1622 alantur,
1823 1550 1859 1608 et
1890 1543 2040 1608 nonnulli
2072 1545 2172 1608 etiam
2205 1555 2242 1607 eo
2276 1543 2407 1608 saeculo

393 1640 554 1717 potestate
584 1653 637 1696 res
664 1630 817 1696 ecclcsiae
848 1630 968 1695 habeat
992 1630 1172 1713 episcopus.
1217 1627 1257 1695 si
1284 1631 1373 1695 enim
1426 1631 1624 1715 presbyteri,
1647 1630 1853 1712 patrimoniis
1875 1630 1943 1694 suis
1963 1631 2036 1694 Deo
2059 1629 2265 1706 consecratis,
2287 1629 2407 1694 volun-

396 1720 525 1784 animae
564 1717 735 1781 hominum
773 1717 979 1800 pretiosiores
1019 1715 1070 1780 illi
1108 1716 1251 1781 creditae
1286 1722 1372 1793 sunt,
1427 1716 1505 1780 tarii
1525 1737 1685 1799 pauperes
1707 1716 1784 1780 faeti
1806 1724 1930 1794 essent,
1961 1716 2036 1780 talis
2064 1724 2134 1779 erat
2162 1714 2347 1779 distributio
2370 1723 2409 1779 ut

399 1805 504 1869 multo
529 1804 635 1886 magis
662 1801 755 1868 decet
781 1823 856 1866 eum
886 1822 1001 1867 euram
1023 1800 1063 1865 de
1086 1802 1234 1885 pecuniis
1262 1823 1374 1885 agere:
1428 1824 1488 1867 neo
1515 1802 1677 1866 ministris
1705 1800 1857 1867 deessent
1884 1801 2055 1879 alimenta,
2088 1809 2121 1864 et·
2148 1821 2309 1883 pauperes
2337 1822 2407 1865 non

397 1891 445 1953 ita
467 1899 505 1952 ut
526 1889 595 1952 eius
617 1894 778 1970 potestate
800 1887 912 1952 omnia
928 1889 1127 1971 pauperibus
1145 1886 1377 1971 dispensentur
1428 1887 1682 1972 negligerentur.
1716 1885 1904 1952 Cavcbatur
1921 1895 2032 1952 tamen
2050 1886 2185 1951 interim
2202 1907 2244 1949 ne
2262 1886 2408 1951 ministri

397 1996 457 2058 per
473 1974 681 2057 presbyteros
699 1982 733 2038 et
751 1972 902 2039 diaconos
909 1997 917 2052 ;
941 1979 979 2037 ut
996 1995 1071 2039 oum
1093 1975 1210 2038 timore
1232 1982 1266 2038 et
1287 1974 1376 2039 omni
1428 1975 1505 2056 ipsi,
1541 1974 1597 2055 qui
1628 1973 1825 2055 frugalitatis
1852 1974 2040 2056 exemplum
2068 1971 2146 2036 dare
2174 1971 2247 2035 aliis
2276 1971 2407 2050 debent,

398 2059 617 2125 sollicitudine
639 2059 878 2124 ministrentur.
922 2060 969 2123 Et
989 2060 1026 2123 in
1047 2060 1182 2125 coneilio
1211 2059 1376 2125 antioche·
1429 2067 1559 2124 tantum
1586 2059 1748 2124 baberent
1775 2057 1862 2122 uude
1891 2058 1933 2123 ad
1952 2057 2070 2123 luxum
2091 2062 2149 2122 aut
2171 2057 2304 2122 delicias
2326 2059 2408 2123 abu-

367 2147 372 2156 “
395 2167 438 2210 no
453 2144 478 2229 ¹)
501 2144 667 2209 decretum
690 2151 740 2209 est
761 2152 799 2208 ut
820 2153 1032 2211 coerceantur
1053 2146 1204 2229 episcopi,
1229 2146 1377 2228 quisine
1429 2153 1591 2222 terentur,
1620 2145 1676 2209 sed
1705 2144 1868 2208 duntaxat
1895 2165 1960 2226 quo
1982 2166 2078 2209 suam
2099 2145 2244 2226 inopiam
2267 2145 2408 2208 sustine·

395 2231 662 2314 presbyterorum
686 2239 720 2295 et
741 2229 954 2296 diaconorum
979 2231 1178 2297 conscientia
1199 2253 1252 2296 res
1275 2231 1376 2297 eoole-
1429 2238 1514 2295 rent.
1559 2229 1627 2311 Qui
1648 2231 1736 2294 enim
1757 2230 1850 2295 bonis
1873 2237 2049 2313 parentum
2070 2230 2248 2295 sustentari
2270 2237 2409 2312 possunt

395 2318 462 2382 siae
484 2322 696 2399 pertractant.
736 2313 805 2382 Sed
826 2315 867 2380 de
888 2337 926 2381 eo
948 2337 1016 2380 nou
1038 2326 1089 2381 est
1112 2317 1241 2400 longius
1264 2315 1376 2400 dispu-
1429 2316 1546 2393 cleriei,
1570 2318 1677 2399 iuquit
1698 2315 1933 2398 Hieronymus,
1947 2315 1972 2398 ¹)
1996 2315 2023 2380 si
2046 2315 2133 2397 quod
2154 2336 2336 2397 pauperum
2357 2323 2409 2380 est

394 2402 543 2480 tandum,
563 2422 664 2484 quum
683 2423 723 2465 ex
742 2401 892 2484 plurimis
904 2401 1058 2485 Gregorii
1076 2403 1221 2484 epistolis
1239 2409 1374 2480 constet,
1430 2404 1602 2486 accipiunt,
1626 2401 1834 2484 sacrilegium
1851 2401 2070 2479 oommittunt,
2089 2410 2122 2464 et
2139 2422 2198 2483 per
2216 2402 2410 2466 abusionem

395 2488 451 2551 illo
474 2507 601 2569 quoque
619 2494 774 2569 tempore,
797 2508 860 2571 quo
882 2488 962 2553 alias
984 2489 1222 2554 ecclesiastieae
1244 2487 1375 2552 ordina·
1429 2488 1587 2554 eiusmodi
1609 2487 1768 2552 iudicium
1790 2487 1852 2551 sibi
1874 2486 2076 2552 manducant
2097 2498 2131 2550 et
2152 2485 2277 2550 bibimt.

396 2574 503 2637 tiones
529 2571 670 2636 multum
692 2572 826 2637 vitiatae
847 2581 957 2650 erant,
981 2574 1066 2639 hano
1088 2584 1200 2638 tamen
1221 2574 1375 2640 observa·
1515 2579 1544 2638 7.
1572 2573 1756 2655 ‚Principio
1784 2572 1889 2638 libera
1916 2581 1950 2636 et
1977 2572 2163 2638 voluntaria
2184 2572 2246 2636 fuit
2267 2572 2410 2636 admini-

396 2658 522 2721 tionem
545 2657 693 2735 durasse,
725 2667 763 2722 ut
789 2656 917 2723 diaconi
939 2657 1001 2724 sub
1022 2660 1170 2743 episeopo
1193 2680 1375 2743 pauperum
1427 2661 1558 2737 stratio,
1588 2681 1690 2742 quum
1712 2667 1827 2741 sponte
1849 2658 1963 2723 fideles
1985 2665 2095 2723 essent
2115 2657 2256 2740 episcopi
2279 2678 2316 2724 ao
2339 2658 2409 2722 dia·

397 2750 508 2808 essent
529 2745 703 2808 oeconomi.
738 2743 993 2827 Hypodiaoonos
1010 2745 1190 2811 verisimile
1208 2755 1259 2811 est
1275 2747 1374 2811 tiiisse
1427 2748 1516 2824 coni,
1547 2752 1582 2809 et
1609 2744 1828 2810 eonscientiae
1850 2744 2023 2828 integritas
2045 2744 2196 2826 vitaeque
2218 2743 2410 2810 innocentia

396 2828 490 2892 initio
513 2828 657 2894 diaconis
680 2828 862 2907 attributos,
886 2837 924 2894 ut
941 2852 1055 2895 eorum
1073 2852 1172 2914 opera
1189 2833 1276 2897 eirea
1293 2852 1375 2914 pau,-
1426 2852 1485 2915 pro
1507 2831 1635 2914 legibus
1658 2832 1752 2894 soret.
1783 2829 1922 2907 Deinde,
1946 2850 2047 2911 quum
2065 2851 2106 2895 ex
2124 2829 2328 2912 quorundam
2351 2852 2409 2895 cu-

395 2936 491 2997 peres
513 2920 701 2994 uterentur;
728 2914 786 2980 sed
811 2914 895 2980 illud
916 2914 1092 2982 discrimen
1114 2917 1275 3000 paulatim
1297 2939 1374 2983 eon·
1426 2917 1561 3000 piditate
1577 2917 1631 2981 vel
1645 2917 1757 2999 pravis
1775 2915 1892 2980 studiis
1908 2923 2124 2982 nascerentur
2140 2915 2227 2980 mula
2244 2915 2407 2997 exempla,

292 3040 305 3047 s
397 3000 507 3079 fiisum
527 3001 599 3063 fuit.
644 2996 883 3066 Amhiffiaooni‘
899 3009 1009 3067 autem
1032 3004 1136 3068 creari
1158 3013 1238 3068 tune
1260 3025 1374 3086 coepe·
1426 3003 1570 3068 adhaec
1591 3003 1674 3067 vitia
1695 3001 1888 3085 corrigenda
1910 3001 2080 3083 compositi
2091 3007 2167 3066 sunt
2187 3021 2335 3077 canones,
2348 3001 2408 3082 qui

397 3092 483 3165 runt,
503 3107 605 3167 quum
626 3086 808 3168 amplitudo
829 3086 1023 3152 facultatum
1038 3110 1159 3154 novam
1181 3097 1215 3154 et
1232 3090 1374 3156 exactio·
1424 3088 1579 3155 eoolesiae
1601 3086 1727 3152 reditus
1747 3089 2052 3170 inquatuorpartes
2063 3086 2253 3163 divisemt,
2265 3106 2409 3168 quarum

397 3192 468 3235 rem
496 3169 747 3237 administrandi
775 3173 936 3238 rationem
962 3174 1158 3256 postularet;
1186 3196 1374 3259 quanquam
1425 3196 1526 3240 unum
1537 3174 1749 3258 assignarunt
1759 3172 1894 3250 clericis,
1907 3173 2044 3237 alteram
2056 3171 2262 3256 pauperibus,
2274 3172 2408 3235 tertiam

396 3256 621 3341 Hieronymus
632 3256 662 3341 ²)
689 3257 757 3322 iam
784 3265 891 3324 aetate
918 3280 979 3323 sua
1005 3260 1106 3325 fuisse
1132 3269 1373 3327 commemorat.
1426 3262 1529 3328 saeris
1540 3258 1674 3337 aedibus
1695 3266 1729 3324 et
1756 3258 1828 3324 aliis
1855 3258 2009 3323 aedificiis
2029 3259 2127 3323 sartis
2150 3258 2243 3323 tectis
2266 3257 2407 3336 tuendis,
2464 3338 2468 3345 ⁸

398 3343 483 3407 Erat
505 3349 616 3407 autem
637 3364 737 3428 penes
758 3363 814 3408 eos
835 3365 965 3409 summa
990 3344 1172 3423 redituum,
1199 3347 1375 3430 possessio·
1426 3343 1888 3429 quartamverotomadvenis
1910 3365 2005 3426 quam
2026 3344 2184 3427 indigenis
2200 3343 2406 3426 pauperibus.

398 3449 489 3506 num,
508 3428 728 3510 supellectilis,
747 3436 781 3494 et
797 3429 1063 3512 quotidianarum
1080 3430 1283 3497 oblationum
1299 3454 1375 3517 pro-
1427 3433 1514 3498 Nam
1536 3431 1623 3515 quod
1642 3431 1728 3496 hano
1749 3437 1949 3513 postremum
1970 3430 2119 3512 episcopo
2142 3428 2329 3494 attribuunt
2349 3429 2406 3493 alii

399 3515 532 3580 ouratio.
566 3515 664 3581 Unde
686 3514 868 3598 Gregorius
881 3514 910 3599 8)
933 3513 1136 3581 Salonitano
1149 3518 1376 3584 archidiacono
1428 3539 1578 3596 oenones,
1601 3518 1636 3582 id
1652 3515 1737 3582 nihil
1754 3517 1860 3581 variat
1882 3515 1923 3581 ab
1945 3537 1985 3581 ea
2005 3537 2105 3598 quam
2127 3514 2196 3580 dixi
2217 3515 2404 3599 partitione.

399 3599 581 3680 denuntiat,
605 3609 701 3667 reatu
722 3602 936 3667 constrictum
959 3603 1066 3667 teneri
1087 3603 1211 3686 ipsum,
1242 3605 1270 3669 si
1297 3604 1376 3687 quid
1428 3605 1542 3687 Neque
1564 3604 1653 3668 enim
1674 3603 1840 3686 propriam
1858 3601 1929 3667 eius
1947 3623 2017 3667 esse
2035 3600 2158 3678 volunt,
2182 3609 2220 3664 ut
2241 3601 2296 3666 vel
2317 3601 2406 3666 solus

399 3707 440 3750 ex
462 3685 555 3752 bonis
578 3688 731 3760 eooloeiae
752 3688 807 3752 vol
827 3686 1042 3771 negligentia,
1066 3690 1118 3755 vel
1140 3689 1239 3755 ullius
1261 3689 1376 3755 fraude
1429 3692 1498 3773 ipso
1519 3690 1719 3773 ingurgitet,
1749 3687 1802 3754 vel
1823 3708 1888 3770 quo
1910 3687 2044 3752 libuerit
2064 3686 2254 3769 profundat,
2284 3685 2342 3751 sed
2368 3694 2407 3752 ut

399 3770 582 3852 deperierit
618 3771 715 3853 Quod
733 3780 844 3838 autem
862 3773 1024 3857 evangelii
1043 3772 1085 3840 ad
1101 3775 1260 3858 populum
1280 3775 1377 3842 lectio
1429 3775 1661 3859 hospitalitati,
1693 3795 1792 3858 quam
1826 3772 1867 3838 ab
1900 3772 2014 3838 ordine
2045 3773 2101 3837 illo
2133 3772 2259 3837 Paulus
2292 3774 2405 3856 exigit,

397 3854 464 3918 illis
482 3855 630 3937 dabatur,
648 3865 681 3922 et
697 3859 881 3924 exhortatio
900 3859 942 3923 ad
957 3859 1160 3944 precandum
1167 3883 1175 3941 ;
1193 3861 1279 3944 quod
1297 3861 1377 3926 item
1417 3861 1578 3927 sufficiat.
1612 3862 1723 3944 Atque
1744 3861 1791 3924 ita
1812 3858 2072 3942 interpretantur
2090 3858 2242 3923 Gelasius
2264 3867 2297 3922 et
2319 3859 2406 3925 Gre-

400 3938 442 4003 ad
463 3942 697 4025 porrigendum
719 3945 754 4008 in
775 3965 868 4011 saera
891 3965 991 4011 coena
1018 3946 1153 4013 calicem
1178 3946 1377 4013 adhibeban-
1429 3949 1549 4033 gorius.
1563 3946 1592 4031 ²)
1636 3947 1711 4012 Non
1735 3945 1825 4011 onim
1847 3945 1945 4010 aliam
1966 3946 2128 4010 rationem
2150 3943 2283 4009 adducit
2304 3944 2406 4010 Gela·

400 4031 470 4104 tur,
499 4026 534 4090 id
561 4029 708 4093 muneris
734 4028 872 4094 ornandi
901 4050 1000 4096 eausa
1026 4031 1139 4112 fiebat,
1169 4055 1233 4116 quo
1260 4035 1377 4098 maiori
1429 4035 1496 4100 sius
1518 4054 1576 4099 eur
1598 4034 1661 4099 sibi
1681 4030 1859 4116 quidquam
1885 4032 2055 4115 episcopus
2082 4030 2247 4106 vendicet,
2277 4031 2342 4094 nisi
2369 4037 2408 4095 ut

398 4110 557 4195 religione
577 4114 688 4196 ipsum
704 4115 840 4194 obirent,
864 4137 965 4198 quum
983 4116 1237 4184 admonerentur
1253 4119 1376 4186 talibus
1429 4120 1565 4202 captivis
1598 4126 1632 4184 et
1663 4117 1846 4202 peregrinis
1885 4116 2001 4201 largiri
2039 4126 2144 4200 queat
2199 4116 2246 4179 Et
2284 4116 2407 4181 elarius

398 4197 555 4280 symbolis
584 4219 651 4264 non
679 4221 750 4265 esse
778 4201 949 4284 protanam
977 4202 1121 4286 aliquam
1142 4205 1375 4270 villicationem
1428 4205 1609 4288 etiamnum
1628 4205 1772 4288 loquitur
1789 4203 1981 4287 Gregorius.
2014 4203 2089 4268 Mos
2107 4211 2165 4280 est,
2188 4202 2303 4284 iuquit,
2327 4222 2407 4283 apo7

398 4303 497 4364 quam
530 4289 701 4368 gererent,
735 4286 792 4351 sed
825 4287 1030 4369 spiritualem
1062 4297 1096 4353 et
1128 4289 1201 4355 Deo
1234 4290 1376 4357 dicatam
1428 4289 1559 4356 stolioae
1581 4291 1682 4370 sedis,
1709 4289 1860 4354 ordinato
1879 4290 2029 4371 episeopo
2050 4298 2223 4371 praecepta
2244 4286 2336 4359 dare,
2367 4294 2408 4351 ut

396 4367 606 4436 fimetionem.
1429 4376 1468 4441 de
1491 4378 1580 4441 omni
1602 4375 1764 4459 stipendio
1786 4374 1872 4456 quod
1892 4375 2044 4456 provenit
2064 4379 2204 4455 quatuor
2224 4372 2306 4433 fiant
2327 4392 2407 4452 por-

484 4459 512 4519 6.
557 4456 648 4523 Hinc
682 4457 782 4522 etiam
813 4456 957 4524 iudicare
988 4458 1078 4539 lieet,
1106 4460 1179 4543 quis
1216 4460 1375 4527 bonorum
1428 4463 1547 4528 tiones:
1572 4484 1639 4528 una
1656 4462 1809 4527 videlieet
1827 4461 1976 4543 episeopo
1994 4467 2027 4524 et
2044 4457 2184 4522 familiae
2203 4457 2280 4532 eius,
2304 4478 2405 4540 prop-

398 4540 691 4607 eeolesiastioorum
721 4565 800 4609 usus
826 4544 940 4622 fuerit,
969 4554 1003 4607 et
1030 4546 1136 4628 qualis
1164 4545 1373 4630 dispensatio.
1428 4556 1479 4612 ter
1499 4548 1755 4631 hospitalitatem
1778 4555 1874 4629 atque
1896 4544 2150 4626 susceptionem;
2173 4541 2278 4605 altera
2300 4543 2403 4622 olero;

396 4625 526 4691 Passim
547 4635 619 4693 tum
640 4629 676 4692 in
698 4628 900 4713 synodorum
922 4630 1073 4708 decretis,
1102 4638 1174 4696 tiim
1202 4632 1287 4716 apud
1317 4655 1374 4699 ve-
1427 4634 1524 4698 tertia
1544 4633 1755 4717 pauperibus3
1778 4638 1894 4715 quarta
1915 4626 2275 4712 reparandiseoolesiis.
2309 4628 2405 4693 Nihil

395 4717 501 4776 tustos
518 4715 693 4796 scriptores
715 4717 868 4799 reperias,
892 4715 1050 4799 quidquid
1071 4717 1217 4801 possidet
1238 4718 1374 4785 ecelesia
1426 4741 1504 4803 ergo
1525 4720 1674 4802 episcopo
1690 4719 1727 4782 in
1745 4738 1844 4783 suum
1860 4735 1958 4781 usum
1974 4733 2090 4796 capere
2106 4712 2207 4792 licuit,
2230 4714 2294 4778 nisi
2316 4714 2402 4796 quod

393 4795 446 4860 vel
469 4797 504 4860 in
525 4799 643 4880 fundis,
666 4801 719 4866 vel
741 4802 778 4864 in
798 4801 950 4885 pecunia,
973 4823 1155 4885 pauperum
1177 4825 1248 4870 esse
1270 4805 1373 4887 patri-
1425 4804 1467 4868 ad
1484 4804 1690 4869 moderatum
1706 4803 1932 4887 frugalemque
1950 4800 2130 4865 victumae
2147 4801 2303 4868 vestitum
2322 4801 2401 4865 satis

393 4882 549 4976 monium.
594 4884 710 4968 Itaque
737 4886 874 4952 subinde
901 4886 970 4952 illic
997 4887 1079 4954 haee
1101 4890 1264 4954 cantilena
1286 4891 1371 4973 epis·
1424 4896 1517 4954 esset.
1563 4888 1662 4969 Quod
1682 4889 1710 4952 si
1732 4890 1804 4971 quis
1825 4886 2020 4951 insolescere
2042 4885 2208 4967 coepisset,
2231 4886 2285 4950 vel
2307 4886 2399 4965 luxu,

336 4995 340 5015 ι
394 4982 483 5047 copis
497 5050 502 5061 Ι
516 4975 549 5029 et
582 4969 724 5036 diaconis
753 4973 898 5051 canitur,
932 4980 971 5036 ut
998 4975 1209 5039 meminerint
1237 4997 1272 5041 se
1303 4998 1370 5041 non
1422 4975 1476 5042 vel
1497 4975 1712 5040 ostentatione
1734 4993 1772 5038 ae
1793 4992 1927 5055 pompa,
1955 4970 2070 5036 statim
2092 4993 2112 5035 a
2133 4971 2266 5053 eollegis
2294 4972 2400 5053 repri-

392 5068 542 5130 proprias
570 5072 660 5134 opes,
690 5056 747 5120 sed
774 5078 958 5140 pauperum
980 5062 1167 5126 necessitati
1188 5059 1369 5127 destinatas
1422 5058 1588 5139 mebatur;
1610 5060 1674 5125 nisi
1694 5059 1867 5143 paruisset,
1889 5057 2014 5123 honore
2036 5056 2256 5123 abdicabatur.

392 5140 581 5236 athoetam3
604 5159 685 5220 quas
703 5142 730 5204 si
752 5143 840 5207 mala
860 5143 924 5209 fide
946 5147 1152 5227 supprimant
1173 5154 1231 5210 aut
1253 5146 1368 5230 dilapi-
1507 5148 1535 5209 8.
1581 5147 1701 5227 Porro,
1724 5144 1811 5229 quod
1831 5145 1867 5208 in
1889 5151 2043 5209 ornatum
2064 5164 2231 5209 sacrorum
2252 5143 2398 5208 eonfere-

392 5218 480 5300 dent,
505 5242 553 5287 rei
576 5225 746 5309 sanguinis
772 5229 875 5292 futuri
901 5230 976 5293 sint.
1022 5232 1120 5296 Unde
1147 5230 1368 5297 admonentur
1419 5230 1513 5312 bant,
1541 5252 1701 5316 perquam
1728 5231 1887 5316 exiguum
1909 5231 2014 5313 primo
2036 5237 2120 5308 erat;
2143 5226 2268 5307 deinde,
2297 5250 2398 5312 quum

390 5327 468 5372 oum
496 5329 623 5374 summo
650 5318 792 5377 tremore
821 5320 854 5377 et
880 5318 1079 5396 reverentia,
1109 5317 1261 5382 velutin
1289 5338 1366 5383 oon·
1418 5317 1516 5403 paulo
1544 5317 1642 5384 ditior
1668 5317 1806 5395 ecelesia
1820 5318 1920 5405 ‘heta
1945 5321 2045 5394 esset,
2079 5322 2255 5382 servarunt
2287 5321 2398 5380 tamen

386 5597 629 5714 us1)⁰⁸¹’'³⁵'
699 5600 729 5669 2)
747 5601 835 5670 Epist
854 5603 889 5655 od
906 5603 1096 5674 Nepotianum.
1166 5608 1196 5678 e)
1214 5610 1302 5680 aput.
1322 5609 1362 5664 10.
1487 5610 1516 5678 1)
1533 5613 1662 5665 aeream
1679 5607 1842 5677 tanqua
1861 5608 1987 5661 curuos.
2059 5605 2090 5673 a)
2108 5605 2153 5659 oa
2165 5603 2295 5673 reque.
2313 5604 2396 5657 ras

429 5681 451 5715 Γ·
470 5668 493 5717 Ῑ·
1417 5679 1513 5732 sulum.
1549 5680 1654 5733 0212.
1674 5677 1910 5747 quamosest.
