5600 6809
432 786 496 850 979
1073 776 1341 844 murmuro
1361 777 1469 844 RDL.
1492 775 1673 844 omar.
1698 780 1791 841 1559.
2375 775 2445 838 980

436 965 616 1053 scripturae
643 968 947 1051 interpretationem
981 967 1023 1032 ad
1058 967 1300 1050 proportionem
1332 963 1410 1030 fidei
1462 974 1558 1045 11111,
1577 965 1663 1048 quod
1681 964 1874 1031 exsecrabili
1883 963 2087 1047 blasphemia
2104 986 2169 1028 non
2182 971 2286 1028 vacat
2314 961 2446 1044 Quam·

436 1059 567 1140 exigere
588 1054 871 1137 1111111111111.
894 1057 942 1133 12,
962 1053 1096 1136 3116).
1138 1053 1186 1117 Et
1206 1072 1285 1118 sane
1306 1068 1410 1135 paens
1441 1053 1574 1116 ·obrcm
1596 1057 1630 1114 et
1650 1051 1850 1116 Iudaeorum
1867 1049 1976 1129 liberi,
1999 1047 2086 1133 quod
2108 1051 2177 1115 eius
2198 1049 2339 1115 foederis
2361 1050 2445 1114 hae·

435 1163 470 1208 11
487 1139 685 1226 palpandam
705 1140 767 1205 hae
783 1141 821 1205 in
837 1148 930 1223 parte
947 1139 1069 1206 veritas
1087 1138 1229 1222 praebet.
1267 1138 1411 1203 Perinde
1463 1137 1557 1203 redes
1584 1137 1663 1202 facti
1693 1137 1733 1201 ab
1759 1137 1937 1219 impiorum
1955 1136 2066 1201 liberis
2088 1135 2366 1214 discernerentur,
2391 1157 2446 1201 se-

434 1228 582 1294 animae
605 1227 822 1304 circumcisio,
850 1227 928 1308 quia
948 1232 1073 1291 tessera
1095 1221 1228 1289 ludaeis
1249 1224 1411 1306 quaedam
1464 1245 1539 1288 men
1562 1230 1713 1288 sanctum
1734 1224 1952 1300 vocabantur3
1975 1221 2089 1286 eadem
2110 1222 2293 1286 etiamnum
2313 1223 2447 1286 ratione

434 1322 506 1380 erat
527 1334 592 1395 qua
613 1333 649 1377 se
675 1313 711 1376 in
740 1312 897 1394 populum
921 1311 1143 1391 familiamque
1170 1310 1236 1375 Dei
1262 1309 1413 1392 adoptari
1464 1311 1568 1375 saneti
1601 1315 1777 1374 censentur
1807 1307 2072 1373 Christianorum
2103 1307 2212 1384 liberi,
2251 1307 2304 1373 111
2336 1309 2447 1372 111111

433 1399 558 1465 fiebant
585 1398 754 1474 certiores,
786 1417 825 1461 ac
852 1396 914 1480 ipsi
943 1398 1043 1461 etiam
1064 1396 1209 1461 vicissim
1234 1416 1412 1460 11111111
1465 1396 1627 1461 duntaxat
1654 1393 1742 1459 fideli
1775 1401 1911 1477 parente
1941 1394 2058 1478 geniti:
2088 1400 2122 1458 et
2148 1393 2280 1475 apostoli
2306 1392 2339 1476 (1
2359 1393 2445 1458 Cor.

434 1484 507 1551 Deo
534 1484 621 1548 dare¹
640 1481 890 1566 profitebantur,
917 1483 1044 1565 primus
1072 1481 1138 1546 illis
1160 1490 1231 1546 erat
1251 1483 1287 1546 in
1309 1480 1413 1547 eccle·
1466 1480 1572 1565 114)
1600 1481 1786 1546 testimonio
1813 1481 1963 1561 differunt
1990 1481 2030 1545 ab
2057 1479 2226 1543 immundo
2254 1478 2446 1547 idololatra·

435 1571 518 1636 siam
546 1571 730 1652 ingressus,
759 1589 847 1633 nunc
874 1589 1005 1651 quoqne
1033 1589 1092 1650 per
1119 1568 1318 1651 baptismum
1339 1568 1413 1631 Deo
1465 1588 1541 1631 rum
1563 1569 1696 1632 semine.
1730 1566 1803 1630 Iam
1824 1587 1927 1649 quum
1948 1566 2121 1644 Dominus,
2145 1565 2258 1630 statim
2279 1573 2354 1648 post
2375 1566 2446 1629 foe·
2493 1579 2495 1588 ·

434 1657 618 1734 initiamur,
647 1661 685 1719 ut
706 1654 775 1718 eius
795 1654 916 1736 populo
938 1653 1176 1732 adscribamur,
1200 1660 1234 1719 11
1254 1654 1317 1737 ipsi
1338 1673 1412 1716 mu·
1466 1652 1527 1718 dus
1548 1673 1623 1716 eum
1639 1652 1830 1718 Abrahamo
1851 1673 2052 1734 percussum,
2075 1652 2184 1734 ipsum
2206 1652 2241 1715 in
2262 1650 2447 1716 infantibus

434 1749 492 1807 tuo
513 1743 547 1805 in
570 1741 639 1804 eius
666 1760 786 1803 nomen
812 1740 966 1805 iuremus.
1011 1738 1086 1819 Quo
1108 1746 1203 1804 extra
1225 1746 1412 1804 controver-
1466 1739 1650 1822 consignari
1677 1737 1831 1803 exteriori
1864 1745 2068 1803 sacramento
2107 1738 2309 1820 praeceperit
2341 1736 2445 1821 (Cen.

436 1828 519 1893 siam
548 1831 697 1908 apparet,
731 1825 929 1907 baptismum
960 1827 995 1889 in
1023 1825 1276 1890 circumcisionis
1305 1824 1413 1890 locum
1470 1830 1517 1903 17,
1541 1823 1604 1906 12),
1628 1824 1707 1906 quid
1728 1844 1845 1888 causae
1864 1823 1973 1887 dicent
1992 1821 2172 1888 Christiani
2192 1824 2366 1905 quominus
2385 1823 2447 1886 bo-

436 1913 582 1990 subiisse,
605 1915 640 1975 11
661 1910 784 1975 11111111
806 1912 894 1992 apud
915 1931 972 1975 noe
988 1916 1099 1992 portes
1121 1910 1214 1975 obeat
1467 1911 1584 1993 dieque
1606 1911 1716 1992 ipsum
1745 1911 1973 1987 testificentur,
1998 1915 2095 1990 atque
2118 1908 2293 1992 obsignant
2315 1909 2352 1972 in
2374 1910 2446 1973 suis

523 2002 551 2060 5.
601 1997 673 2060 Iam
699 1997 727 2061 si
748 1998 912 2080 vestigare
941 1997 1049 2078 placet
1070 2016 1113 2060 an
1141 1997 1211 2060 iure
1233 1996 1413 2060 infantibus
1465 1996 1597 2061 liberis?
1647 1996 1763 2078 Neque
1790 1994 1873 2058 mihi
1906 1994 2037 2061 obiiciat
2069 1996 2246 2076 quispiam,
2279 2014 2347 2058 non
2380 1995 2446 2059 alio

435 2083 598 2166 baptisma
618 2083 884 2160 communicetur,
906 2102 1018 2146 nonne
1039 2082 1179 2146 nimium
1201 2082 1296 2146 illum
1319 2082 1412 2164 inep-
1466 2103 1565 2165 quam
1587 2081 1842 2148 circumcisionis
1863 2080 2021 2163 symbolo,
2045 2080 2131 2162 quod
2152 2078 2347 2163 iampridem
2367 2080 2446 2145 abo-

435 2170 511 2246 tire,
534 2169 601 2231 imo
630 2167 770 2232 delirare
800 2166 963 2246 dicemus,
993 2168 1048 2250 qui
1073 2169 1108 2232 in
1127 2167 1287 2232 elemento
1310 2188 1414 2250 oquae
1466 2169 1563 2234 litum
1585 2175 1649 2247 est,
1677 2168 1859 2232 Dominum
1880 2166 2086 2249 praecepisse
2112 2166 2224 2231 foedus
2247 2188 2344 2231 suum
2366 2188 2446 2231 con-

436 2253 598 2318 duntaxat
626 2260 659 2317 11
692 2260 830 2317 externa
862 2253 1090 2318 observatione
1122 2253 1292 2318 immorari
1322 2253 1413 2330 11111,
1467 2254 1601 2318 firmari.
1657 2251 1870 2336 Respondete
1904 2255 1992 2316 enim
2025 2260 2214 2334 promptum
2247 2259 2298 2316 est
2329 2253 2446 2333 iprum,

436 2339 478 2404 ad
511 2339 681 2421 spirituale
715 2359 793 2403 vero
828 2340 1025 2421 mysterium
1059 2345 1205 2403 mentem
1243 2339 1415 2404 advertere
1467 2361 1528 2422 pro
1550 2341 1670 2404 veteris
1691 2339 1879 2403 testamenti
1900 2346 2061 2420 tempore,
2091 2336 2372 2404 circumcisionem
2393 2339 2447 2402 in-

434 2447 501 2491 non
527 2423 708 2490 sustineat?
761 2421 917 2488 Cuiussi
940 2444 1004 2507 qua
1032 2423 1193 2489 habeatur
1213 2426 1314 2501 ratio,
1338 2446 1415 2490 con·
1468 2425 1613 2490 stituisse
1633 2421 1859 2490 ‘confirmando
1883 2445 1942 2488 suo
1963 2424 2100 2502 foederi3
2123 2445 2162 2488 ea
2179 2445 2257 2489 vero
2275 2425 2446 2506 abrogata,

436 2512 536 2577 stabit
562 2509 677 2593 procul
704 2509 803 2574 dubio
836 2510 1017 2576 infantibus
1043 2511 1161 2575 merito
1190 2509 1415 2575 administrari
1467 2532 1600 2575 manere
1628 2518 1739 2575 tamen
1765 2531 1895 2592 semper
1928 2509 2065 2574 candem
2099 2509 2315 2575 confirmandi
2344 2510 2447 2573 ratio-

436 2597 650 2679 baptismum,
678 2602 715 2659 ut
742 2595 798 2677 qui
828 2596 893 2659 illis
923 2595 1086 2661 debeatur.
1131 2596 1208 2661 Non
1236 2597 1324 2660 enim
1345 2596 1415 2661 Do·
1468 2619 1542 2661 nem
1566 2618 1664 2679 quam
1685 2617 1761 2661 oum
1781 2595 1912 2661 Iudaeis
1933 2616 2139 2660 communem
2161 2595 2328 2660 habemus.
2361 2596 2447 2660 Pro-

437 2683 549 2745 minus
571 2681 650 2744 11111
672 2681 918 2760 circumcisione
940 2681 1094 2766 dignatus
1117 2689 1174 2760 111,
1198 2683 1280 2765 quin
1302 2703 1415 2746 eorum
1467 2681 1543 2747 inde
1566 2682 1741 2765 diligenter
1758 2689 1917 2764 perpetuo
1938 2682 2060 2746 intueri
2078 2682 2232 2746 convenit
2249 2680 2327 2764 quid
2347 2682 2447 2745 utris-

437 2768 586 2831 omnium
608 2766 784 2850 participes
805 2766 928 2853 faceret
949 2788 1032 2849 quae
1053 2789 1112 2851 per
1134 2769 1415 2833 circumcisionem
1468 2789 1530 2851 que
1561 2769 1605 2832 sit
1626 2788 1814 2845 commune,
1841 2768 1920 2851 quid
1942 2768 1989 2831 illi
2018 2776 2204 2850 separatum
2228 2789 2248 2832 a
2269 2767 2362 2831 nobis
2384 2767 2448 2831 ha·

438 2853 566 2935 signato
592 2857 663 2916 teme
688 2852 824 2932 feceruut.
867 2853 1001 2935 Alioqui
1023 2855 1122 2919 meris
1150 2855 1337 2938 praestigiis
1363 2853 1414 2917 lu·
1467 2855 1583 2920 beant..
1619 2853 1751 2918 Foedus
1779 2874 1952 2918 commune
1979 2862 2042 2931 est,
2071 2853 2252 2919 eommunis
2274 2853 2343 2917 eius
2365 2875 2448 2917 con-

438 2938 588 3003 dificatus
618 2947 704 3003 11111
724 2937 883 3020 populum
904 2960 1018 3018 suum,
1044 2941 1072 3002 si
1093 2938 1263 3005 fallacibus
1285 2941 1415 3025 symbo-
1467 2939 1622 3004 firmandi
1650 2961 1758 3005 causa.
1803 2939 1925 3005 Modus
1948 2938 2162 3004 confirmandi
2185 2946 2311 3003 tantum
2332 2938 2453 3017 diver-¹

437 3024 478 3089 lis
500 3044 555 3087 eos
582 3023 749 3102 lactasset,
781 3024 867 3106 quod
894 3025 963 3089 solo
985 3025 1100 3089 auditu
1130 3026 1331 3090 horrendum
1354 3034 1413 3089 est.
1469 3047 1526 3090 sus
1549 3033 1612 3100 est,
1640 3026 1727 3108 quod
1749 3029 1820 3090 e‘rat
1841 3026 1907 3090 illis
1929 3025 2146 3100 circumcisio,
2170 3026 2204 3089 in
2223 3026 2313 3088 euius
2335 3025 2448 3090 vicem

436 3110 569 3174 Diserte
596 3129 736 3190 namque
765 3111 971 3193 pronuntiat,
1001 3112 1279 3177 circumcisionem
1307 3111 1415 3175 infan-
1467 3112 1651 3195 baptismus
1681 3113 1774 3177 nobis
1797 3111 1960 3178 successit.
2004 3111 2137 3193 Alioqui
2160 3112 2187 3175 si
2209 3110 2447 3187 testimonium,

436 3194 497 3259 tuli
529 3194 598 3259 loeo
631 3195 732 3278 sigilli
759 3198 907 3260 futuram
936 3197 977 3261 ad
1006 3196 1243 3280 obsignandam
1276 3195 1416 3262 foederis
1469 3219 1532 3280 quo
1554 3197 1667 3261 Iudaei
1690 3196 1730 3262 de
1753 3199 1886 3262 seminis
1908 3198 1959 3262 sui
1977 3197 2082 3262 salute
2099 3196 2282 3261 confirmati
2299 3196 2447 3272 fuerunt,

352 3349 364 3365 Ἢ
436 3280 695 3363 promissionem.
753 3280 851 3362 Quod
883 3283 910 3345 11
942 3282 1055 3348 foedus
1088 3286 1220 3347 firmum
1247 3291 1280 3347 et
1311 3285 1417 3348 fixum
1469 3283 1563 3349 nobis
1595 3283 1749 3367 eripitur,
1784 3283 1908 3349 Christi
1941 3283 2087 3347 adventu
2119 3283 2241 3347 factum
2274 3282 2374 3345 tuerit
2407 3289 2448 3344 ut
2506 3313 2508 3315 >

436 3373 558 3444 manet,
584 3365 848 3432 Christianorum
869 3367 981 3433 liberis
999 3389 1068 3433 non
1085 3370 1195 3434 minus
1213 3369 1310 3434 hodie
1328 3389 1416 3433 eom·
1469 3369 1635 3434 obscurior
1672 3376 1706 3433 et
1742 3371 1851 3434 minus
1888 3375 2007 3435 testata
2045 3368 2088 3432 111
2119 3368 2213 3433 nobis
2243 3367 2308 3432 Dei
2338 3368 2448 3451 gratia

436 3453 533 3536 petit,
559 3472 656 3533 quam
683 3453 744 3518 sub
777 3455 881 3519 veteri
914 3461 1110 3519 testamento
1144 3455 1186 3519 ad
1220 3454 1416 3520 Iudaeorum
1469 3477 1568 3539 quam
1590 3462 1667 3520 ante
1688 3455 1819 3520 Iudaeis
1841 3462 1919 3520 erat
1953 3454 1995 3518 Id
2016 3455 2044 3519 si
2066 3453 2130 3519 dici
2151 3475 2217 3518 non
2236 3460 2345 3536 potest
2364 3453 2449 3518 eitra

441 3538 583 3603 infantes
605 3537 780 3620 spectabat.
825 3539 929 3621 Atqui
951 3540 1050 3605 sirei
1072 3543 1219 3640 signatae
1242 3549 1417 3623 suntpar·
1469 3548 1652 3606 extremam
1679 3540 1805 3605 Christi
1833 3540 2079 3616 contumeliam,
2107 3560 2166 3622 per
2194 3560 2292 3622 quem
2314 3539 2448 3604 infinita

437 3623 566 3706 ticipes,
595 3644 654 3689 cur
676 3646 696 3689 a
718 3625 811 3708 signo
834 3626 1055 3691 arcebuntur?
1087 3629 1310 3692 111111111111
1333 3625 1417 3690 obti·
1469 3628 1573 3711 patris
1598 3626 1728 3692 bonitas
1756 3626 1955 3692 luculentius
1983 3647 2020 3690 ae
2045 3625 2220 3710 benignius
2250 3646 2350 3707 quam
2382 3647 2447 3689 un·

439 3717 529 3786 nent,
552 3731 611 3774 cur
633 3731 653 3774 a
673 3712 780 3794 figura
801 3710 1028 3793 depellentur?
1062 3710 1262 3795 Quanquam
1284 3713 1418 3796 signnm
1469 3734 1570 3795 quam
1591 3713 1628 3776 in
1650 3719 1755 3777 terras
1777 3713 1882 3777 effusa
1903 3713 1981 3789 fuit,
2005 3719 2038 3788 et
2058 3711 2248 3775 hominibus
2271 3710 2447 3788 declarata,

438 3795 583 3859 exterius
604 3795 640 3858 in
660 3803 865 3861 sacramento
888 3798 936 3862 ita
964 3817 1039 3861 oum
1061 3797 1161 3864 verbo
1183 3797 1350 3875 cohaeret,
1378 3804 1417 3861 ut
1469 3799 1563 3862 lateri
1582 3819 1715 3863 neeesse
1737 3806 1796 3877 est,
1817 3820 1884 3863 non
1905 3798 2081 3881 malignius
2103 3797 2220 3862 saltem
2238 3797 2448 3879 supprimen-

441 3878 553 3943 direlli
579 3891 734 3962 nequeat;
759 3885 786 3946 si
808 3890 920 3948 tamen
940 3882 1151 3961 discernatur,
1174 3890 1417 3966 1111111111-
1469 3883 1555 3961 dam,
1578 3904 1638 3948 nee
1658 3885 1784 3949 minore
1805 3886 1993 3949 testimonio
2012 3881 2242 3948 illustrandam
2262 3902 2363 3964 quam
2384 3882 2448 3946 sub

440 3985 491 4040 11,
519 3965 622 4047 pluris
645 3966 869 4035 censebimus?
915 3967 1004 4034 Sanc
1026 3991 1127 4051 quum
1149 3970 1281 4052 signum
1305 3968 1418 4034 videa·
1471 3970 1617 4035 obscuris
1638 3969 1721 4053 legis
1742 3970 1876 4035 umbris.
2052 4050 2055 4053 ἱ

433 4070 514 4114 mus
537 4051 635 4116 verbo
657 4054 789 4130 1111111,
810 4056 942 4120 subesse
963 4055 1013 4119 illi
1035 4053 1189 4132 dicemus,
1214 4061 1247 4119 11
1265 4056 1417 4121 inferiore
1557 4059 1585 4118 7.
1631 4053 1852 4136 Quamobrem
1880 4056 2044 4121 Dominus
2072 4055 2165 4118 Iesus
2190 4055 2353 4136 specimen
2376 4053 2448 4117 edi·

439 4135 510 4200 loco
531 4143 722 4203 statuemus.
769 4139 881 4220 Quum
904 4162 982 4226 ergo
1008 4140 1049 4205 ad
1070 4140 1212 4206 infantes
1235 4138 1418 4207 destinetur
1470 4149 1579 4219 turus,
1602 4141 1689 4204 unde
1715 4141 1859 4206 mundus
1884 4141 2047 4224 intelligat
2067 4141 2175 4222 ipsum
2197 4139 2449 4221 amplificandae

438 4222 594 4305 baptismi
607 4225 769 4303 uerbum,
787 4247 847 4290 cur
869 4227 1013 4311 signum,
1036 4226 1098 4292 hoc
1117 4233 1168 4292 est
1184 4227 1277 4292 verbi
1295 4248 1418 4310 appen·
1470 4229 1579 4311 potius
1607 4248 1708 4310 quam
1736 4225 1928 4292 limitandae
1955 4227 2059 4308 patris
2081 4225 2324 4290 misericordiae
2346 4224 2448 4289 adve-

440 4307 511 4387 dix,
543 4307 584 4373 ab
604 4310 671 4374 illis
687 4311 927 4390 prohibebitur?
971 4313 1064 4378 Haec
1085 4333 1152 4377 una
1173 4314 1266 4392 ratio,
1293 4313 1319 4378 si
1342 4314 1418 4378 nul-
1471 4315 1567 4391 nisse,
1601 4313 1738 4378 comiter
1777 4312 1904 4381 oblatos
1942 4312 2006 4377 sibi
2045 4312 2185 4376 infantes
2226 4311 2446 4394 amplectitur,

439 4392 490 4458 lae
519 4394 602 4470 aliae
629 4405 855 4479 suppeterent,
884 4395 1013 4463 abunde
1042 4399 1207 4464 sufficeret
1234 4398 1275 4463 ad
1303 4400 1418 4464 confu-
1471 4398 1646 4482 discipulos
1683 4399 1860 4482 obiurgans
1887 4399 1943 4482 qui
1976 4397 2066 4462 aditu
2094 4397 2167 4462 illos
2192 4396 2362 4480 prohibere
2390 4417 2448 4460 co-

439 4478 557 4545 tandos
581 4484 771 4565 omnesqui
799 4485 978 4550 reclamare
1001 4484 1173 4549 voluerint.
1219 4482 1316 4564 Quod
1336 4485 1418 4549 obii·
1469 4486 1649 4564 nubantur;
1672 4485 1802 4569 quando
1824 4506 1888 4564 eos,
1911 4506 2051 4567 quorum
2073 4490 2158 4548 11111
2178 4504 2319 4566 regnum
2339 4481 2448 4546 coelo-

368 4620 370 4624 ,
440 4565 527 4630 11111
549 4573 668 4632 statum
692 4569 792 4634 fuisse
815 4570 902 4634 diem
925 4570 1173 4647 circumcisioni,
1196 4570 1294 4652 plane
1315 4571 1418 4655 tergi·
1469 4594 1553 4652 rum,
1574 4592 1593 4635 a
1615 4592 1650 4635 se
1667 4571 1874 4649 abducerent,
1892 4591 2067 4653 perquem
2084 4567 2189 4634 solum
2206 4567 2350 4650 patetin
2373 4588 2449 4633 coe-

366 4664 369 4668 ’
441 4653 657 4716 vorsatorium
685 4662 742 4718 111.
793 4655 862 4720 Nos
888 4657 955 4719 iam
984 4655 1082 4721 certis
1112 4654 1225 4720 diebus
1254 4677 1320 4720 non
1347 4677 1419 4722 esse
1469 4658 1537 4722 lum
1571 4660 1748 4741 ingressus.
1798 4657 1926 4720 Verum
1961 4656 2038 4740 quid
2067 4654 2172 4719 simile
2200 4653 2335 4736 (dixerit
2357 4654 2448 4735 quis-

438 4736 636 4802 Iudaeorum
653 4740 759 4804 instar
775 4739 1160 4824 alligatosconeedimus3
1179 4763 1295 4806 verum
1313 4763 1418 4824 quan·
1469 4744 1571 4827 piam)
1604 4742 1766 4825 baptismo
1795 4763 1871 4806 eum
1898 4743 1960 4806 hoc
1987 4741 2113 4806 Christi
2141 4738 2317 4822 amplexu?
2340 4760 2448 4822 neque

439 4820 480 4885 do
498 4823 668 4900 Dominus,
692 4833 858 4908 utcunque
877 4826 1006 4892 nullum
1025 4827 1110 4891 diem
1129 4828 1336 4909 praescribat,
1360 4829 1417 4895 de·
1469 4831 1559 4894 enim
1580 4829 1763 4910 baptizasse
1785 4827 1859 4892 illos
1880 4834 2049 4903 narratur,
2082 4825 2140 4890 sed
2162 4827 2341 4907 excepisse,
2375 4846 2447 4889 am-

439 4907 543 4971 olarat
568 4918 680 4973 tamen
706 4912 768 4976 sibi
795 4913 925 4994 placere
950 4920 989 4977 ut
1010 4913 1139 4978 solenni
1161 4913 1227 4977 ritu
1256 4914 1292 4975 in
1319 4935 1417 4978 suum
1468 4915 1684 4999 plexusesse,
1708 4912 1830 4977 stillis
1852 4912 2116 4994 beneprecatus.
2151 4910 2303 4990 Proinde,
2325 4912 2353 4975 11
2375 4911 2445 4976 eius

438 4991 553 5058 foedus
573 4995 773 5077 recipiantur
792 4997 943 5077 infantes,
966 4999 1045 5081 quid
1069 4999 1156 5063 ultra
1177 4998 1386 5081 quaerimus?
1469 5002 1657 5083 exemplum
1690 4999 1812 5062 imitari
1844 4998 1933 5078 libet,
1966 4999 2116 5081 precibus
2140 4998 2282 5063 infantes
2310 4996 2447 5062 adiure-

526 5081 553 5143 6.
599 5079 796 5165 Quanquam
818 5085 981 5168 scriptura
1002 5086 1174 5150 certiorem
1200 5082 1308 5148 adhuc
1329 5085 1417 5148 veri·
1468 5107 1648 5164 1111111
1678 5090 1788 5148 autem
1816 5085 2029 5168 baptizemus.
2074 5085 2203 5148 Verum
2230 5105 2290 5148 nos
2318 5081 2447 5148 Christi

437 5164 514 5230 tatis
539 5166 689 5231 not-itiam
722 5169 814 5234 nobis
847 5172 962 5254 aperit.
1012 5168 1181 5254 Siquidem
1209 5167 1417 5235 evidentissi·
1469 5179 1563 5255 gesta
1589 5171 1687 5254 paulo
1710 5171 1870 5236 attentius
1892 5180 2090 5254 reputemus,
2119 5192 2218 5253 quam
2246 5169 2313 5234 tale
2339 5190 2446 5251 genus

436 5271 528 5315 mum
551 5259 610 5331 est,
632 5255 718 5336 quod
741 5256 843 5321 semel
860 5279 937 5322 cum
957 5257 1148 5323 Abrahamo
1165 5255 1330 5320 Dominus
1346 5255 1416 5320 foe·
1468 5257 1648 5323 hominum.
1693 5258 1807 5340 Neque
1829 5258 1919 5322 enim
1941 5258 2003 5322 hoc
2023 5257 2140 5322 leviter
2161 5263 2212 5321 est
2232 5263 2446 5339 praetereun-

436 5335 497 5400 dus
517 5341 687 5419 percussit,
709 5362 774 5405 non
796 5343 905 5407 minus
922 5343 1019 5409 hodie
1036 5342 1234 5407 Christianis
1256 5348 1414 5417 constare,
1469 5343 1549 5408 dum
1565 5343 1651 5427 quod
1668 5345 1812 5409 infantes
1830 5344 1893 5409 sibi
1916 5343 2029 5409 offerri
2051 5342 2206 5409 Christus
2228 5342 2328 5420 iubet,
2350 5337 2446 5403 addi-

436 5442 536 5503 quam
563 5425 641 5488 olim
669 5426 796 5493 iudaice
822 5428 957 5511 populo,
987 5428 1131 5510 adeoque
1157 5429 1298 5492 verbum
1325 5426 1416 5492 istud
1468 5437 1503 5495 ta
1529 5431 1671 5510 ratione,
1701 5431 1856 5512 qnoniam
1884 5429 2002 5494 talium
2029 5429 2073 5494 sit
2099 5450 2240 5512 regnum
2268 5426 2443 5492 coelorum

436 5525 505 5571 non
537 5512 648 5574 minus
682 5511 889 5589 Christianos
927 5516 1102 5598 respicere,
1143 5533 1241 5595 quam
1274 5513 1415 5580 ludaeos
1467 5517 1518 5581 Ae
1548 5524 1662 5601 postea
1693 5516 1897 5582 voluntatem
1929 5536 2024 5580 suam
2056 5517 2154 5598 opere
2186 5521 2336 5591 testatur,
2364 5511 2446 5577 dum

436 5599 507 5656 tum
535 5596 737 5677 respiciebat.
789 5599 863 5663 Nisi
885 5600 968 5666 forte
997 5600 1211 5678 arbitramur,
1241 5596 1415 5666 Christum
1466 5603 1554 5685 ipsos
1577 5602 1762 5685 amplexus,
1785 5602 1973 5684 precatione
1995 5599 2282 5682 benedictioneque
2303 5617 2363 5664 sua
2384 5617 2446 5681 pa-

436 5696 497 5740 111
519 5678 678 5760 adventu,
705 5685 808 5765 patris
830 5687 971 5768 gratiam
992 5685 1198 5779 imminuisse
1220 5694 1277 5749 aut
1298 5684 1414 5783 decur-
1465 5689 1511 5752 tri
1532 5686 1747 5754 commendat
1793 5685 1831 5752 Si
1849 5685 1967 5753 adduci
1983 5686 2117 5753 Christo
2138 5687 2280 5750 infantes
2302 5705 2446 5767 aequum
