5600 6809
418 770 459 830 63
1065 757 1330 828 marmorio
1352 760 1458 824 REL.
1479 757 1660 825 OHRIST.
1684 763 1775 824 1559.
2055 814 2060 823 .
2383 766 2425 825 64

419 957 665 1030 detinebantur,
693 974 764 1017 rom
793 952 945 1025 omnibus
974 959 1086 1016 notam
1115 971 1152 1015 ac
1179 951 1291 1014 tritam
1313 970 1392 1026 esse,
1447 955 1515 1011 tam
1544 948 1678 1013 mirifice
1695 948 1866 1016 vindicta
1891 950 1952 1013 fuit
1977 951 2045 1015 eius
2068 951 2238 1029 autoritas;
2267 950 2352 1032 quod
2375 950 2424 1014 la·

416 1049 455 1108 ut
475 1041 587 1107 audita
607 1040 678 1105 eius
699 1039 821 1102 mentio
842 1038 991 1120 protinus
1013 1037 1158 1101 omnium
1181 1036 1305 1099 animos
1331 1036 1394 1098 eri·
1446 1035 1496 1116 pis
1529 1035 1624 1117 virga
1656 1055 1829 1116 percussus
1857 1033 1982 1101 flumen
2015 1037 2166 1119 protinus
2194 1037 2301 1114 eiecit3
2336 1035 2423 1117 quod

418 1135 518 1213 geret
568 1124 661 1206 Quin
687 1125 787 1189 etiam
815 1122 856 1187 de
893 1119 1205 1206 quadringentorum
1233 1141 1394 1185 annorum
1446 1141 1522 1184 man
1556 1141 1573 1182 e
1601 1119 1688 1183 coelo
1716 1119 1757 1182 ad
1790 1121 1859 1186 eius
1891 1124 2112 1204 precationem
2139 1121 2277 1204 depluit:
2311 1143 2422 1185 nonne

418 1214 557 1278 numero*
586 1209 752 1294 probabile
785 1215 835 1273 ost
862 1208 961 1274 fuisse
990 1207 1127 1272 edoctos.
1172 1207 1268 1271 Nunc
1297 1227 1393 1288 repu-
1447 1205 1524 1271 hinc
1555 1206 1647 1270 Deus
1679 1206 1786 1287 ipsum
1821 1207 1955 1272 coelitus
1989 1207 2237 1272 commendabat
2267 1214 2425 1288 tanquam

419 1297 556 1363 tandum
582 1302 646 1374 est,
675 1296 704 1361 si
726 1316 745 1359 a
772 1302 841 1357 tam
870 1293 935 1358 alto
958 1294 1090 1358 exordio
1113 1294 1223 1358 Moses
1247 1292 1321 1376 (qui
1343 1297 1393 1355 ta-
1446 1290 1618 1356 indubium
1645 1291 1859 1373 prophetam?
1905 1290 1943 1357 si
1966 1294 2038 1374 quis
2060 1293 2193 1358 obiiciat
2220 1315 2273 1357 me
2295 1314 2426 1357 sumere

417 1406 494 1450 men
522 1384 591 1466 ipse
620 1390 711 1445 tanto
743 1379 914 1445 intervallo
942 1387 1125 1461 temporum
1153 1387 1286 1460 superat
1314 1377 1394 1441 alios
1446 1396 1506 1458 pro
1535 1376 1688 1442 confessis
1716 1397 1798 1458 quae
1826 1380 2044 1443 controversia
2065 1400 2131 1443 non
2157 1388 2297 1457 careant,
2324 1378 2425 1443 huius

417 1491 530 1534 omnes
548 1465 734 1551 scriptores)
757 1466 876 1548 repetit
893 1463 1060 1529 doctrinae
1078 1486 1156 1529 suae
1173 1463 1392 1540 traditionem,
1447 1462 1555 1527 cavilli
1582 1462 1684 1527 facilis
1713 1470 1763 1527 est
1790 1464 1915 1528 solutio.
1966 1464 2053 1528 Nam
2080 1486 2181 1547 quum
2205 1464 2285 1529 haec
2313 1465 2426 1528 omnia

418 1561 577 1637 quantum
599 1558 759 1618 vetustate
781 1551 943 1631 scriptum
964 1571 1057 1615 sacra
1078 1551 1164 1614 inter
1183 1551 1262 1614 alias
1281 1569 1394 1613 omnes
1446 1569 1505 1630 pro
1533 1548 1686 1612 concione
1714 1547 1929 1632 publicaverit
1956 1551 2082 1626 Moses,
2111 1551 2184 1632 quis
2208 1549 2356 1634 fingendi
2377 1549 2426 1613 lo·

417 1641 567 1705 emineat.
1446 1655 1503 1698 cus
1526 1634 1588 1697 fuit
1609 1633 1696 1716 apud
1717 1634 1804 1717 ipsos
1825 1657 1936 1699 rerum
1954 1643 2121 1719 gestarum
2138 1636 2280 1700 oculatos
2298 1634 2423 1700 testes?

430 1766 432 1770 ι
502 1729 530 1789 4.
577 1715 655 1788 Nisi
678 1722 757 1804 sorte
779 1720 943 1802 Aeppptiis
964 1721 1083 1785 medere
1106 1719 1198 1784 libeat
1218 1724 1395 1784 uetustatem
1447 1717 1581 1784 Scilicet
1602 1719 1775 1801 prodiisset
1794 1721 1829 1785 in
1858 1721 2017 1799 medium,
2046 1744 2083 1786 ac
2104 1722 2262 1804 populum
2283 1721 2425 1786 infideli-

415 1832 509 1876 suam
530 1808 758 1875 emorientibus
778 1807 820 1872 ad
841 1826 896 1869 ser
917 1826 1071 1870 annorum
1094 1805 1198 1870 millia
1220 1810 1291 1869 arra
1313 1825 1394 1868 crea
1445 1806 1539 1883 tatis,
1563 1805 1799 1884 contumaciae,
1829 1806 2078 1889 ingratitudinis
2100 1808 2301 1888 aliorumque
2323 1806 2426 1872 scele-

415 1901 482 1961 tum
508 1896 667 1960 mundum.
720 1891 782 1957 Sed
808 1911 906 1972 mum
926 1892 1075 1973 profanis
1103 1893 1197 1979 dmm
1224 1890 1393 1972 quibusque
1446 1913 1519 1953 rum
1542 1912 1735 1973 coarguens,
1767 1913 1860 1955 suam
1882 1892 2064 1957 doctrinam
2094 1892 2155 1957 sub
2178 1893 2323 1974 ipsorum
2345 1912 2426 1957 con-

414 2003 535 2066 semper
561 1979 695 2045 ludibrio
720 1978 817 2061 fuerit
843 1998 949 2042 eorum
974 1977 1163 2059 parrulitas,
1193 1998 1252 2040 nori
1275 1981 1394 2039 estem
1446 1984 1557 2057 spectu
1585 1978 1737 2041 iactasset
1764 1979 1923 2043 sancitam
1951 1979 2051 2043 fuisse
2079 1979 2120 2042 iis
2147 1978 2313 2043 miraculis
2339 1999 2425 2060 quae

416 2070 450 2132 in
472 2069 539 2133 eius
559 2089 577 2130 r
605 2065 741 2130 utatiom
763 2063 903 2128 luberent.
940 2061 1021 2129 (litat
1038 2068 1141 2126 auam
1159 2061 1311 2143 Iosephus
1328 2082 1394 2125 eoru
1418 2072 1420 2155 j
1445 2062 1508 2143 ipsi
1531 2083 1700 2143 nunquam
1721 2062 1889 2128 vidissent.

415 2158 465 2218 tra
487 2154 642 2235 Apiouem
670 2150 843 2215 testimonia
870 2154 1038 2213 memoratu
1058 2151 1156 2232 dipnu
1178 2170 1216 2212 er·
1243 2147 1394 2228 anitiquis·
1418 2164 1420 2227 l
1533 2152 1560 2210 6.
1609 2149 1696 2211 Nam
1716 2154 1744 2212 et
1765 2149 1819 2212 boe
1839 2154 1944 2214 amatu
1961 2151 2098 2233 dipnrrm,
2121 2151 2238 2231 quoties
2257 2153 2370 2212 narrat
2386 2149 2426 2214 de

415 2241 507 2303 simis
524 2236 734 2319 scriptrribus,
756 2235 837 2299 unde
853 2235 990 2317 eellipere
1009 2236 1084 2312 licet,
1101 2235 1236 2316 pendium
1254 2235 1394 2297 omn-ium
1418 2230 1420 2285 l
1445 2233 1622 2311 mirandis,
1648 2234 1744 2296 simul
1765 2236 1867 2300 odiose
1894 2237 2037 2318 eoniunpi
2059 2256 2139 2315 quae
2159 2241 2253 2300 totum
2269 2235 2426 2316 populum

415 2345 563 2390 eonserzsu
592 2324 764 2387 doctrinam
791 2323 827 2384 iu
853 2321 915 2403 lepe
937 2321 1098 2400 proditam
1121 2319 1158 2382 ab
1186 2320 1307 2384 ultimis
1328 2339 1394 2382 sac-
1418 2290 1421 2419 Ι
1445 2320 1608 2383 stimulare
1636 2321 1678 2383 ad
1705 2321 1939 2386 reclamandum
1968 2327 2126 2402 poterant,
2159 2323 2189 2384 si
2215 2320 2262 2385 uel
2289 2321 2426 2385 minima

415 2412 495 2475 culis
520 2412 621 2491 fuisse
642 2407 799 2484 celebrem,
822 2408 966 2487 quamuis
987 2428 1081 2486 neque
1103 2406 1186 2483 lecta,
1210 2426 1304 2484 neque
1327 2424 1394 2468 aere
1442 2405 1555 2485 fuisset
1581 2406 1705 2469 occasio.
1765 2405 1850 2471 [bade
1875 2412 2004 2489 apparet
2029 2430 2089 2474 rica
2117 2408 2208 2472 aliter
2234 2411 2269 2470 ut
2290 2407 2426 2470 subscri-

415 2498 536 2580 cepnita
561 2495 665 2575 suerit.
711 2492 785 2557 Iam
811 2514 849 2557 ire
875 2514 939 2573 pua
964 2493 1099 2556 memmei
1130 2492 1215 2572 apud
1240 2491 1394 2573 malipnes
1445 2491 1545 2555 barad
1570 2491 1671 2570 fuisse
1699 2493 1861 2570 adductos,
1889 2493 1954 2556 nisi
1983 2495 2059 2573 quia
2082 2493 2160 2575 plus
2187 2493 2266 2557 satis
2293 2491 2427 2557 conuicti

415 2582 560 2663 suspicio,
583 2602 620 2643 ne
641 2600 704 2660 qua
726 2580 819 2642 etiam
840 2579 989 2660 improbis
1011 2578 1178 2641 cavillandi
1201 2581 1277 2641 esset
1305 2597 1393 2654 unsa,
1445 2581 1612 2640 mardeau
1633 2579 1828 2658 muralia.
1860 2577 2020 2642 Caeterum
2036 2581 2182 2660 martiam
2200 2599 2251 2644 res
2268 2584 2334 2643 erat
2351 2578 2428 2643 ulie

414 2669 538 2748 utrique
554 2665 692 2747 periculo
714 2665 838 2745 optimis
858 2665 1003 2729 remediis
1022 2663 1112 2727 Deus
1134 2664 1273 2726 occurrit.
1305 2661 1393 2726 Dum
1445 2662 1539 2725 etrier
1560 2683 1656 2742 quam
1677 2669 1711 2727 ut
1731 2665 1879 2744 profanis
1899 2665 2102 2744 scriptoribus
2124 2665 2253 2728 liberum
2274 2669 2352 2729 esset
2373 2685 2426 2734 rw·

415 2754 508 2834 refert
530 2750 635 2816 Moses
656 2750 734 2830 quid
754 2751 891 2814 trecentis
911 2749 976 2831 scre
998 2756 1067 2813 ante
1091 2749 1393 2828 scaranensem
1442 2769 1519 2830 pure
1547 2749 1631 2813 edita
1656 2749 1757 2828 fuisse
1783 2771 1805 2812 a
1832 2749 1922 2814 Mose
1942 2751 2112 2828 miracula,
2143 2751 2335 2815 calumniam
2356 2749 2426 2815 illie

214 2828 223 2839 ⁵
325 2848 326 2852 ’
412 2841 492 2920 flatu
517 2837 752 2920 pronuntiasset
780 2834 873 2900 Iacob
907 2836 944 2899 dc
965 2837 1101 2917 posteris
1128 2836 1212 2913 suis,
1245 2833 1392 2915 quomodo
1444 2835 1596 2916 suppessit
1618 2840 1712 2915 pater
1738 2835 1905 2913 mendaed,
1933 2858 1969 2901 ea
1995 2837 2126 2918 inspicis
2154 2836 2275 2900 artibus
2303 2836 2427 2901 adseri

415 2924 530 2989 tribum
558 2943 651 2987 suam
676 2921 837 2986 nobilitet?
885 2920 955 2985 Imo
989 2941 1057 2985 eam
1083 2926 1167 2984 notat
1195 2925 1318 2985 adema
1346 2921 1393 2981 in-
1445 2919 1524 2984 bens.
1578 2919 1640 2984 Sed
1665 2942 1728 3002 qua
1755 2922 1928 2985 mumdum
1955 2943 2082 3004 mapum
2107 2922 2207 3002 fuisse
2236 2921 2427 2986 insimulant

415 3010 517 3092 furnio
539 3011 573 3072 in
596 3028 731 3089 persoua
753 3007 838 3071 Leai.
885 3005 1024 3085 Simeon,
1048 3005 1390 3091 superintensae.
1444 3007 1500 3086 qui
1521 3010 1676 3086 multopere
1699 3007 1737 3070 ab
1758 3007 1816 3071 tae
1842 3008 2059 3087 superstitibus
2080 3007 2234 3086 abliorret,
2256 3013 2291 3071 ut
2310 3007 2429 3088 lapidi-

418 3096 467 3182 6),
490 3095 613 3159 etLeui
634 3114 711 3157 rasa
738 3094 932 3174 iniquitatis;
959 3094 993 3156 in
1020 3093 1185 3157 eonsilium
1206 3113 1311 3156 eorum
1331 3111 1392 3154 non
1444 3092 1500 3155 brus
1528 3092 1654 3156 abruma
1681 3092 1786 3156 iubeat
1818 3094 1874 3174 qui
1900 3098 2020 3157 tautum
2047 3093 2235 3158 consuluerit
2262 3113 2370 3176 napos
2398 3096 2428 3157 et

414 3182 519 3247 ueniat
540 3180 649 3244 anima
670 3199 747 3257 naeu,
769 3199 822 3244 nee
843 3178 878 3242 in
895 3198 1046 3242 arcanum
1067 3198 1172 3242 eorum
1189 3178 1299 3261 liripua
1315 3197 1391 3241 mea.
1444 3177 1584 3242 ariolos?
1636 3175 1721 3242 eene
1748 3199 1835 3243 nano
1861 3179 2008 3259 impostor
2031 3180 2217 3262 prmstipiis
2244 3178 2339 3257 ludit,
2367 3179 2427 3260 qui

329 3329 339 3347 ,
417 3265 502 3332 Certe
517 3265 621 3349 potuit
640 3265 769 3329 dedecus
797 3264 878 3329 illud
899 3265 1005 3329 silere
1031 3284 1092 3327 non
1111 3268 1231 3327 tantam
1252 3269 1287 3327 ul
1302 3263 1392 3343 patri
1443 3283 1504 3327 non
1526 3262 1749 3345 obstupefacere
1775 3265 1862 3347 vulpi
1882 3265 2005 3328 animos
2025 3265 2160 3343 studeat
2183 3265 2355 3346 captaruiue
2374 3265 2428 3345 fa-

414 3373 470 3418 suc
486 3355 636 3433 parceret,
659 3351 713 3415 sed
735 3371 772 3413 ne
790 3370 823 3414 se
843 3349 951 3431 ipsum
972 3368 1041 3412 cum
1058 3354 1121 3414 tota
1139 3350 1269 3430 familia
1287 3368 1392 3429 usper-
1443 3370 1513 3412 mae
1535 3369 1639 3413 eausa.
1686 3350 1769 3430 Quid
1790 3353 1892 3415 auam
1914 3349 2045 3414 Moses?
2068 3372 2101 3415 se
2122 3356 2150 3414 et
2168 3351 2300 3431 fratrem
2319 3350 2427 3415 Aaro-

412 3443 493 3522 peret
524 3437 660 3501 eiusdun
687 3435 875 3518 ipncminiae
902 3439 1002 3516 parte.
1054 3435 1207 3516 Quomodo
1234 3439 1392 3516 suspectus
1444 3455 1513 3511 nem
1534 3434 1616 3499 rribil
1634 3454 1699 3501 esse
1715 3435 1863 3513 clamans,
1886 3437 1940 3501 sed
1956 3441 2077 3501 tardum
2093 3437 2219 3517 assequi
2236 3457 2315 3518 quae
2332 3436 2427 3501 Deus

412 3545 479 3590 esse
505 3523 619 3606 poterit
648 3523 703 3603 qui
729 3522 874 3603 primm
898 3520 1056 3602 familiae,
1085 3542 1123 3585 aa
1148 3541 1212 3601 qua
1239 3519 1393 3584 oriundus
1439 3521 1659 3602 praescripsit,
1694 3520 1774 3585 satis
1801 3519 1946 3603 canope
1973 3543 2090 3587 munem
2118 3523 2282 3587 sicimam
2308 3528 2426 3587 uotam

413 3614 488 3688 mat,
511 3614 649 3673 culmem
666 3608 799 3690 spiritus
815 3608 914 3672 sandi
931 3607 1055 3670 oraculo
1072 3605 1276 3672 detestmilem
1292 3606 1393 3687 fuisse
1445 3607 1520 3670 Iam
1551 3606 1580 3671 si
1612 3626 1662 3670 res
1689 3607 1777 3687 ipsae
1803 3607 2043 3686 manderentur,
2072 3629 2227 3690 quaenam
2253 3608 2427 3674 incantatio

413 3696 496 3759 ultro
519 3694 723 3776 praedicans,
740 3690 848 3775 *neque
868 3693 1024 3775 priuatim
1048 3693 1109 3756 sibi
1130 3692 1275 3769 causali,
1297 3711 1393 3772 neque
1442 3693 1544 3773 facere
1559 3691 1662 3771 potuit
1682 3697 1716 3754 ut
1734 3712 1809 3756 man
1830 3714 1846 3757 e
1867 3693 1943 3757 coelo
1963 3696 2100 3774 quotidie
2115 3694 2231 3776 pluens
2258 3693 2301 3757 ad
2321 3715 2426 3776 popu-

413 3784 534 3844 recusat
566 3779 671 3844 subire
703 3780 856 3844 inuidiam
889 3779 974 3860 apud
1006 3778 1133 3861 perutiles
1165 3799 1252 3856 arcos,
1280 3776 1393 3858 quibus
1444 3780 1510 3842 lum
1536 3776 1680 3842 alendum
1705 3778 1881 3859 suspicaci?
1908 3781 1938 3843 si
1966 3781 2038 3860 puis
2058 3781 2136 3862 plus
2162 3780 2247 3845 iusta
2273 3799 2427 3844 manure

414 3864 501 3929 laud
522 3864 614 3929 dubie
634 3863 688 3928 boe
707 3864 865 3930 muudum
887 3864 975 3929 mat?
1024 3865 1127 3945 Qum
1144 3864 1237 3927 etiam
1258 3864 1392 3943 impium
1444 3863 1611 3943 repositum
1632 3862 1766 3941 latera,
1788 3885 1827 3928 er
1848 3865 1919 3945 ipsa
1940 3867 2108 3945 putredine
2129 3867 2260 3931 duceret
2281 3866 2427 3930 incredit-

415 3950 557 4015 Aaronis
582 3952 726 4032 pemani
751 3950 864 4031 fratris
891 3955 918 4015 et
945 3950 1072 4015 Mariae
1105 3951 1221 4014 sororis
1248 3969 1393 4013 murmur
1445 3951 1562 4014 ldatem
1592 3969 1685 4013 suam
1716 3951 1870 4015 diuinitus
1896 3952 2036 4032 puniri?
2085 3952 2178 4017 Adde
2204 3951 2286 4032 quod
2311 3952 2427 4016 multis

413 4040 624 4101 commemorat
652 4035 907 4119 (Num.12,l)‚
936 4038 1109 4102 rimemusne
1130 4057 1168 4100 er
1189 4037 1294 4099 curnis
1316 4056 1393 4099 suae
1444 4035 1537 4100 seriis
1557 4034 1794 4116 mobmmnibus
1825 4037 1871 4101 sic
1906 4039 2082 4101 examinari
2112 4058 2233 4118 passus
2258 4041 2304 4102 est
2332 4037 2427 4102 Deus

414 4141 507 4187 scinu
529 4120 626 4202 loqui,
652 4142 694 4183 an
716 4141 830 4202 parere
850 4123 984 4203 spiritus
1010 4124 1109 4186 sancti
1137 4121 1292 4203 imperio?
1337 4121 1393 4184 Ad
1444 4140 1568 4184 sanum
1589 4141 1691 4198 suum,
1714 4127 1750 4185 ut
1770 4142 1852 4186 nunc
1872 4123 2068 4203 obstrependo
2084 4123 2166 4186 nibil
2181 4124 2349 4204 proficiam
2366 4123 2427 4187 im·

413 4206 487 4272 baec
507 4227 604 4288 quum
624 4227 748 4270 summu
768 4207 836 4270 eius
857 4212 933 4271 esset
953 4209 1115 4286 autoritas,
1137 4228 1194 4271 cur
1214 4207 1322 4271 saltem
1340 4208 1392 4270 ius
1438 4205 1541 4286 probi.
1594 4206 1717 4287 Quoties
1736 4208 1819 4271 emm
1844 4207 1975 4290 superbe
2000 4209 2224 4290 mpetulanter
2250 4230 2333 4273 nunc
2353 4230 2428 4274 sur-

413 4293 531 4359 summi
552 4292 715 4358 sacmdetii
735 4313 796 4356 non
817 4294 964 4372 relinquit
983 4292 1063 4373 (iliis
1083 4294 1169 4371 suis,
1191 4294 1245 4357 sed
1266 4294 1300 4356 in
1321 4292 1393 4356 ulti·
1444 4292 1526 4356 rerit
1545 4296 1625 4357 totus
1641 4293 1786 4374 populus,
1809 4314 1890 4358 narie
1911 4295 2039 4374 quidam
2061 4296 2141 4358 inter
2162 4315 2196 4359 se
2217 4296 2427 4376 conspirarrdo

329 4382 333 4391 “
413 4400 501 4443 mum
528 4378 627 4444 lencm
654 4399 704 4442 eos
732 4377 875 4460 ablepat?
928 4378 1038 4442 Pauca
1073 4383 1193 4442 tantum
1219 4399 1256 4442 ea
1282 4379 1392 4443 multis
1444 4383 1585 4442 eandum
1605 4377 1670 4442 Dei
1691 4399 1814 4443 servum
1835 4385 1964 4445 euntem
1985 4381 2088 4444 carati
2107 4385 2188 4459 sunt,
2211 4401 2316 4446 eorum
2334 4383 2426 4463 furo·

413 4465 530 4543 delibo;
551 4466 605 4529 sed
627 4465 662 4527 in
684 4466 756 4545 ipsa
777 4464 838 4546 lepe
855 4465 981 4544 passim
1003 4468 1158 4528 oecmrent
1179 4464 1276 4527 multa
1299 4485 1393 4546 erpu-
1444 4483 1510 4528 rem
1530 4465 1715 4548 praestipiis
1741 4465 1862 4529 eludere
1890 4466 1946 4545 qui
1975 4466 2105 4548 potuit?
2148 4465 2192 4530 Er
2219 4472 2343 4532 candus
2362 4487 2426 4547 pa·

416 4557 517 4615 nardo
539 4571 618 4631 puae
640 4550 795 4614 resument
812 4551 942 4631 plenum
961 4550 1063 4630 idun,
1087 4555 1123 4613 ut
1144 4550 1258 4630 absque
1279 4554 1392 4614 curura
1445 4549 1509 4613 lum
1530 4550 1621 4629 docet,
1644 4549 1698 4613 boc
1719 4551 1807 4614 modo
1828 4552 1983 4615 sanatam
2004 4554 2037 4616 iu
2056 4553 2161 4616 murcia
2179 4552 2303 4617 saecula
2321 4552 2425 4632 fuisse

414 4638 517 4700 versia
537 4635 640 4700 Moses
662 4636 756 4717 quasi
777 4635 842 4700 Dei
864 4637 992 4719 arrpelus
1013 4658 1029 4700 e
1050 4635 1126 4699 coelo
1141 4636 1281 4717 prodeat.
1446 4637 1515 4700 eius
1536 4636 1715 4700 doctmaam.
2412 4696 2417 4703 .

502 4726 529 4784 5.
574 4721 646 4785 Iam
674 4743 752 4787 vero
777 4728 825 4785 tot
852 4743 890 4787 ac
917 4729 985 4785 tam
1012 4722 1155 4805 insignia
1182 4739 1264 4804 quiae
1293 4721 1394 4784 refert
1534 4726 1562 4784 7.
1607 4719 1661 4784 Ad
1684 4720 1765 4785 haec
1794 4710 1880 4804 quod
1903 4722 2000 4787 tribui
2022 4723 2107 4787 Iuda
2135 4726 2171 4788 in
2199 4743 2339 4807 persona
2364 4745 2425 4806 pa-

414 4806 581 4882 miracula,
606 4807 741 4872 totidem
764 4815 841 4872 sunt
862 4808 945 4891 legis
967 4808 1007 4872 ab
1029 4808 1100 4890 ipso
1121 4806 1207 4871 latae
1229 4806 1392 4889 proditae-
1446 4806 1610 4871 triarchae
1633 4806 1731 4871 Iacob
1755 4807 1902 4890 assignat
1923 4809 2143 4891 principatum
2166 4810 2265 4893 (Gen
2285 4814 2336 4887 49,
2359 4809 2424 4894 10),

415 4914 477 4973 que
511 4889 676 4957 doctrinae
704 4894 896 4959 sanctiones.
948 4893 1034 4957 Nam
1060 4892 1146 4975 quod
1169 4893 1254 4957 nube
1277 4893 1392 4974 abrep-
1447 4894 1518 4975 quis
1541 4901 1639 4975 negot
1668 4893 1785 4974 spiritu
1812 4894 2001 4975 prophetico
2023 4896 2146 4961 factum
2169 4917 2254 4974 esse,
2277 4916 2424 4978 praeser-

416 4986 467 5041 tus
489 4977 552 5040 fuit
573 4977 608 5040 in
629 4987 789 5058 montem;
813 4978 898 5062 quod
920 4979 987 5045 illic
1009 5000 1112 5061 usque
1137 4979 1179 5042 ad
1201 4978 1287 5042 diem
1313 4999 1393 5060 qua·
1447 4981 1506 5041 tim
1529 4979 1556 5043 si
1578 4999 1649 5042 rem
1672 4980 1787 5060 ipsam,
1810 4987 1848 5042 ut
1870 4986 1991 5044 eventu
2012 4983 2222 5063 comprobata
2242 4981 2314 5059 fuit,
2337 4982 2425 5066 cogi-

415 5060 636 5146 dragesimum
676 5064 820 5129 humano
862 5065 1077 5131 contubernio
1112 5072 1283 5146 exemptus
1316 5064 1393 5142 fuit;
1447 5065 1563 5128 tationi
1591 5073 1722 5127 nostrae
1750 5064 1959 5130 subiicimus‘l
2008 5066 2116 5151 Finge
2138 5068 2255 5132 Mosen
2282 5068 2428 5150 primum

414 5148 500 5231 quod
532 5148 569 5211 in
600 5148 671 5228 ipsa
697 5148 779 5233 legis
808 5150 1068 5235 promulgatione
1097 5150 1195 5214 facies
1223 5150 1292 5214 eius
1321 5157 1393 5212 tan·
1448 5171 1519 5214 esse
1542 5149 1690 5214 vaticinii
1712 5157 1871 5214 autorem:
1902 5172 1944 5214 ex
1966 5173 2028 5233 quo
2050 5159 2161 5216 tamen
2184 5154 2342 5235 scriptum
2364 5153 2427 5218 hoe

414 5256 513 5316 quam
536 5232 695 5298 solaribus
717 5234 816 5299 radiis
837 5237 996 5320 fulgebat;
1019 5234 1105 5319 quod
1127 5235 1269 5317 undique
1292 5235 1392 5299 mica
1448 5237 1625 5299 memoriae
1653 5234 1811 5317 prodidit,
1846 5244 2056 5317 praetereunt
2083 5239 2161 5303 anni
2194 5238 2429 5322 quadringenti

413 5319 494 5385 bant
516 5319 659 5403 fulgetra
666 5344 674 5398 ;
703 5322 849 5385 tonitrua
870 5333 903 5386 et
930 5324 1076 5407 fragores
1105 5328 1172 5387 toto
1194 5342 1269 5385 aere
1292 5341 1394 5384 exau·
1470 5321 1568 5385 uibus
1590 5320 1683 5384 nulla
1704 5329 1754 5384 est
1774 5322 1808 5384 in
1830 5322 1918 5386 tribu
1939 5322 2024 5388 Iuda
2046 5325 2167 5407 sceptri
2186 5325 2317 5389 mentio.
2346 5325 2429 5390 Post

341 5412 361 5427 ''
414 5405 600 5485 diebantur;
635 5406 714 5472 tuba
755 5407 854 5470 etiam
886 5408 976 5472 nullo
1014 5408 1159 5472 humana
1192 5427 1248 5470 ore
1280 5407 1396 5470 inflata
1448 5343 1585 5471 dealem
1606 5406 1840 5489 inauguratum
1862 5407 1995 5472 videtur
2016 5410 2108 5493 rogia
2125 5418 2268 5493 potestas
2285 5412 2322 5475 in
2340 5410 2430 5476 tribu

414 5491 599 5574 clangebat;
621 5490 708 5574 quod
729 5492 931 5556 tabernaculi
953 5494 1123 5577 ingressus
1140 5491 1227 5556 nube
1245 5492 1394 5574 apposita
1448 5493 1626 5556 Beniamin
1649 5490 1798 5556 residere.
1845 5492 1956 5572 Quum
1980 5516 2000 5559 a
2022 5493 2175 5561 Samuele
2197 5497 2335 5580 ungitur
2358 5496 2429 5561 Da·

414 5575 635 5659 excipiebatur
655 5599 675 5640 a
692 5578 1000 5660 conspectupopuli;
1020 5577 1105 5662 quod
1120 5577 1283 5643 horrendo
1299 5575 1392 5656 (lore,
1450 5576 1512 5655 vid,
1535 5599 1695 5660 quaenam
1712 5579 1782 5648 eius
1801 5579 2049 5644 transferendae
2067 5582 2150 5646 ratio
2168 5582 2325 5666 apparet?
2345 5580 2430 5663 Quis

413 5661 549 5726 Dathan
571 5669 605 5726 et
622 5663 762 5743 Abiron,
793 5663 955 5746 totusque
981 5664 1100 5745 impiae
1122 5664 1271 5729 factonis
1292 5663 1393 5727 exitio
1447 5684 1559 5746 regem
1586 5672 1749 5747 sperasset
1779 5687 1821 5729 ex
1843 5665 1970 5747 plebeia
1998 5665 2140 5732 hominis
2167 5669 2311 5752 pecuarii
2333 5667 2430 5731 domo
2517 5694 2526 5708 ·

818 6002 852 6069 J
