5600 6809
442 767 505 830 ne
944 816 969 845 ‚.
1081 755 1348 825 marsuano
1370 756 1476 822 nnn.
1499 752 1682 824 annisu.
1708 762 1801 826 1559.
1874 783 1881 794 -
2383 758 2449 819 744

441 959 591 1033 tanmem
612 949 667 1016 sed
687 949 857 1014 cavendnm
875 946 956 1012 mibi
976 947 1113 1012 arbitror
1132 967 1172 1012 ne
1192 946 1328 1012 aliorum
1349 945 1422 1010 leci·
1472 951 1602 1009 rantur:
1635 965 1755 1028 nempe
1782 967 1842 1029 per
1867 946 2034 1025 tenebras,
2067 945 2181 1010 fletum
2213 952 2247 1008 et
2275 943 2451 1008 stridorem

443 1043 534 1106 tatem
550 1034 760 1118 respondendo
774 1034 904 1116 foveam.
939 1031 1145 1099 Sciscitantror
1160 1052 1260 1097 vanae
1276 1031 1422 1096 santiae
1474 1029 1631 1108 dentium,
1652 1031 1763 1115 ignem
1787 1031 2103 1114 inexstinguibilem,
2124 1051 2270 1095 vermem
2292 1031 2362 1095 sine
2382 1032 2450 1095 fine

443 1123 544 1189 ieiuni
569 1121 723 1200 homnem
757 1125 875 1201 quanta
900 1119 982 1184 inter
1002 1117 1173 1199 propbetas
1205 1122 1234 1182 et
1261 1116 1420 1199 apostolos,
1473 1136 1529 1180 cor
1548 1114 1756 1181 arrodentem
1778 1116 1912 1202 (Matth.
1934 1121 1964 1194 8,
1987 1121 2025 1180 12
2046 1124 2080 1181 et
2098 1119 2148 1194 22,
2171 1120 2223 1194 13;
2245 1115 2322 1180 ibid.
2343 1119 2371 1194 3,
2394 1119 2449 1195 12;

443 1228 558 1274 rursus
579 1209 659 1271 inter
680 1207 831 1287 apostolos
850 1210 879 1270 et
895 1208 1050 1286 martyres
1064 1202 1176 1284 fotura
1193 1203 1235 1266 sit
1251 1202 1421 1278 ananim
1471 1201 1575 1266 Maro.
1596 1205 1630 1278 9,
1649 1206 1706 1281 43;
1728 1203 1791 1268 Ios.
1812 1206 1867 1281 66,
1888 1206 1929 1266 24
1954 1209 1988 1267 et
2012 1206 2068 1281 30,
2087 1201 2153 1284 33).
2198 1201 2332 1267 'salibus
2359 1201 2452 1267 enim

444 1299 515 1376 quot
533 1291 688 1376 qradibns
707 1291 849 1372 different
870 1312 892 1355 a
912 1290 1086 1372 coniapatis
1109 1290 1266 1372 oirqineo,·
1291 1289 1422 1368 deniqne
1472 1286 1626 1369 loquendi
1642 1287 1747 1353 modis
1765 1295 1891 1354 certum
1909 1294 1960 1352 est
1976 1288 2129 1371 spiritum
2145 1297 2296 1352 sanctum
2305 1287 2452 1353 voluisse

446 1379 570 1445 nudam
597 1378 670 1442 coeli
697 1377 846 1459 anqcolmn
872 1376 912 1439 ab
938 1376 1116 1440 condiendo
1147 1376 1297 1440 intactam
1328 1373 1422 1438 retm-
1473 1394 1588 1437 sensus
1617 1393 1730 1439 omnes
1752 1374 1887 1438 horrore
1909 1373 2119 1451 conturbare3
2148 1380 2187 1437 ut
2207 1394 2308 1455 quum
2328 1371 2452 1438 dicitur

445 1469 552 1547 quant.
596 1463 719 1528 Deinde
739 1462 822 1526 rabit
843 1461 910 1525 illia
931 1461 966 1525 in
987 1466 1126 1538 mentem,
1150 1480 1300 1541 quorsum
1321 1459 1421 1540 perti·
1471 1466 1701 1541 praeparatam
1722 1480 1793 1524 esse
1815 1460 1856 1524 ab
1878 1466 2010 1524 aeterno
2032 1459 2217 1542 gehennam
2240 1458 2449 1542 profundam,

446 1556 518 1616 neat
535 1549 618 1616 orbis
633 1549 806 1630 reparatio,·
826 1545 949 1628 qirando
970 1566 1009 1610 ee
1029 1551 1116 1610 tcmta
1136 1550 1164 1610 et
1183 1544 1421 1626 incomparabili
1472 1545 1675 1608 nutrimenta
1701 1545 1772 1610 eius
1793 1567 1864 1610 esse
1887 1546 1997 1629 ignem
2018 1554 2051 1609 et
2071 1545 2162 1629 ligna
2187 1545 2304 1623 multa,
2332 1546 2451 1610 flatum

447 1638 537 1718 copia
568 1634 687 1699 nobitas
718 1633 766 1696 rei
796 1633 899 1714 indiqi
931 1637 1019 1695 erunt
1049 1631 1112 1712 filii
1138 1630 1217 1710 Dei,
1251 1631 1306 1695 sed
1332 1633 1422 1694 erunt
1472 1630 1621 1707 Domini,
1650 1650 1710 1694 eeu
1732 1638 1914 1696 torrentem
1935 1631 2119 1714 sulphuris,
2147 1651 2220 1695 eam
2241 1629 2448 1696 succendere.

447 1722 567 1788 amtor
593 1718 723 1802 moedis,
758 1737 892 1799 qnorum
918 1717 1026 1782 inedia
1052 1723 1193 1783 adernae
1219 1715 1421 1780 mamertinis
1474 1713 1603 1795 Quibus
1624 1723 1663 1779 ut
1684 1738 1743 1780 nos
1764 1716 1914 1782 adiuvari
1931 1724 2059 1798 oportet
2076 1716 2118 1781 ad
2135 1715 2378 1799 concipiendam
2396 1725 2449 1780 ut-

447 1807 617 1889 spmbolnm
637 1809 689 1869 est.
732 1802 803 1887 Epo
823 1808 927 1868 antero
947 1803 1126 1884 respondeo,
1149 1804 1186 1867 in
1207 1803 1275 1882 ipso
1295 1805 1421 1882 ameria
1473 1822 1601 1883 cunque
1627 1802 1804 1886 impiorum
1830 1803 1984 1866 miseram
2013 1810 2149 1881 sortem,
2183 1803 2231 1865 ita
2254 1823 2318 1866 nos
2346 1802 2383 1865 in
2409 1823 2449 1867 eo

446 1896 567 1958 tantam
586 1889 653 1971 fore
674 1890 900 1967 amoenitatem
925 1893 1045 1953 tantam
1065 1890 1133 1953 sine
1152 1908 1215 1952 nm
1236 1889 1422 1952 manitatem
1473 1887 1681 1969 potissimum
1703 1887 1845 1971 defigere
1867 1888 2097 1971 cogitationem
2119 1894 2262 1971 oportet,
2285 1907 2382 1969 quam
2405 1889 2450 1953 sit

448 1981 483 2042 in
509 1977 577 2041 sola
605 1976 730 2053 notitia,
758 1979 794 2040 nt
818 1974 891 2039 laec
916 1974 1052 2056 felicitas
1078 1975 1186 2039 omnia
1206 1973 1320 2054 quibos
1340 1992 1422 2036 nunc
1473 1972 1700 2037 calamitosum
1722 1973 1858 2038 alienari
1880 1975 1920 2039 ab
1942 1974 2032 2037 omni
2052 1974 2116 2038 Dei
2138 1974 2298 2038 societate.
2333 1970 2449 2056 Neque

443 2064 594 2127 iocamur
625 2061 820 2125 adnnnicma
852 2061 938 2142 lonqe
969 2065 1138 2140 scalperet.
1183 2058 1360 2142 Finpamas
1386 2059 1423 2120 in
1472 2056 1508 2121 id
1527 2055 1636 2122 modo:
1659 2058 1717 2123 sed
1733 2060 1937 2124 maiestatem
1954 2057 2020 2123 Dei
2040 2060 2087 2123 ita
2107 2059 2229 2124 sondro
2250 2059 2311 2123 tibi
2331 2058 2449 2124 adver·

443 2148 685 2231 opulentissima,
703 2151 731 2209 et
748 2146 801 2210 nbi
818 2146 908 2210 nulla
924 2165 981 2209 nos
998 2144 1142 2226 voluptas
1158 2144 1289 2225 deficiat,
1311 2143 1423 2208 mnndi
1474 2165 1560 2221 sam,
1594 2151 1634 2207 ut
1665 2143 1809 2228 effugere
1839 2165 1982 2227 nequeas
2014 2146 2093 2227 quin
2120 2145 2161 2209 ab
2189 2145 2262 2227 ipsa
2288 2145 2447 2228 urgearis.

437 2234 541 2317 plaqc
561 2253 626 2298 esse
641 2231 779 2313 positos:
810 2251 901 2311 quern
921 2250 983 2294 non
1003 2232 1057 2295 oni
1076 2230 1175 2294 morbi
1195 2231 1235 2295 ab
1255 2250 1318 2294 asa
1337 2228 1424 2294 bene-
1473 2229 1561 2294 Nam
1589 2230 1733 2310 primum
1762 2231 1832 2294 eius
1860 2229 2044 2314 indignatio
2070 2232 2175 2295 instar
2201 2231 2288 2314 ignis
2309 2240 2359 2295 est
2377 2231 2449 2295 vio-

443 2319 588 2400 fitiorum
606 2318 670 2382 Dei
687 2316 816 2381 mbinde
832 2317 1007 2397 impediant
1026 2314 1064 2381 ab
1079 2315 1265 2396 probibent?
1289 2316 1341 2379 cni
1361 2335 1423 2379 non
1474 2314 1656 2393 lautissimi,
1679 2315 1772 2379 ouius
1789 2323 1912 2382 attactu
1934 2316 2045 2380 omnia
2066 2315 2263 2381 devorentur
2284 2322 2316 2380 et
2338 2315 2449 2380 absor-

445 2426 507 2470 cna
527 2403 725 2483 intemperies
745 2422 872 2466 curatam
892 2422 983 2482 saepe
1010 2401 1192 2484 abmmpit?
1243 2400 1329 2466 Unde
1355 2421 1423 2464 con·
1473 2399 1620 2464 beantur.
1665 2401 1795 2465 Deinde
1822 2401 1872 2465 illi
1900 2401 1941 2466 ad
1970 2401 2189 2467 exercendum
2214 2401 2374 2466 iudicium
2401 2402 2448 2468 sio

445 2491 586 2572 seqnitm
607 2488 763 2568 liquidam
784 2492 947 2569 etpnram
968 2488 1008 2551 ab
1028 2488 1114 2552 omni
1135 2488 1210 2550 vitio
1232 2487 1422 2567 fruitionem
1474 2486 1623 2551 serviunt
1645 2506 1757 2551 omnes
1778 2495 1956 2565 creaturae,
1978 2494 2018 2551 ut
2036 2487 2170 2565 eoelum,
2193 2493 2324 2564 terram,
2346 2509 2448 2566 mare,

447 2575 591 2657 qocmois
612 2573 721 2638 nnllns
741 2574 783 2636 sit
803 2573 1015 2653 corruptibilia
1034 2575 1116 2637 m'tae
1141 2592 1236 2650 nans,
1263 2571 1424 2653 felicitatis
1475 2570 1642 2649 animalia,
1671 2579 1705 2635 et
1731 2571 1889 2655 quidquid
1915 2581 1979 2651 est,
2006 2572 2100 2638 velut
2127 2573 2200 2637 dira
2225 2572 2450 2656 indignatione

447 2680 512 2725 esse
534 2659 700 2724 commum.
744 2656 816 2722 Alii
837 2679 871 2723 se
891 2658 1084 2739 transferant
1109 2658 1247 2740 macies,
1274 2662 1302 2721 et
1331 2677 1424 2738 qnae
1476 2656 1652 2722 adversum
1680 2678 1715 2722 se
1741 2659 1946 2722 inflammata
1967 2665 2000 2722 et
2021 2660 2055 2723 in
2076 2660 2253 2741 perniciem
2282 2679 2376 2723 suam
2397 2679 2451 2722 ar·

447 2750 523 2809 rant
544 2766 647 2811 annon
663 2745 766 2808 scoria
783 2748 812 2808 et
828 2743 912 2808 aliae
932 2744 1120 2823 corruptelae
1142 2745 1178 2807 in
1197 2743 1334 2809 metallis
1350 2763 1425 2824 pro
1476 2750 1565 2806 mata
1591 2744 1720 2807 sensuri
1747 2745 1814 2808 sint
1820 2768 1828 2822 ;
1858 2744 1976 2826 quibus
1996 2744 2080 2808 iram
2102 2765 2197 2809 suam
2218 2745 2266 2809 ita
2286 2743 2451 2810 Dominus

448 2831 498 2896 cnl
519 2852 541 2894 a
559 2830 750 2895 restitutione
771 2829 880 2906 absint,
903 2834 931 2893 et
951 2830 991 2893 ab
1007 2849 1044 2893 ea
1060 2830 1243 2893 dissideant.
1280 2829 1369 2909 Qnod
1389 2833 1425 2891 at
1475 2828 1585 2910 palam
1606 2828 1712 2893 faciet.
1758 2827 1870 2909 Quare
1897 2851 1963 2894 non
1990 2830 2127 2913 vulgare
2154 2829 2277 2911 aliquid
2303 2851 2451 2913 pronun-

448 2916 515 2982 illio
536 2916 735 2998 aliqaatmrs
755 2915 924 2992 concedam,
947 2919 1083 2996 ecspedo
1100 2934 1170 2978 marn
1188 2912 1290 2979 Panlo
1311 2914 1422 2992 (Rom.
1476 2913 1573 2977 davit
1595 2913 1769 2996 apostolus,
1792 2936 1894 2997 quum
1911 2914 1990 2980 dicit
2010 2916 2044 3000 (2
2064 2916 2178 2980 Thess.
2199 2920 2226 2993 l,
2246 2914 2280 2996 9)
2301 2914 2454 2979 infideles

420 3053 423 3061 .
449 3004 479 3081 8,
499 3001 721 3085 antoniorum
737 3000 966 3079 reparatiores
982 3020 1062 3081 qnae
1078 3001 1208 3064 initiam
1224 3004 1426 3079 sumpserant
1476 2999 1608 3063 daturos
1635 3020 1758 3081 poenas
1784 3001 1921 3066 interitu
1948 3010 2098 3066 aeternas
2120 3023 2140 3065 a
2159 3001 2241 3066 facie
2261 3000 2395 3064 Domini
2418 3010 2455 3064 et

449 3108 471 3152 a
491 3092 632 3166 peccam,
659 3086 702 3151 ad
728 3104 824 3165 qnam
848 3089 974 3168 percant
999 3091 1028 3151 ct
1043 3086 1240 3167 parturiant.
1284 3085 1426 3167 Lcnqirso
1477 3083 1628 3168 agloria
1655 3086 1787 3150 virtutis
1813 3087 1892 3151 eius.
1926 3085 1981 3164 ¹Et
2008 3088 2126 3169 quoties
2155 3090 2266 3151 mnam
2297 3087 2454 3165 corporeis

449 3173 562 3237 ierom
576 3170 830 3254 proqrcdiontrr,
852 3190 1007 3250 quaenam
1027 3171 1138 3236 melior
1153 3171 1285 3234 conditio
1301 3175 1427 3234 noaneat
1474 3171 1588 3254 flemis
1608 3170 1762 3236 inordinat
1775 3172 1953 3253 prophetae,
1974 3173 2117 3254 quamvis
2133 3172 2215 3237 nitri
2231 3192 2291 3252 pro
2307 3171 2457 3236 tarditate

442 3277 542 3342 qenes
562 3257 748 3334 bamanmn,
776 3276 874 3336 qaam
900 3256 1013 3322 seems
1039 3255 1204 3322 benedictio
1230 3255 1326 3336 finem
1353 3262 1426 3321 tnnc
1476 3261 1584 3321 nostra
1604 3255 1831 3338 hyperbolicam
1851 3260 1998 3340 affront,
2019 3257 2192 3340 praeludia
2212 3263 2315 3322 tamen
2335 3257 2456 3321 admis-

444 3347 613 3424 snmptnra
634 3343 684 3407 sit.
729 3340 852 3407 Facilis
874 3347 919 3406 est
941 3341 1032 3406 illins
1059 3361 1177 3424 qnoque
1204 3343 1279 3407 nodi
1306 3341 1426 3407 saltatio.
1477 3346 1542 3406 cent
1560 3342 1665 3421 fetori
1686 3343 1800 3407 indicii
1821 3345 1857 3407 in
1878 3343 1940 3408 sole
1961 3347 1990 3409 et
2010 3344 2087 3407 imm
2108 3349 2226 3424 totoque
2251 3343 2363 3406 mmidi
2388 3342 2456 3422 opi·

451 3428 539 3510 Qnod
559 3433 624 3493 tam
645 3426 808 3511 mapnitice
828 3448 897 3493 eam
917 3428 1106 3493 mnonmodat
1126 3429 1292 3509 scripotmo,
1314 3427 1358 3492 ad
1377 3427 1427 3490 in-
1475 3426 1555 3508 fioio.
1613 3427 1716 3508 Quare
1733 3427 1757 3510 ¹)
1797 3429 1919 3493 niallam
1950 3429 2089 3511 requiem
2119 3429 2282 3493 inveniant
2313 3426 2456 3508 infelices

447 3519 601 3579 crementa
622 3513 759 3594 pertinet
786 3512 901 3593 quibus
921 3511 1013 3578 Deus
1039 3514 1168 3578 msidae
1188 3517 1321 3577 natrrcae
1342 3513 1428 3577 ordi-
1478 3513 1695 3592 conscientiae,
1723 3514 1801 3595 quin
1827 3514 1898 3580 diro
1925 3514 2049 3578 turbine
2074 3519 2224 3579 cenentur
2243 3533 2280 3578 oc
2301 3515 2455 3593 dissiperi-

447 3617 518 3664 nem
528 3599 673 3680 provebit
689 3598 733 3663 ad
749 3617 842 3663 soom
857 3603 984 3663 mnarn:
1005 3600 1040 3663 in
1056 3600 1243 3680 perfectione
1261 3618 1331 3663 cero
1352 3599 1427 3678 ipsa
1476 3603 1538 3676 tar,
1559 3599 1616 3679 qni
1631 3599 1671 3662 ab
1688 3599 1800 3680 infesto
1816 3598 1886 3664 Deo
1902 3621 1936 3665 ce
1952 3601 2088 3680 discerpi
2104 3601 2246 3679 setiam,
2269 3605 2297 3663 et
2316 3599 2456 3680 mofiaae

448 3686 549 3750 aliam
577 3685 729 3749 rationem
756 3703 820 3748 esse
847 3689 953 3748 omnm
984 3689 1037 3750 eet.
1084 3684 1146 3749 Sed
1178 3685 1256 3765 qaia
1286 3685 1427 3749 incantos
1477 3684 1647 3765 mortiferis
1679 3684 1797 3748 meleis
1825 3686 2034 3764 lanmnentur,
2068 3686 2146 3767 quin
2170 3686 2213 3750 ad
2241 3684 2305 3748 Dei
2332 3685 2456 3766 fulmen

448 3770 556 3835 statim
576 3773 700 3850 captant
720 3769 884 3847 illecebrae,
906 3774 934 3836 et
954 3770 1149 3852 labyrinthus
1167 3769 1277 3834 dende
1292 3769 1427 3851 profore·
1477 3774 1688 3851 mpaoescant,
1710 3774 1738 3833 a
1758 3775 1955 3836 conterantur
1971 3792 2059 3836 onere
2076 3791 2191 3835 manns
2208 3773 2291 3849 ciac,⁴
2312 3775 2348 3834 ot
2364 3768 2455 3852 abys-

449 3856 524 3920 dias
545 3854 655 3934 trabit
683 3856 820 3933 madent,
848 3855 904 3919 nbi
925 3875 986 3920 sna
1006 3857 1115 3936 cuique
1132 3854 1252 3936 placita
1274 3855 1426 3933 arrident,
1478 3875 1529 3920 sos
1555 3859 1583 3919 et
1609 3855 1771 3938 oorapines
1797 3856 1949 3936 quaslibet
1974 3857 2080 3923 mbire
2108 3857 2207 3923 onos
2233 3858 2275 3922 sit
2302 3877 2396 3937 mmm
2418 3858 2455 3921 in

350 3980 359 3995 ..
450 3939 559 4004 nodas
586 3945 630 4004 est
656 3942 912 4007 correlationem
944 3941 1070 4006 modas:
1097 3941 1152 4006 boc
1177 3941 1221 4005 sit
1248 3941 1337 4005 nobis
1357 3943 1427 4006 oiae
1477 3940 1545 4005 illis
1577 3939 1746 4006 terroribus
1776 3948 1860 4007 stare
1890 3943 1932 4008 ad
1959 3948 2151 4007 omnmmm.
2196 3941 2303 4022 Quale
2330 3942 2392 4008 hoo
2421 3951 2457 4006 et

451 4025 672 4106 cmopmdimn,
694 4032 844 4092 contortos
865 4046 930 4090 esse
950 4027 1073 4109 operato
1093 4033 1121 4091 et
1141 4027 1313 4109 ammmate
1333 4027 1427 4092 donec
1478 4033 1637 4108 quantum
1664 4033 1729 4105 est,
1763 4035 1898 4093 aeterna
1929 4033 1963 4093 et
1993 4050 2156 4112 nusquam
2189 4028 2334 4093 desitura
2366 4027 2457 4092 illius

451 4130 607 4177 cernemus
635 4111 717 4193 faeie
748 4113 790 4176 od
820 4113 942 4193 faciem
993 4112 1081 4177 Nam
1106 4113 1207 4195 ponci
1238 4133 1276 4177 en
1308 4112 1427 4195 immiti
1478 4110 1644 4176 obsidione
1665 4111 1800 4196 urgeri?
1848 4114 1919 4196 Quia
1944 4115 1983 4180 de
2008 4136 2043 4179 re
2065 4113 2217 4181 Psalmis
2237 4115 2458 4196 mnaqesimaa

453 4197 652 4262 multitudine
677 4219 741 4279 qna
762 4199 798 4260 in
819 4198 914 4262 coelos
934 4199 1070 4264 emmam
1097 4201 1140 4264 sit
1168 4202 1294 4278 norant3
1322 4217 1427 4263 onmes
1477 4199 1607 4262 continet
1626 4199 2458 4281 otemorabilemsmtentiam:qm1moissoloaspectn

450 4288 553 4347 antem
581 4283 659 4364 qnid
685 4284 752 4348 iilic
780 4287 892 4366 apator
916 4285 996 4349 scire
1024 4289 1095 4348 onte
1120 4289 1240 4366 lemma
1269 4287 1426 4365 appetant.
1478 4288 1600 4348 mactas
1620 4284 1918 4369 mammotrepti
1939 4306 1976 4351 ac
1997 4287 2032 4351 in
2052 4286 2189 4350 nibilum
2207 4285 2340 4365 radicat,
2362 4283 2459 4346 mlle

454 4366 567 4433 mones
596 4369 662 4449 fere
694 4370 737 4434 ad
768 4369 940 4433 meandum
964 4370 1143 4434 certamina
1170 4370 1262 4452 cipri
1293 4373 1321 4433 et
1350 4369 1426 4433 lereti
1478 4389 1530 4434 ree
1550 4373 1653 4435 tamen
1673 4390 1756 4448 moos,
1778 4391 1839 4453 qao
1859 4373 1964 4454 mapir
1983 4377 2055 4436 sarit
2076 4371 2181 4436 timidi
2200 4370 2235 4432 in
2256 4367 2310 4431 loe
2326 4369 2455 4447 mando,

450 4453 623 4534 mmnopbos
642 4455 852 4538 imapinarios
873 4455 934 4519 eibi
954 4454 1021 4519 iam
1041 4455 1219 4538 depmqant.
1441 4471 1443 4478 ’
1477 4474 1596 4537 torpere,
1612 4461 1648 4519 ut
1663 4475 1753 4521 conce
1768 4462 1911 4522 oneratos
1928 4457 1972 4522 ad
1981 4453 2215 4538 properantium
2231 4453 2343 4531 incitet,
2361 4453 2456 4519 donce

541 4543 589 4602 12.
633 4540 739 4604 Porro
770 4541 847 4622 quia
879 4539 1010 4604 divinae
1042 4541 1078 4604 in
1110 4540 1264 4624 reprobos
1292 4539 1427 4603 ultionis
1478 4541 1521 4604 sit
1539 4539 1608 4621 ipsc
1629 4543 1735 4606 onmia
1755 4543 1792 4605 in
1812 4543 1961 4607 onmibrco

452 4625 649 4708 gravitatem
669 4624 762 4689 nulla
782 4625 956 4708 descriptio
978 4646 1118 4707 aequare
1140 4631 1262 4708 potest,
1292 4647 1352 4707 per
1372 4645 1427 4689 res

451 4729 623 4792 corporeas
652 4731 765 4774 eorum
793 4718 956 4775 tormenta
982 4718 1015 4775 et
1041 4712 1206 4777 eruciatus
1226 4710 1320 4775 nobis
1340 4711 1426 4794 figu·
1548 4728 1578 4793 1)
1598 4727 1743 4796 Sequanae
1759 4727 1817 4779 mm
1835 4728 1899 4780 olim
1916 4723 2194 4780 memorialiter
2210 4729 2360 4780 enumera.
