5600 6809
399 766 462 828 161
919 812 927 828 „
1047 745 1762 823 11111161161111611111611116.
2057 700 2059 705 ι
2343 759 2412 823 soc

395 957 527 1031 tamque
565 947 768 1012 hierarchiae
796 947 892 1025 illius,
927 966 1026 1028 quarn
1062 952 1220 1027 perpetuo
1252 945 1287 1009 in
1319 965 1375 1009 ore
1428 944 1559 1009 decreta
1586 965 1628 1008 ne
1655 963 1748 1009 secus
1770 944 1829 1007 fiat
1854 943 2059 1008 severissime
2080 943 2269 1026 prohibent;
2297 967 2349 1023 ac,
2379 946 2410 1011 si

395 1033 526 1111 habent,
549 1034 727 1116 imaginem
749 1033 790 1097 cb
817 1032 927 1098 oculos
947 1051 1068 1114 ponere
1090 1051 1207 1112 operae
1233 1031 1376 1112 pretium
1427 1031 1551 1095 factum
1573 1029 1625 1106 sit,
1648 1027 1761 1093 iubent
1781 1049 1852 1095 esse
1873 1028 2013 1093 irritum.
2059 1027 2096 1094 Si
2118 1030 2199 1094 haec
2222 1051 2302 1095 vera
2318 1039 2408 1111 sunt,

395 1126 453 1197 est
476 1141 514 1184 ae
535 1138 611 1183 oum
630 1118 697 1198 illo,
721 1139 817 1201 quem
846 1118 1092 1201 descripsimus,
1115 1117 1240 1198 primae
1261 1137 1298 1180 ac
1320 1137 1376 1181 vc-
1428 1115 1520 1179 nulla
1546 1113 1652 1194 hodie,
1684 1134 1790 1196 neque
1822 1113 1933 1180 divino
1955 1135 2060 1196 neque
2082 1114 2298 1182 ecclesiastico
2324 1117 2409 1197 iure,

395 1207 475 1270 teris
494 1204 648 1270 ecclesiae
667 1205 826 1270 conferre:
850 1224 913 1286 quc
933 1225 974 1267 ex
993 1202 1232 1284 comparatione
1251 1200 1377 1266 eluceat
1427 1201 1583 1266 canonica
1615 1200 1729 1265 electio
1754 1201 1791 1263 in
1818 1206 1885 1264 toto
1918 1207 2039 1283 papatu
2071 1207 2227 1283 superest.
2279 1202 2410 1267 Verum

396 1290 526 1374 qualem
558 1290 728 1355 ecclesiam
748 1289 903 1355 ,habeant
930 1289 986 1371 qui
1013 1288 1076 1352 hoc
1109 1286 1176 1352 solo
1208 1286 1305 1351 titulo
1334 1287 1376 1351 ad
1428 1287 1557 1351 etiamsi
1581 1286 1665 1351 nibil
1693 1285 1782 1350 aliud
1806 1287 1885 1350 mali
1911 1286 2008 1364 foret,
2037 1287 2092 1369 qui
2119 1298 2230 1351 tamen
2258 1287 2318 1353 hcc
2346 1310 2409 1353 ex·

397 1398 457 1442 nos
475 1375 659 1461 gravandus
676 1374 729 1441 vel
746 1376 853 1458 potius
870 1372 1052 1440 obruendos
1070 1373 1236 1439 ferociunt
1273 1373 1375 1437 Prae-
1428 1393 1542 1438 cirsare
1562 1379 1717 1455 poterunt
1737 1370 1823 1454 quod
1843 1373 1891 1435 ita
1911 1371 2124 1454 spoliaverint
2140 1393 2198 1437 suo
2215 1373 2285 1437 iure
2302 1375 2412 1440 eccle·

396 1471 463 1529 stat
484 1470 594 1526 autem
616 1483 636 1527 a
656 1462 823 1527 vocatione
845 1461 996 1542 incipere,
1018 1465 1057 1523 ut
1077 1457 1247 1524 videamus
1264 1459 1321 1540 qui
1343 1466 1376 1523 61
1428 1458 1533 1523 siam?
1567 1458 1671 1540 Atqui
1691 1458 1747 1535 ita,
1770 1458 1932 1540 inquiunt,
1956 1458 2108 1541 exigebat
2129 1465 2313 1540 temporum
2333 1481 2411 1525 cor-

396 1549 510 1632 quales
532 1557 566 1612 et
586 1568 651 1629 qua
671 1547 797 1610 ratione
818 1554 979 1635 vocentur
1000 1545 1041 1610 ad
1061 1544 1123 1610 hoc
1145 1545 1373 1609 ministerium.
1428 1544 1545 1626 ruptio,
1568 1552 1606 1608 ut
1626 1543 1781 1626 quoniam
1802 1542 1889 1627 apud
1905 1543 2033 1626 plebem
2051 1551 2085 1607 et
2100 1545 2313 1628 magistratus
2329 1545 2410 1627 plus

396 1635 482 1698 Tum
513 1631 628 1698 deinde
655 1630 932 1698 considerabimus
958 1651 1058 1714 quam
1085 1629 1226 1694 fideliter
1254 1651 1375 1695 munus
1428 1629 1582 1694 valebant
1614 1628 1690 1693 odia
1721 1635 1755 1693 et
1786 1628 1895 1693 studia
1925 1629 1962 1692 in
1994 1629 2198 1694 assumendis
2236 1630 2409 1713 episcopis,

397 1741 494 1785 suum
526 1719 692 1801 impleant.
748 1718 909 1782 Dabimus
937 1723 1052 1799 ¹autem
1089 1717 1233 1798 primum
1265 1714 1375 1781 locum
1428 1736 1527 1798 quam
1560 1723 1686 1781 rectum
1716 1735 1895 1797 sanumque
1928 1714 2099 1792 iudicium,
2134 1716 2204 1781 eius
2237 1716 2286 1780 rei
2319 1716 2409 1781 arbi·

395 1806 568 1887 episcopis:
590 1804 709 1886 quibus
731 1805 857 1867 utinam
877 1803 941 1868 hoc
961 1802 1080 1866 honori
1102 1821 1173 1866 esse
1194 1809 1311 1884 posset,
1338 1801 1375 1865 in
1426 1801 1529 1865 trium
1549 1800 1663 1883 paucis
1686 1798 1874 1866 deferretur.
1907 1800 2026 1864 Fuerit
2043 1799 2122 1865 sane
2140 1801 2200 1882 boc
2219 1809 2409 1868 extremum

396 1891 459 1955 hac
480 1890 699 1972 disputatione
720 1890 863 1971 primum
891 1896 1004 1953 tenere
1030 1885 1187 1952 ordinem.
1233 1884 1300 1952 Sed
1322 1907 1374 1965 res
1425 1887 1505 1951 mali
1526 1888 1562 1951 in
1581 1884 1678 1952 rebus
1696 1886 1871 1969 deploratis
1893 1885 2084 1951 remedium.
2116 1887 2241 1951 Verum
2261 1887 2409 1953 111111116-

395 1976 468 2059 ipsa
489 1997 555 2040 non
576 1975 701 2057 patitur
722 1994 775 2038 me
796 1974 850 2041 vel
870 1974 988 2040 leviter
1010 1974 1171 2055 attingere
1192 1972 1254 2036 boc
1275 1992 1374 2055 argu-
1426 1971 1534 2038 dicina
1562 1971 1674 2037 morbo
1699 1973 1769 2054 ipso
1796 1973 1966 2037 nocentior
1993 1973 2160 2056 aparuit,
2195 1993 2254 2036 cur
2280 1993 2347 2038 non
2374 1983 2410 2039 et

394 2068 542 2126 mentum
564 2061 634 2126 sine
656 2082 784 2125 summo
810 2061 956 2142 ipsorum
983 2057 1147 2123 dedecore.
1191 2058 1237 2121 Et
1263 2067 1374 2123 tamen
1426 2080 1510 2123 novo
1518 2043 1605 2123 ‘huic
1622 2057 1709 2122 malo
1726 2057 1950 2123 succurritur?
1982 1995 2125 2134 Sedest,
2145 2057 2306 2139 inquiunt,
2325 2060 2409 2142 ipsis

394 2147 573 2211 meminero
601 2147 636 2209 in
664 2166 728 2227 quo
757 2146 871 2229 scripti
897 2166 1017 2228 genere
1045 2166 1134 2209 nunc
1160 2164 1285 2222 verser;
1313 2165 1373 2209 nec
1425 2144 1588 2209 canonicis
1607 2151 1719 2209 exacte
1736 2143 1974 2227 praescriptum
1990 2142 2069 2226 quid
2086 2145 2177 2226 sequi
2195 2145 2232 2207 in
2250 2142 2408 2210 electione

393 2233 573 2298 orationem
591 2252 708 2309 meam,
727 2252 811 2313 quae
829 2230 871 2294 ad
889 2230 1070 2312 simplicem
1088 2229 1270 2294 doctrinam
1289 2249 1374 2294 com-
1426 2229 1572 2294 debeant
1618 2228 1686 2295 Sed
1707 2250 1750 2292 an
1773 2229 1960 2294 dubitamus
1982 2231 2062 2312 quin
2090 2229 2303 2295 sanctissimis
2324 2230 2408 2314 legi·

417 2319 498 2382 csita
520 2338 591 2382 esse
614 2316 718 2394 debet,
741 2316 828 2380 ultra
850 2337 926 2381 suas
948 2323 1053 2380 metas
1081 2314 1229 2379 diffluere
1257 2314 1371 2398 patiar.
1425 2317 1487 2381 bus
1509 2315 1587 2379 olim
1604 2316 1696 2398 plebs
1718 2336 1753 2381 se
1771 2316 1909 2399 astringi
1926 2315 2135 2398 intelligeret,
2159 2335 2262 2397 quum
2280 2315 2409 2382 videret

393 2339 462 2470 Sed
481 2411 591 2467 tamen
612 2401 807 2484 respondeat
823 2403 906 2466 mihi
923 2402 1085 2484 quispiam
1103 2422 1216 2465 eorum
1234 2401 1290 2482 qui
1308 2420 1374 2464 non
1426 2401 1658 2485 sibiregulam
1679 2423 1697 2465 e
1719 2400 1819 2467 verbo
1840 2402 1905 2466 Dei
1926 2401 2135 2483 propositam,
2160 2400 2239 2465 dum
2256 2401 2298 2466 ad
2321 2404 2408 2484 epis·

393 2509 528 2572 prorsus
551 2489 690 2552 frontem
712 2487 941 2570 perdiderunt,
969 2488 1081 2570 quales
1107 2484 1204 2550 bodie
1231 2486 1373 2569 episcopi
1425 2507 1544 2571 poeum
1573 2486 1761 2571 eligendum
1789 2487 1999 2552 conveniret?
2056 2484 2228 2569 Siquidem
2254 2487 2312 2551 illa
2339 2510 2408 2554 una

393 2575 517 2657 passim
539 2572 711 2656 eligantur.
757 2571 846 2637 Sane
867 2594 1006 2639 examen
1027 2572 1141 2637 haberi
1165 2571 1204 2635 de
1227 2571 1374 2636 doctrina
1427 2595 1492 2638 vox
1512 2573 1585 2651 Dei,
1608 2594 1673 2656 qua
1694 2572 1848 2638 describit
1867 2593 1981 2652 veram
2001 2572 2144 2655 episcopi
2165 2572 2316 2656 effigiem,
2338 2596 2408 2638 me-
2475 2596 2477 2602 ⁴

395 2660 493 2725 nimis
525 2658 707 2724 obsoletum
735 2670 793 2723 611.
843 2657 940 2739 Quod
969 2660 997 2723 si
1024 2659 1098 2741 quis
1131 2657 1271 2721 babetur
1299 2656 1373 2722 dcc·
1426 2659 1491 2724 rito
1508 2658 1612 2741 pluris
1630 2679 1701 2724 6116
1712 2657 1851 2724 debebat
1867 2678 1966 2740 quam
1982 2659 2131 2723 infinitae
2152 2679 2316 2724 canonum
2333 2680 2409 2745 my·

394 2746 502 2810 trinae
529 2754 709 2828 respectus,
743 2744 1008 2809 iurisconsultum
1042 2744 1183 2827 aliquem
1215 2742 1372 2826 deligunt,
1426 2743 1543 2808 riades.
1594 2741 1661 2810 Sed
1688 2744 1902 2809 nihilominus
1928 2744 2070 2826 pessimo
2098 2743 2219 2809 affectu
2250 2755 2409 2828 corrupta

307 2887 311 2906 ,
394 2831 453 2914 qui
474 2831 510 2893 in
531 2831 599 2895 soro
622 2831 728 2914 magis
748 2829 879 2916 litigare
909 2830 1037 2894 noverit
1063 2851 1160 2911 quam
1183 2830 1219 2893 in
1239 2828 1374 2894 ecclesia
1426 2830 1554 2895 nullam
1575 2829 1716 2896 habebat
1737 2830 1819 2913 legis
1842 2836 1899 2894 aut
1925 2829 2099 2913 aequitatis
2126 2830 2296 2894 rationem.
2348 2829 2410 2896 Sic

396 2916 590 2982 concionari.
634 2915 708 2980 Hoc
732 2923 873 2992 constat,
904 2923 1078 2980 acentum
1100 2914 1195 2979 annis
1216 2914 1373 2979 vixcen-
1426 2916 1532 2994 hodie,
1555 2916 1617 2981 etsi
1639 2917 1780 2999 optimae
1802 2916 1941 2998 scriptae
1967 2924 2047 2981 sunt
2066 2915 2169 2998 leges,
2197 2923 2332 2978 manent
2354 2925 2408 2980 ta-
2477 2969 2479 2973 .

396 3003 551 3068 tesimum
584 3022 745 3084 quemque
771 3000 872 3066 fuisse
904 3001 1044 3066 electum
1072 3001 1129 3084 qui
1158 3020 1269 3066 sacrae
1299 2999 1373 3064 doc·
1427 3023 1504 3066 men
1525 3002 1560 3066 in
1582 3002 1705 3068 chartis
1727 3001 1881 3085 sepultae.
1916 3001 2055 3067 Interim
2077 3001 2312 3084 utplurimum
2333 3022 2408 3066 mo·

394 3087 503 3151 trinae
534 3084 657 3168 aliquid
688 3092 824 3151 teneret.
877 3084 1108 3170 Superioribus
1140 3086 1279 3151 saeculis
1307 3106 1375 3149 non
1426 3087 1517 3152 ribus
1538 3095 1707 3171 receptum
1728 3094 1787 3166 est,
1810 3095 1852 3165 et,
1874 3088 1967 3169 quasi
1989 3088 2116 3151 ratione
2138 3087 2202 3164 fiat,
2225 3086 2324 3149 etiam
2346 3108 2407 3170 ap·

393 3171 467 3238 ideo
485 3192 592 3256 parco,
615 3171 703 3254 quod
723 3171 827 3235 multo
844 3172 981 3237 meliora
999 3172 1130 3251 fuerint,
1153 3170 1210 3236 sed
1228 3171 1313 3253 quod
1335 3170 1374 3235 de
1427 3174 1608 3257 probatum,
1631 3179 1668 3237 ut
1689 3173 1816 3251 ebriosi,
1839 3179 2042 3249 scortatores,
2068 3173 2197 3238 aleones
2219 3172 2341 3254 passim
2364 3172 2409 3237 ad

393 3258 559 3342 praesenti
585 3256 683 3321 modo
711 3256 848 3322 ecclesia
875 3258 968 3322 nobis
995 3258 1142 3339 quaestio
1170 3264 1228 3321 est.
1274 3255 1312 3323 Si
1334 3255 1375 3321 de
1427 3259 1517 3324 bunc
1538 3259 1697 3324 bonorem
1717 3266 1980 3342 promoveantur,
2001 3279 2120 3342 parum
2143 3257 2230 3336 dico,
2256 3267 2294 3321 ut
2320 3259 2407 3340 epis·

393 3345 539 3409 moribus
561 3344 620 3407 fiat
639 3365 791 3421 censura,
821 3363 942 3426 paucos
964 3350 1022 3407 aut
1043 3342 1277 3426 propemodum
1299 3342 1374 3406 nul-
1426 3352 1562 3427 copatus
1584 3344 1819 3410 adulteriorum
1840 3352 1875 3409 et
1900 3342 2135 3410 lenociniorum
2161 3344 2229 3409 sint
2250 3346 2405 3426 praemia.

393 3430 442 3495 161
464 3429 564 3494 fuisse
585 3430 786 3513 reperiemus
808 3451 890 3512 quos
911 3450 978 3494 non
998 3427 1152 3513 indignos
1174 3437 1301 3494 veteres
1321 3447 1374 3492 ca-
1426 3430 1514 3494 Nam
1535 3452 1637 3513 quum
1656 3430 1868 3496 venatoribus
1890 3437 1923 3495 61
1944 3431 2125 3513 aucupibus
2149 3430 2282 3509 dantur,
2311 3450 2406 3514 prae·

393 3537 497 3581 nones
518 3514 726 3581 iudicassent.
771 3514 839 3596 Qui
858 3537 925 3581 non
942 3516 1005 3579 tuit
1027 3515 1181 3593 ebriosus,
1203 3515 1374 3579 111111661-
1427 3515 1514 3581 clare
1533 3535 1591 3581 res·
1608 3516 1761 3582 cecidisse
1784 3513 2002 3582 existimanda
2027 3526 2084 3580 est
2130 3517 2273 3580 Tantam
2298 3515 2406 3600 indig-

394 3608 494 3680 tator3
528 3603 583 3684 qui
612 3601 652 3666 ab
680 3601 742 3666 boo
770 3622 899 3684 quoque
926 3600 1047 3666 scelere
1075 3622 1177 3684 purus
1207 3600 1284 3678 firit,
1319 3604 1376 3663 aut
1427 3603 1564 3667 nitatem
1590 3601 1658 3666 ullo
1686 3599 1782 3667 modo
1804 3623 1969 3681 excusare,
2002 3601 2101 3665 nimis
2133 3602 2320 3683 improbum
2346 3611 2405 3668 est
2431 3626 2444 3636 ’

394 3687 465 3752 aleo
483 3687 554 3765 fuit,
577 3694 634 3751 aut
650 3693 796 3765 venator,
820 3688 933 3752 autin
954 3687 1063 3769 aliqua
1083 3693 1176 3770 parte
1198 3686 1286 3751 vitae
1309 3684 1374 3750 dis·
1427 3687 1589 3766 Habebat,
1612 3687 1761 3770 inquam,
1790 3687 1869 3752 olim
1891 3687 2053 3769 optimum
2074 3708 2231 3752 canonem
2255 3687 2405 3770 populus,

394 3771 528 3836 solutus.
580 3771 668 3836 Sunt
699 3773 788 3837 enim
820 3772 944 3838 leviora
970 3774 1050 3838 vitia
1077 3791 1169 3855 quae,
1194 3768 1375 3837 secundum
1427 3773 1480 3838 cui
1508 3774 1749 3856 praescribebat
1768 3774 1833 3838 Dei
1861 3774 1998 3839 verbum
2020 3772 2052 3856 (l
2074 3772 2156 3837 rim.
2181 3776 2215 3850 3,
2236 3775 2286 3858 2),
2312 3795 2407 3857 opor·
2511 3788 2513 3790 ’

396 3863 541 3922 vetustos
563 3879 712 3936 canones,
724 3858 891 3924 hominem
912 3859 954 3924 ab
975 3859 1164 3942 episcopatu
1185 3855 1374 3922 excludunt
1427 3866 1497 3923 tere
1529 3859 1716 3942 episcopum
1748 3881 1818 3925 esse
1852 3857 2192 3942 irreprehensibilem,
2231 3858 2407 3938 doctorem,

297 3930 301 3949 ⁸
395 3942 469 4007 Hoc
492 3963 569 4006 vero
596 3943 692 4027 longe
718 3944 1002 4023 absurdissimum,
1026 3942 1113 4027 quod
1133 3944 1227 4026 pueri
1249 3962 1375 4025 quoque
1427 3964 1495 4008 ncn
1515 3965 1708 4028 pugnacem,
1732 3952 1791 4010 etc.
1837 3944 1906 4010 Our
1928 3966 2006 4030 ergo
2028 3944 2169 4111 elffendi
2196 3946 2408 4028 provinciae

396 4027 453 4091 vix
476 4027 645 4106 decennes,
668 4050 771 4111 papae
793 4031 1008 4108 concessione,
1030 4030 1173 4113 episcopi
1189 4037 1269 4094 sunt
1287 4027 1373 4093 facti.
1427 4029 1548 4113 populo
1577 4031 1620 4094 ad
1647 4031 1726 4095 istos
1748 4031 1909 4096 translata
1936 4030 2005 4096 est?
2089 4031 2145 4094 uia
2177 4031 2300 4096 scilicet
2320 4032 2409 4096 inter

395 4113 446 4178 Eo
478 4112 702 4197 impudentiae
729 4136 766 4180 ac
799 4118 941 4198 stuporis
972 4116 1117 4198 provecti
1143 4123 1235 4193 sunt,
1270 4121 1374 4179 utne
1426 4116 1538 4200 populi
1559 4116 1722 4182 tumultus
1743 4125 1776 4183 et
1795 4117 1951 4183 laedones
1971 4117 2109 4184 verbum
2128 4117 2192 4181 Dei
2217 4138 2409 4181 1161161111-

394 4199 477 4264 illud
506 4198 636 4282 quidem
665 4207 848 4264 extremum
876 4209 909 4266 et
937 4200 1017 4266 adeo
1038 4200 1259 4285 prodigiosum
1280 4200 1374 4282 flagi·
1428 4201 1586 4267 diebatur.
1630 4204 1677 4267 Et
1698 4225 1757 4268 cur
1778 4201 1874 4268 hodie
1897 4204 1937 4268 ab
1964 4204 2035 4269 istis
2058 4223 2189 4266 rursum
2209 4222 2276 4265 non
2298 4211 2410 4268 trans·

394 4286 480 4350 tium
502 4285 685 4364 horrerent,
708 4285 794 4367 quod
816 4287 857 4351 ab
878 4288 950 4369 ipso
972 4293 1110 4352 naturae
1128 4308 1227 4352 sensu
1244 4287 1374 4369 penitus
1427 4288 1561 4367 feratur,
1584 4289 1642 4372 qui
1662 4311 1730 4354 non
1751 4287 1847 4354 modo
1869 4288 1959 4374 leges
1980 4310 2092 4353 omnes
2113 4287 2244 4362 violant,
2268 4284 2325 4348 sed
2348 4289 2410 4351 ab·

394 4371 558 4436 abhorret
614 4370 703 4437 Hinc
736 4391 778 4454 ap
801 4380 872 4437 aret
909 4393 1007 4454 quam
1044 4373 1217 4457 religiosae
1254 4372 1376 4437 11161111
1427 4374 1511 4439 iectu
1537 4374 1661 4457 pudore
1695 4374 1880 4454 libidinose,
1918 4395 2030 4452 avare,
2064 4370 2231 4437 ambitiose
2259 4370 2410 4438 bumana

394 4456 578 4534 electiones,
602 4458 658 4523 ubi
680 4465 749 4522 tum
771 4458 889 4540 supina
911 4457 1111 4542 negligentia
1131 4459 1201 4523 fuit
1428 4459 1549 4525 divinis
1571 4461 1782 4527 commiscent
1803 4469 1836 4524 61
1857 4457 2083 4526 eonfrmdunt?

482 4546 510 4607 2.
563 4543 635 4607 Iam
671 4545 706 4607 in
739 4542 889 4627 eligendo
921 4550 1030 4608 totum
1066 4544 1149 4608 illud
1180 4544 1233 4608 ius
1264 4541 1376 4626 populi
1516 4550 1544 4610 3.
1595 4545 1663 4611 Sed
1690 4547 1896 4612 mentiuntur
1922 4565 2025 4628 quum
2057 4541 2149 4607 aiunt
2176 4541 2237 4606 hoc
2269 4542 2408 4610 remedii

397 4629 562 4694 sublatum
593 4638 651 4694 est.
707 4629 814 4708 Vota,
850 4650 1020 4709 assensus,
1053 4629 1309 4712 subscriptiones
1342 4635 1376 4692 et
1428 4632 1499 4697 1666
1520 4632 1620 4697 fuisse
1641 4633 1822 4696 inventum.
1868 4630 1974 4713 Saepe
1995 4630 2031 4692 in
2058 4627 2217 4711 episcopis
2246 4627 2407 4711 eligendis

397 4715 507 4779 omnia
538 4715 697 4780 eiusmodi
730 4722 944 4780 evanuerunt
1000 4716 1054 4780 Ad
1087 4716 1171 4780 16161
1205 4715 1375 4779 canonicos
1428 4716 1648 4782 tumultuatas
1670 4716 1752 4781 olim
1768 4717 1868 4781 1111116
1886 4715 1983 4780 urbes
2004 4713 2157 4800 legimus3
2179 4735 2275 4777 nemo
2294 4723 2407 4780 tamen

396 4798 524 4882 integra
545 4808 689 4882 potestas
711 4801 870 4867 translata
892 4810 951 4867 611.
1001 4801 1057 4865 Illi
1078 4803 1113 4865 in
1136 4821 1233 4883 quem
1250 4799 1374 4877 volunt,
1429 4822 1574 4885 unquam
1602 4801 1641 4866 de
1669 4800 1844 4866 auferendo
1873 4801 1999 4868 civibus
2026 4801 2100 4864 iure
2127 4799 2272 4883 cogitare
2306 4820 2406 4865 ausus

396 4884 568 4947 conferunt
603 4888 840 4969 episcopatum,
880 4908 956 4952 eum
989 4909 1065 4952 mcx
1098 4888 1133 4950 in
1165 4891 1376 4967 conspectum
1429 4895 1486 4952 est.
1520 4887 1613 4951 Alias
1634 4887 1723 4949 enim
1745 4886 1910 4951 habebant
1932 4886 2003 4951 vias
2024 4885 2142 4969 quibus
2160 4886 2213 4951 vel
2235 4886 2408 4950 obviarent

396 4964 499 5049 plebis
527 4969 724 5051 producunt,
758 4972 816 5038 sed
843 4972 1059 5048 adorandum,
1093 4993 1158 5036 non
1184 4971 1376 5035 examinan-
1429 4973 1481 5038 bis
1502 4971 1601 5049 vitiis,
1623 4971 1765 5037 veliam
1787 4971 1930 5039 admissa
1951 4971 2161 5057 corrigerent
2206 4972 2334 5035 Verum
2356 4971 2408 5036 di·

397 5051 484 5115 dum.
530 5053 631 5136 Atqui
659 5057 815 5122 reclamat
836 5060 922 5137 Leo,
942 5057 966 5140 1)
996 5057 1124 5122 nullam
1150 5055 1314 5120 rationem
1342 5055 1377 5118 id
1429 5077 1502 5124 cam
1529 5055 1609 5139 quid
1634 5057 1684 5122 sit
1729 5056 1841 5139 Quum
1868 5058 2008 5142 populus
2033 5059 2070 5122 in
2099 5055 2227 5122 delectu
2256 5057 2408 5121 habendo

317 5194 324 5201 .
397 5138 519 5216 sinere,
549 5160 586 5203 ae
610 5141 787 5206 violentam
814 5145 1055 5227 impositionem
1082 5163 1154 5209 6116
1176 5140 1375 5232 pronuntiat
1429 5142 1646 5227 negligentior
1674 5164 1745 5210 esse
1775 5144 1946 5227 coepisset,
1979 5152 2014 5210 et
2040 5145 2126 5209 hanc
2154 5163 2280 5221 curam,
2312 5144 2408 5226 quasi

398 5223 601 5309 Cyprianus,
615 5226 644 5309 2)
680 5248 781 5308 quum
808 5231 909 5295 fluere
939 5251 980 5295 ex
1007 5230 1080 5294 iure
1103 5228 1213 5294 divino
1236 5233 1377 5291 testatur
1429 5229 1541 5294 minus
1568 5225 1630 5294 sibi
1661 5237 1913 5315 congruentem,
1948 5231 1983 5295 in
2007 5230 2215 5313 presbyteros
2246 5229 2407 5306 reiiceret,

397 5330 440 5373 ne
461 5312 520 5374 fiat
541 5311 606 5375 nisi
628 5331 671 5375 ex
700 5332 859 5378 consensu
880 5315 1006 5400 populi,
1035 5334 1183 5400 pugnare
1210 5311 1378 5378 diversum
1430 5314 1479 5380 illi
1507 5314 1570 5380 hac
1596 5316 1762 5382 occasione
1790 5316 1832 5381 ad
1858 5316 2068 5403 tyrannidem
2094 5313 2157 5378 sibi
2184 5312 2410 5397 usurpandam

398 5415 525 5461 morem
552 5418 626 5462 cnm
658 5398 758 5463 verbo
784 5398 848 5464 Dei
880 5401 1030 5466 ostendit
1083 5403 1146 5465 ’.161
1178 5397 1377 5484 synodorum
1431 5399 1524 5467 abusi
1539 5409 1626 5480 sunt,
1644 5423 1744 5485 quam
1760 5411 1874 5486 postea
1884 5404 1977 5468 novis
1995 5401 2174 5467 canonibus
2191 5398 2288 5465 editis
2305 5398 2410 5464 stabi-

1430 5485 1561 5553 lierunt
1586 5486 1760 5553 Ordinatio
1777 5494 1888 5554 autem
1898 5487 1983 5552 nibil
1999 5486 2088 5551 aliud
2100 5492 2150 5550 est
2161 5506 2259 5567 quam
2277 5505 2411 5550 merum

1431 5572 1619 5639 ludibrium.
1650 5572 1783 5657 Species
1801 5574 1888 5639 enim
1907 5573 2076 5651 examinis,
2095 5592 2195 5654 quam
2212 5571 2409 5636 1111661161-

473 5667 502 5736 1)
519 5670 606 5738 Epist.
625 5670 666 5725 90.
686 5687 708 5724 6.
727 5669 752 5722 2.
822 5668 853 5736 2)
871 5669 946 5725 Libr.
964 5672 989 5727 2.
1007 5674 1086 5743 epist.
1104 5671 1128 5727 5.
1431 5666 1513 5737 tant,
1536 5659 1617 5724 adso
1638 5659 1746 5724 inanis
1767 5669 1818 5724 est
1838 5666 1872 5722 et
1892 5659 2010 5736 ieiuna,
2041 5664 2079 5722 ut
2099 5656 2189 5721 omni
2211 5658 2310 5722 etiam
2332 5656 2412 5722 luco
