5600 6809
215 5886 229 5946 l

370 871 431 932 209
699 869 789 933 LIB.
812 870 856 934 Π.
902 872 965 936 ΒΕ
986 868 1273 937 OOGNITIONE
1294 870 1379 935 DEI
1399 865 1747 935 REDEMPTORIS.
1792 867 1891 935 OAP.
1915 871 1959 936 IL
1980 872 2045 937 111.
2316 881 2384 942 210

368 1057 426 1122 bro
453 1058 529 1121 locis
553 1053 654 1143 [Psal.
678 1063 753 1136 1193
772 1058 847 1123 ibid.
869 1064 923 1137 51,
947 1057 1018 1145 12])
1046 1060 1218 1124 notandum
1245 1063 1347 1122 tauma
1398 1060 1554 1124 sensitiva
1572 1057 1676 1134 modo,
1699 1057 1756 1121 sed
1776 1059 1812 1120 in
1833 1059 1905 1138 ipsa
1926 1061 2026 1123 etiam
2043 1069 2161 1140 mente,
2185 1071 2283 1146 atque
2303 1064 2380 1131 ideo

369 1148 414 1208 cst
434 1143 489 1207 boc
510 1163 629 1224 quoque
643 1145 797 1224 presumi
818 1145 1006 1209 desideriam
1027 1167 1048 1209 a
1070 1144 1138 1209 Deo
1159 1166 1237 1223 esse,
1266 1144 1347 1224 qaod
1398 1147 1469 1210 eius
1497 1145 1628 1227 exigere
1650 1144 1904 1207 renovationem.
1949 1146 1995 1208 Et
2018 1167 2096 1211 sane
2118 1170 2191 1212 eam
2212 1150 2379 1217 humanae

369 1249 408 1294 eu
436 1230 505 1292 eius
528 1230 630 1293 cabis
652 1229 790 1311 codipcrc
812 1231 888 1295 licet.
935 1232 1021 1295 Num
1043 1251 1138 1312 quum
1161 1236 1239 1312 optet
1259 1232 1293 1294 iu
1314 1249 1347 1293 sc
1398 1239 1538 1295 naturae
1555 1231 1733 1311 imaginem
1750 1229 1848 1310 paulo
1866 1237 1943 1292 ante
1961 1229 2163 1312 depinxerat,
2186 1256 2268 1316 quae
2286 1238 2380 1302 nulla

369 1335 422 1380 θον
448 1315 599 1379 nmmum
620 1317 735 1394 creari,
765 1322 842 1380 certe
863 1318 1027 1380 creationis
1049 1318 1176 1379 initium
1203 1316 1265 1380 eibi
1286 1336 1347 1379 aon
1399 1318 1435 1380 in
1457 1327 1551 1400 parte
1574 1336 1634 1379 nos
1656 1336 1722 1378 non
1745 1322 1917 1396 corruptos
1935 1337 1971 1379 ae
1990 1336 2162 1398 perversos
2181 1340 2252 1385 csse
2269 1330 2379 1387 osten-

369 1405 503 1482 arroput.
530 1400 624 1467 .Ideo
656 1402 744 1480 apud
775 1422 832 1466 aas
858 1403 966 1483 potius
998 1403 1101 1466 colem
1129 1403 1211 1466 illud
1237 1402 1348 1483 Arqa
1400 1401 1501 1466 deret.
1552 1402 1637 1465 Nam
1669 1399 1758 1482 quod
1790 1409 1905 1481 gentes
1939 1422 2053 1466 omnes
2081 1404 2195 1468 scribit
2223 1407 2322 1489 (Eph.
2346 1414 2377 1487 4,

369 1485 503 1569 stiai:¹)
521 1487 684 1566 promouit
705 1491 731 1550 tc
755 1486 1078 1565 flaccescentium
1105 1490 1253 1568 praeveni
1271 1493 1298 1550 et
1314 1494 1348 1551 ta
1404 1493 1451 1552 17.
1479 1491 1532 1572 18)
1561 1486 1729 1551 ambulare
1756 1487 1792 1548 in
1813 1487 1959 1550 vanitate
1981 1491 2102 1552 mentis
2125 1510 2216 1565 suae,
2245 1493 2379 1557 obtene-

370 1571 543 1652 aliquando
563 1573 631 1634 eius
653 1574 745 1635 iram.
793 1573 970 1653 Qamnodo?
998 1574 1137 1653 confitere
1158 1576 1220 1637 istu
1241 1575 1348 1637 omitia
1400 1574 1510 1638 bratas
1533 1593 1603 1637 esse
1624 1572 1853 1654 intelligentia,
1877 1572 2035 1636 alienatas
2057 1595 2077 1636 a
2098 1575 2167 1638 vita
2184 1575 2257 1651 Dei,
2281 1599 2379 1661 prop-

370 1678 393 1722 a
413 1654 483 1721 Dec
504 1661 532 1721 ta
552 1657 677 1736 habere
704 1659 856 1739 quidquid
885 1659 956 1723 boui
982 1659 1075 1722 babes
1105 1681 1169 1724 esse
1198 1660 1235 1722 ab
1263 1661 1348 1739 ipso,-
1400 1669 1452 1722 ter
1473 1658 1693 1742 ignorantiam
1711 1677 1794 1740 quae
1815 1659 1851 1721 in
1868 1657 1948 1740 ipsis
1966 1667 2024 1728 est.
2048 1667 2082 1721 et
2099 1660 2290 1726 caecitatem
2308 1683 2379 1727 eor·

371 1764 394 1808 u
410 1747 446 1821 tc,
468 1743 622 1823 quidquid
643 1748 686 1806 est
702 1744 788 1808 mali.
821 1743 866 1808 Ec
879 1745 981 1825 paulo
996 1750 1085 1827 poet:
1106 1751 1246 1810 aearum
1267 1745 1350 1809 nibil
1401 1744 1452 1808 dis
1479 1745 1544 1822 sui,
1574 1743 1710 1806 minime
1739 1750 1790 1806 θεῖ
1817 1743 1958 1808 dubium
1981 1744 2060 1825 quin
2082 1754 2246 1827 competat
2267 1747 2380 1812 ineos

371 1828 437 1893 uisi
452 1833 620 1909 peccatum
741 1900 746 1908 ,
1401 1850 1515 1894 οιεεθε
1536 1850 1616 1911 quos
1634 1827 1798 1892 Dominus
1819 1828 1861 1892 ad
1882 1829 2112 1894 rectitudinem
2134 1853 2212 1895 suae
2234 1840 2306 1896 tum
2328 1854 2380 1899 sa·

1400 1916 1558 1998 pientiae,
1587 1922 1658 1977 tum
1683 1914 1830 1978 iustitiae
1859 1914 2005 1978 nondum
2031 1917 2229 1981 reformavit
2282 1917 2380 1998 Quod

441 1998 444 2002 ’
1402 2003 1500 2065 etiam
1532 2001 1651 2064 clarius
1682 2002 1720 2063 fit
1753 2019 1794 2063 ex
1826 2002 2070 2081 comparatione
2101 2022 2181 2066 mox
2211 2002 2379 2070 adiuncta:

1401 2086 1457 2151 ubi
1483 2086 1597 2151 fideles
1626 2083 1781 2148 admonet
1808 2085 1896 2166 quod
1924 2106 1992 2150 non
2019 2087 2065 2151 ita
2089 2087 2261 2153 didicerint
2282 2088 2381 2155 Obri-

393 2257 398 2267 .
1401 2166 1497 2270 stum.
1543 2170 1714 2270 Siquidem
1737 2192 1779 2234 ex
1800 2171 1871 2235 istis
1893 2171 2003 2268 verbis
2025 2172 2224 2255 colligimus,
2254 2174 2383 2241 Christi>

371 2293 443 2378 a
482 2303 682 2404 ...qe
718 2294 898 2376 aa...
937 2308 1089 2378 a...
1125 2296 1233 2377 aa
1268 2296 1349 2378 ιθ
1401 2257 2256 2423 suurazucumulassent
2276 2283 2380 2410 aa

639 2414 876 2497 damnabile
907 2417 1086 2526 prodire.
1402 2437 1435 2493 et
1472 2431 1520 2492 ita
1552 2429 1592 2492 de
1625 2447 1728 2510 regno
1762 2426 1888 2492 Christi
1921 2428 2119 2493 vaticinatus
2153 2438 2225 2494 erat
2257 2431 2380 2497 Ieszuas

1403 2515 1468 2597 (60,
1482 2516 1526 2596 2),
1549 2534 1652 2596 quum
1663 2513 1845 2576 Dominum
1864 2513 2019 2578 ccclesiae
2037 2535 2116 2578 suae
2133 2516 2203 2579 fore
2219 2518 2255 2580 in
2272 2516 2381 2582 lucem

462 2603 489 2662 l.
547 2595 615 2662 Sed
646 2597 763 2662 melius
794 2582 892 2662 hoino
925 2605 1062 2680 utraque
1095 2599 1223 2681 animae
1255 2608 1349 2681 parte
1401 2600 1636 2683 sempiternam
1668 2598 1892 2680 promitteret;
1927 2620 2028 2681 quum
2060 2601 2193 2665 interim
2225 2604 2381 2668 tenebrae

372 2684 526 2767 cognosci
552 2705 619 2747 non
646 2691 766 2766 potest,
796 2705 894 2766 quam
921 2686 949 2748 si
977 2707 1051 2749 cum
1080 2686 1147 2749 suis
1172 2685 1287 2769 elogiis
1314 2687 1349 2749 in
1401 2687 1592 2769 obtegerent
1613 2694 1746 2762 terram,
1770 2691 1803 2747 et
1819 2684 1924 2767 caligo
1941 2686 2087 2768 populos.
2121 2685 2234 2765 Quum
2255 2689 2292 2751 in
2312 2688 2382 2753 sola

371 2769 520 2835 medium
541 2768 690 2851 prodeat,
720 2767 837 2850 quibus
860 2789 879 2831 a
901 2771 1062 2851 scriptura
1080 2762 1265 2853 insignitur.
1310 2769 1349 2836 Si
1401 2772 1538 2836 ecelesia
1558 2772 1761 2833 exoriturum
1772 2767 1837 2833 Dei
1857 2770 1964 2835 lucem
1985 2779 2136 2847 testetur,
2158 2779 2255 2838 extra
2277 2773 2380 2839 eecle-

370 2863 462 2921 totus
473 2854 663 2937 depingitur
680 2855 732 2918 his
744 2853 870 2919 Ohristi
882 2856 990 2943 verbis
1008 2855 1135 2939 (Ioann.
1150 2860 1178 2933 3,
1191 2856 1242 2941 6):
1264 2856 1349 2939 quod
1401 2858 1484 2921 siam
1504 2866 1592 2921 certe
1613 2875 1682 2919 non
1701 2855 1765 2919 nisi
1776 2855 1928 2919 tenebras
1949 2864 1983 2919 et
2004 2858 2195 2922 caecitatem
2217 2858 2380 2941 relinquit

371 2949 489 3007 natum
507 2948 617 3005 estex
635 2950 742 3017 carne,
764 2961 839 3005 caro
857 2949 907 3005 est
924 2940 977 3023 (ut
994 2942 1145 3006 evincere
1163 2950 1348 3024 promptum
1402 2943 1477 3006 Non
1500 2941 1674 3006 recensebo
1695 2941 1864 3023 sigillatim
1883 2962 1966 3023 quae
1986 2943 2020 3004 in
2039 2942 2181 3006 hominis
2202 2946 2383 3009 vanitatem

372 3026 452 3112 est),
481 3025 580 3091 valde
610 3027 768 3089 miserum
794 3047 864 3090 csse
887 3027 1009 3090 animal
1030 3028 1243 3092 eonvmcitur.
1289 3028 1349 3092 Af·
1402 3029 1533 3110 passim,
1553 3028 1588 3090 in
1606 3026 1741 3108 psalmis
1754 3028 1949 3108 praesertim
1967 3034 2000 3090 ct
2016 3028 2193 3108 prophetis,
2208 3028 2381 3095 habentur.

370 3112 476 3178 fectus
498 3112 589 3176 enim
610 3112 727 3189 carnis,
749 3121 833 3176 teste
855 3112 998 3193 apostolo
1016 3113 1125 3195 (Rom.
1146 3117 1175 3191 8,
1195 3113 1238 3195 6),
1262 3136 1349 3179 mors
1402 3115 1564 3197 Magnum
1592 3110 1754 3193 estquod
1781 3112 1896 3176 scribit
1916 3110 2028 3177 David
2050 3113 2153 3196 (Psal.
2173 3118 2228 3192 62,
2252 3117 2319 3198 Iol:
2355 3117 2383 3181 si

371 3206 437 3278 est;
470 3196 736 3281 quandoquidem
766 3197 938 3262 inimicitia
970 3208 1020 3262 cst
1047 3196 1204 3264 adversus
1231 3201 1349 3278 Deum,
1403 3219 1479 3264 cum
1496 3199 1642 3264 vanitate
1660 3196 1873 3280 appendatur,
1896 3198 1968 3278 ipsa
1984 3197 2053 3261 fore
2071 3199 2248 3262 vaniorem.
2277 3199 2382 3266 Gravi

370 3304 473 3368 eoque
496 3282 563 3366 legi
585 3283 649 3346 Dei
671 3304 731 3347 nec
752 3282 910 3361 subditur,
933 3304 994 3349 nee
1016 3283 1110 3349 subdi
1132 3291 1246 3366 potest
1282 3286 1350 3349 Ita-
1404 3286 1468 3349 telo
1501 3284 1685 3350 confoditur
1712 3283 1782 3348 cius
1809 3283 1993 3365 ingenium,
2028 3305 2131 3366 quum
2159 3304 2272 3349 omncs
2298 3308 2383 3367 quae

370 3392 412 3436 ne
434 3376 486 3434 est
506 3389 664 3451 perversa
685 3388 768 3446 earo,
791 3376 829 3431 ut
849 3375 916 3432 toto
938 3390 996 3433 suo
1014 3371 1133 3435 affeetu
1152 3371 1352 3436 simultatem
1403 3371 1480 3435 inde
1501 3369 1665 3454 prodeunt
1691 3369 1904 3452 cogitationes
1930 3377 1969 3433 εῖ
1990 3368 2123 3448 εῖεΙῖθθ,
2152 3369 2302 3449 frivolae,
2332 3372 2384 3435 in·

371 3455 532 3520 adversus
554 3452 666 3518 Deum
688 3454 860 3519 exerceat?
889 3462 926 3518 ut
952 3476 1026 3518 cum
1048 3455 1129 3539 legis
1151 3455 1281 3522 divinae
1301 3459 1351 3521 iu·
1404 3478 1513 3535 sanae,
1535 3473 1709 3539 perversae
1730 3453 1918 3518 irridentur.

370 3541 464 3607 stitia
489 3540 676 3617 consentire
702 3538 862 3621 nequeat?
896 3549 934 3604 ut
960 3541 1043 3604 nihil
1071 3541 1210 3624 denique
1237 3563 1351 3625 parere
1491 3547 1519 3607 2.
1564 3541 1678 3606 Nihilo
1700 3540 1805 3604 levior
1826 3551 1877 3605 θεῖ
1898 3540 2004 3605 cordis
2022 3539 2258 3619 condemnatio,
2281 3562 2385 3624 quum

369 3633 479 3710 queat,
502 3626 569 3690 nisi
591 3626 706 3689 mortis
726 3625 921 3689 materiam?
962 3627 1060 3691 Nune
1081 3627 1132 3692 fae
1153 3629 1188 3693 in
1210 3628 1351 3694 heminis
1403 3627 1649 3693 fraudulentum
1678 3625 1798 3691 dieitur
1825 3626 1903 3710 (Icr.
1926 3630 1979 3703 17,
1999 3626 2034 3708 9)
2062 3646 2141 3708 prae
2170 3627 2260 3690 omni
2288 3649 2324 3692 re
2350 3634 2385 3692 et

369 3719 492 3778 natura
513 3710 599 3776 nihil
627 3731 697 3775 θεεθ
719 3711 783 3776 nisi
805 3731 945 3790 earnem,
973 3712 1101 3777 atinde
1123 3713 1298 3796 quidpiam,
1324 3715 1353 3779 si
1403 3734 1604 3796 perversum.
1639 3710 1708 3778 Sed
1725 3713 1802 3794 quia
1820 3710 1974 3776 brevitati
1991 3711 2113 3790 studeo,
2136 3720 2309 3777 contentus
2327 3733 2384 3778 ero

410 3806 478 3876 tes,
512 3797 592 3862 boni
614 3796 702 3862 elice.
746 3797 920 3862 At'camis
941 3799 1133 3864 vocabulum
1155 3799 1197 3864 ad
1218 3821 1353 3865 sensua
1404 3821 1470 3863 uno
1491 3806 1622 3864 tantum
1643 3798 1729 3876 loco,
1757 3798 1814 3880 qui
1840 3806 1951 3862 tamen
1974 3797 2165 3863 lucidissimi
2187 3798 2311 3880 speculi
2332 3800 2384 3864 in-

381 3906 434 3950 em
468 3883 616 3967 pertinet
647 3891 791 3959 tantum,
824 3902 890 3945 non
923 3882 964 3947 ad
996 3887 1196 3966 superiorem
1224 3888 1351 3951 animae
1404 3893 1473 3950 star
1493 3886 1624 3949 futurus
1646 3885 1698 3961 sit,
1721 3885 1755 3947 in
1778 3903 1841 3964 quo
1863 3889 1966 3946 totam
1988 3892 2127 3948 naturae
2148 3893 2280 3948 nostrae
2300 3885 2385 3949 ima·

367 3977 508 4054 partem.
556 3967 597 4031 Id
624 3989 702 4033 vero
729 3988 771 4032 ex
802 3970 911 4033 verbis
936 3976 969 4033 et
996 3969 1121 4035 Christi
1153 3980 1187 4035 et
1214 3973 1351 4054 apostoli
1405 3972 1516 4055 ginem
1547 3971 1743 4034 intueamur.
1788 3968 1966 4050 Apostolus
1999 3970 2100 4048 enim,
2135 3969 2215 4033 dum
2248 3969 2385 4034 humani

369 4053 501 4122 abunde
524 4053 695 4118 refellitur.
739 4054 983 4135 Argumentum
1005 4064 1056 4120 est·
1076 4055 1226 4133 Domini,
1256 4078 1351 4140 opor·
1405 4056 1535 4139 generis
1565 4056 1786 4137 arrogantiam
1813 4054 1887 4117 vult
1915 4052 2068 4132 deiicere,
2103 4054 2156 4119 his
2188 4055 2384 4121 testimoniis

367 4150 440 4208 tere
466 4140 639 4206 hominem
667 4140 808 4215 renasci,
836 4141 913 4220 quia
941 4161 1014 4205 caro
1036 4150 1094 4205 est.
1137 4143 1211 4206 Non
1236 4165 1350 4208 secun·
1405 4142 1475 4224 agit
1501 4138 1758 4225 (Rom.3,1o):
1788 4138 1875 4220 quod
1903 4160 1969 4203 non
1995 4149 2043 4204 est
2067 4143 2172 4204 iustus
2200 4142 2382 4223 quisquam,

367 4227 448 4294 dum
470 4246 593 4308 eorpus
614 4226 741 4289 renasci
763 4226 927 4306 praecipit.
971 4227 1130 4308 Animal)
1154 4238 1263 4292 autem
1285 4250 1351 4293 non
1404 4249 1470 4290 non
1490 4234 1541 4290 est
1559 4225 1755 4308 intelligens,
1778 4236 1836 4288 aut
1856 4227 2025 4306 requirens
2045 4227 2170 4303 Deum;
2192 4248 2305 4291 omnes
2327 4225 2383 4290 de·

364 4313 572 4388 renascitur,
597 4310 625 4375 si
648 4311 830 4393 corrigatur
852 4311 960 4392 aliqua
982 4314 1051 4376 eius
1073 4314 1194 4394 portio,
1217 4313 1274 4378 sed
1295 4315 1351 4378 ubi
1404 4312 1625 4386 clinaverunt,
1655 4311 1753 4375 simul
1782 4310 1914 4374 inutiles
1935 4312 2014 4375 facti
2037 4321 2131 4388 sunt;
2164 4333 2231 4374 non
2254 4310 2382 4390 estqui

361 4408 435 4465 tcta
462 4403 657 4463 renovatur.
702 4396 805 4477 quue
833 4399 1005 4460 confirmat
1037 4406 1174 4480 utroque
1200 4398 1270 4463 loeo
1293 4420 1350 4481 po·
1403 4399 1502 4462 faciat
1527 4395 1664 4472 bonum,
1695 4417 1737 4459 ne
1760 4417 1846 4460 unus
1874 4396 2005 4478 quidem
2012 4420 2020 4474 ;
2054 4395 2239 4478 sepulcrum
2266 4403 2382 4475 patens

359 4486 431 4552 sita
454 4482 642 4550 antithesis.
677 4479 733 4546 Sic
756 4483 842 4545 enim
866 4483 955 4546 carni
978 4492 1185 4565 eomparatur
1206 4486 1348 4566 spiritus,
1404 4491 1455 4547 est
1476 4488 1591 4564 guttur
1612 4503 1740 4556 eorum,
1769 4482 1892 4564 linguis
1918 4483 1985 4546 suis
2008 4482 2116 4545 dolose
2139 4488 2253 4560 agunt,
2282 4498 2382 4541 vene·

356 4582 405 4637 ut
432 4571 520 4634 nihil
548 4568 754 4649 relinquatur
779 4567 931 4631 medium.
976 4569 1066 4651 Ergo
1096 4568 1251 4651 quidquid
1283 4591 1349 4634 non
1404 4590 1483 4633 num
1511 4566 1661 4649 aspidum
1689 4568 1751 4632 sub
1777 4567 1873 4632 labiis
1898 4588 2032 4642 eorum;·
2057 4585 2193 4646 quorum
2222 4584 2257 4625 os
2279 4562 2382 4625 male-

351 4667 417 4722 θεῖ
441 4653 617 4739 spirituale
645 4653 680 4716 in
703 4653 849 4729 homine,
885 4652 1062 4718 seeundum
1090 4675 1164 4718 eam
1190 4657 1351 4719 rationem
1404 4654 1545 4718 dictione
1571 4653 1723 4735 plenum,
1757 4663 1790 4718 et
1819 4651 2053 4728 amaritudine3
2085 4668 2221 4728 quorum
2255 4646 2383 4712 veloces

352 4741 489 4809 dicitur
523 4759 690 4806 carneum.
746 4739 837 4802 Nihil
872 4749 983 4803 autem
1017 4740 1174 4805 habemus
1207 4742 1349 4823 spiritus,
1404 4739 1502 4824 pedes
1529 4739 1570 4803 ad
1597 4739 1835 4803 effundendum
1863 4738 2071 4818 sanguinem3
2098 4733 2217 4796 inviis
2243 4754 2381 4814 quorum

720 2134 871 2202 ossus
894 2136 957 2201 111.
967 2136 996 2220 2)

343 4829 433 4894 nisi
459 4847 521 4910 per
548 4824 842 4908 regenerationem.
887 4826 949 4889 Est
970 4826 1072 4908 igitur
1100 4847 1173 4891 caro
1195 4826 1350 4909 quidquid
1404 4827 1556 4890 contritio
1578 4832 1619 4902 Ιθῖ
1646 4825 1833 4897 infelicitas:
1863 4824 1979 4905 quibus
2008 4840 2086 4899 prae
2113 4816 2215 4881 oeulis
2243 4839 2310 4882 non
2333 4827 2385 4884 est
2500 4823 2503 4831 “

342 4912 529 4978 habemus
558 4932 579 4975 a
606 4918 733 4973 natura.
778 4911 903 4975 Verum
932 4911 972 4976 de
1000 4933 1039 4976 ea
1064 4934 1100 4976 re
1128 4914 1154 4977 si
1183 4935 1248 4995 qua
1270 4914 1351 4978 alias
1403 4913 1503 4976 timor
1523 4912 1596 4976 Dei.
1642 4911 1706 4974 His
1733 4909 1926 4975 fulminibus
1953 4925 2017 4967 non
2037 4904 2074 4965 in
2095 4911 2200 4966 certos
2222 4904 2381 4985 homines,

464 5007 479 5061 t
512 5018 585 5062 esse
619 4995 792 5074 dubitatio,
833 5018 872 5062 ca
910 4998 1002 5061 nobis
1035 5020 1072 5062 a·
1086 4999 1191 5063 Panlo
1224 5000 1351 5063 tollitur
1405 4997 1460 5062 sed
1484 4998 1520 5060 in
1542 4997 1730 5060 universam
1759 4996 1899 5060 filiorum
1925 4989 2032 5053 Adam
2061 4989 2226 5054 nationem
2253 4991 2382 5056 invehi-

385 5085 470 5167 Ilph.
491 5089 526 5161 4,
549 5082 623 5166 23):
658 5082 714 5146 ubi
746 5082 907 5165 descripto
940 5086 1052 5148 veteriv
1075 5085 1221 5162 homine,
1254 5106 1351 5168 quem
1405 5094 1468 5148 tur.
1501 5083 1616 5165 Neque
1638 5083 1673 5144 in
1694 5083 1793 5146 unius
1815 5088 1871 5142 aut
1893 5075 2028 5137 alterius
2046 5076 2167 5140 saeculi
2187 5076 2384 5161 depravatos

399 5171 404 5182 '
428 5179 499 5235 erat
518 5173 709 5249 corruptum
732 5189 802 5232 esse
820 5171 1090 5251 concupiscentiis
1108 5173 1237 5246 erroris,
1261 5172 1352 5235 iubet
1404 5190 1511 5234 mores
1529 5168 1699 5243 declamat,
1723 5166 1780 5230 sed
1798 5171 1927 5228 accusat
1944 5168 2139 5242 perpetuam
2155 5171 2294 5243 naturae
2312 5184 2384 5228 cor-

336 5276 431 5321 nus
462 5254 618 5321 renovari
651 5254 767 5334 spiritu
799 5256 918 5319 mentis
949 5265 1088 5321 nostrae.
1141 5256 1242 5322 Vides
1276 5276 1351 5321 cum
1404 5256 1599 5339 ruptionem.
1646 5250 1815 5332 Siquidem
1846 5245 2050 5327 propositum
2082 5247 2130 5310 illi
2158 5258 2209 5313 θεῖ
2240 5270 2278 5313 eo
2311 5250 2382 5313 loeo

335 5350 438 5407 non
464 5361 589 5427 ponere
615 5339 746 5404 illicitas
772 5360 809 5402 ao
836 5360 954 5421 pravas
980 5341 1174 5424 cupiditates
1201 5345 1235 5407 in
1258 5349 1351 5427 parte
1405 5365 1471 5407 non
1492 5340 1684 5421 simpliciter
1706 5335 1853 5397 homines
1872 5332 2059 5414 obiurgare,
2087 5355 2150 5415 que
2180 5335 2381 5414 resipiscant,

1405 5428 1463 5493 sed
1485 5426 1599 5490 docere
1621 5423 1728 5504 potius
1750 5417 1952 5481 ineluctabili
1980 5417 2165 5484 calamitate
2191 5438 2303 5482 omnes
2325 5439 2382 5500 op-

1404 5532 1541 5596 pressos,
1566 5529 1583 5570 θ
1605 5526 1669 5587 qua
1690 5524 1857 5585 emergere
1875 5524 1941 5600 non
1957 5505 2091 5603 possint,
2114 5506 2177 5568 nisi
2200 5503 2384 5603 misericqu

444 5647 472 5714 1)
500 5648 540 5700 Dc
565 5649 641 5699 verb.
667 5654 752 5713 npost.
777 5660 855 5695 serm.
880 5642 920 5694 10θ
995 5642 1025 5708 2)
1049 5644 1110 5697 Hoc
1134 5648 1222 5712 capite
1242 5664 1351 5713 procce-
1405 5599 1459 5662 dis
1480 5597 1544 5660 Der
1566 5599 1731 5685 eruantur.
1770 5587 1812 5652 Id
1830 5609 1908 5670 quia
1929 5591 2060 5689 proban
2082 5611 2148 5653 non
2168 5593 2298 5685 poterat
2319 5610 2384 5653 nnn

359 5711 465 5769 derue
485 5714 616 5770 editionis
646 5713 711 5781 Gap.
737 5711 780 5765 11.
805 5713 827 5778 ξ.
849 5709 963 5764 47-60
988 5718 1217 5781 repraesentatur.
1320 5717 1350 5781 3)
1405 5681 1445 5746 de
1467 5678 1566 5778 ΨΜ,
1579 5682 1612 5738 et
1633 5682 1733 5770 ⁰i¹t¹⁰
1753 5681 1891 5741 naturae
1909 5682 2120 5772 θθΰθῧῑῐξθθῧι
2143 5672 2281 5756 Pmmht
2302 5673 2385 5741 haffl

368 5780 621 5850 leccestrasira
638 5797 728 5836 omme
744 5781 827 5834 mate.-
844 5781 939 5833 ammo.
1311 5772 1315 5783 '
1405 5775 1599 5838 testimoma,
1618 5759 1736 5840 quibus
1752 5760 1829 5844 plus
1845 5783 1945 5845 quam
1962 5759 2123 5845 perditam
2141 5779 2213 5823 esse
2230 5763 2385 5824 naurram

409 5868 418 5884 “
482 5870 594 5926 Οεῑθὶεί
608 5884 700 5937 opera
742 5866 799 5922 Vol.
816 5866 859 5923 11.
2146 5859 2181 5914 14
