5600 6809
368 766 430 828 ree
719 760 809 827 nm.
833 762 893 826 rv.
937 762 1001 826 nn
1023 759 1260 827 namnum
1282 760 1449 828 uanus
1472 761 1537 827 au
1559 759 1789 828 saturnu
1834 761 1934 830 oar.
1954 737 2019 829 iv.
2313 771 2377 832 aar

330 960 406 1002 ·ea
427 939 462 1001 in
488 958 523 1000 re
551 934 816 1000 mediocritatem.
861 934 908 997 Et
929 939 1040 997 tamen
1067 933 1224 1017 quidquid
1245 955 1344 1018 peeu-
1397 934 1521 999 derent
1567 933 1692 999 Omnes
1716 940 1826 1000 autem
1853 936 1909 1018 qui
1940 936 2100 1001 eiusmodi
2130 938 2287 1004 tirociniis
2314 940 2376 1003 im·

369 1024 443 1087 niae
462 1021 529 1086 illic
553 1020 785 1096 collocabatur,
812 1018 939 1084 salvum
961 1020 1159 1102 pauperibus
1180 1019 1343 1100 manebat,
1396 1021 1590 1099 buebantur,
1614 1021 1758 1103 generali
1778 1021 1911 1086 nominc
1934 1022 2133 1087 vocabantur
2150 1023 2268 1089 clerici.
2293 1025 2374 1090 Vel-

369 1111 474 1191 siqua
492 1109 597 1171 maior
614 1107 791 1171 necessitas
808 1103 982 1169 incidisset.
1007 1105 1225 1190 ItaCyrillus,
1243 1127 1346 1189 quum
1397 1106 1462 1171 lem
1493 1105 1644 1188 equidem
1662 1105 1686 1190 ¹)
1721 1106 1810 1172 aliud
1838 1128 1958 1172 nomen
1987 1108 2094 1191 magis
2123 1109 2294 1192 proprium
2322 1110 2374 1174 in·

367 1196 470 1259 fames
492 1193 798 1276 Hierosolymorum
825 1191 1028 1273 provinciam
1055 1199 1256 1273 occupasset,
1285 1214 1345 1257 nec
1398 1191 1503 1256 ditum
1523 1191 1588 1257 illis
1610 1192 1718 1257 luisse.
1763 1192 1855 1258 Haec
1881 1195 1970 1258 enim
1993 1194 2169 1276 appellatio
2191 1217 2233 1259 ex
2256 1217 2376 1276 errore,

368 1287 478 1364 posset
500 1279 595 1343 aliter
617 1278 747 1360 inopiae
768 1275 951 1353 subveniri,
977 1296 1057 1342 vasa
1085 1285 1118 1341 et
1143 1285 1252 1342 vestes
1279 1276 1344 1342 dis·
1396 1277 1450 1343 vcl
1472 1285 1560 1342 certe
1578 1298 1682 1360 prava
1703 1278 1872 1344 affectione
1886 1279 2005 1364 ²)nata
2026 1289 2089 1343 eet:
2111 1303 2212 1363 quum
2234 1288 2304 1345 tota
2323 1305 2375 1348 eo-

369 1366 484 1442 traxit,
516 1386 553 1428 ac
579 1365 755 1447 insumpsit
776 1363 811 1425 in
830 1382 1012 1444 pauperum
1030 1361 1225 1427 alimoniam.
1245 1362 1269 1446 ¹)
1291 1361 1345 1428 Si·
1398 1363 1496 1428 alesia
1523 1363 1644 1440 clerus,
1673 1364 1735 1429 hoc
1763 1371 1813 1429 est
1839 1365 2023 1430 haereditas
2049 1366 2201 1444 Domini,
2226 1389 2244 1431 a
2272 1368 2373 1433 Petro

370 1451 493 1516 militer
527 1451 662 1515 Acutius
695 1447 834 1513 Amidae
868 1449 1056 1530 episcopus,
1092 1470 1192 1529 quum
1225 1469 1347 1532 magna
1399 1448 1527 1514 dicatur
1559 1448 1591 1534 (1
1621 1449 1710 1514 Petr.
1737 1454 1771 1529 5,
1800 1450 1844 1534 3).
1895 1452 2009 1533 Ipsum
2042 1460 2153 1516 tamen
2185 1453 2373 1519 institutum

372 1538 549 1602 Persarum
583 1534 758 1599 multitudo
790 1534 876 1598 fame
908 1533 1145 1615 propemodum
1185 1535 1344 1612 interiret,
1399 1543 1551 1600 sanctum
1578 1556 1616 1600 ac
1648 1535 1790 1600 salutare
1822 1536 1984 1619 imprimis
2009 1538 2087 1614 fuit,
2121 1545 2160 1601 ut
2186 1539 2240 1620 qui
2274 1561 2308 1604 se
2336 1562 2375 1605 ac

372 1623 554 1688 eenvoeatis
571 1621 706 1699 clericis,
729 1627 763 1684 et
784 1619 897 1685 habita
917 1619 1085 1701 praeclara
1105 1618 1163 1684 illa
1184 1621 1344 1685 oratione:
1399 1641 1494 1685 suam
1522 1641 1654 1704 operam
1681 1621 1835 1686 ecclesiae
1862 1643 2052 1687 consecrare
2079 1624 2217 1702 vellent,
2244 1625 2291 1689 ita
2314 1626 2374 1691 sub

371 1711 464 1774 Deus
481 1715 593 1772 noster
609 1727 715 1789 neque
733 1704 830 1770 discis
847 1726 952 1787 neque
969 1704 1124 1771 calicibus
1142 1726 1223 1787 opus
1237 1706 1346 1784 babet,
1399 1707 1542 1789 episcopi
1574 1705 1720 1772 custodia
1752 1707 1985 1786 educarentur,
2019 1730 2060 1772 ne
2093 1710 2164 1791 quis
2195 1711 2260 1774 nisi
2291 1710 2374 1776 bene

372 1797 449 1878 quia
466 1814 571 1876 neque
589 1790 729 1858 eomedit
748 1813 772 1855 n
813 1811 854 1854 uc
872 1790 954 1856 bibit
960 1814 969 1869 ;
991 1811 1071 1856 vasa
1088 1792 1243 1857 conflavit
1259 1791 1347 1857 unde
1399 1792 1639 1876 praeformatus
1668 1793 1821 1858 ecelesiae
1842 1795 2060 1871 ministraret,
2088 1802 2122 1859 et
2145 1796 2201 1877 qui
2224 1817 2243 1859 a
2268 1799 2375 1879 prima

372 1881 501 1946 miseris
518 1888 552 1942 et
573 1879 684 1942 cibum
701 1884 735 1941 et
751 1897 787 1940 re
811 1876 984 1958 emptionis
1001 1877 1142 1959 pretium
1166 1879 1347 1943 conficeret.
1400 1877 1621 1942 adulescentia
1638 1884 1710 1942 tum
1728 1888 1874 1944 sanctam
1892 1878 2073 1944 doctrinam
2095 1881 2285 1960 imbibisset,
2304 1892 2376 1946 tum

373 1967 597 2049 Hieronymus
606 1963 635 2048 ²)
660 1983 800 2045 quoque,
825 1961 904 2026 dum
928 1963 963 2026 in
985 1962 1125 2027 nimium
1150 1963 1348 2046 templorum
1399 1986 1441 2028 ex
1464 1964 1627 2028 severiore
1645 1963 1816 2047 disciplina
1838 1965 2009 2047 gravitatis
2031 1965 2265 2048 sanctiorisquc
2289 1969 2377 2033 vitae

373 2050 578 2136 splendorem
601 2049 784 2131 invehitur„
797 2047 929 2112 honoris
947 2068 1045 2113 causa
1061 2049 1267 2130 Eruperium
1284 2050 1347 2114 To·
1401 2049 1549 2114 habitum
1577 2049 1741 2132 quendam
1769 2049 1944 2128 induisset,
1973 2059 2045 2114 tum
2069 2072 2089 2114 a
2117 2053 2203 2116 curis
2231 2054 2375 2136 profanis

373 2139 459 2203 losae
482 2137 670 2219 episcopum
689 2135 740 2198 sui
760 2134 916 2216 temporis
937 2134 1047 2213 refert,
1069 2135 1125 2218 qui
1145 2156 1262 2217 corpus
1278 2136 1347 2200 Do-
1399 2135 1515 2200 fuisset
1537 2135 1680 2214 alienus,
1709 2136 1860 2217 curisque
1882 2158 1919 2200 ac
1941 2136 2058 2200 studiis
2080 2138 2304 2220 spiritualibus
2323 2160 2374 2203 as·

372 2223 455 2287 mini
477 2223 513 2286 in
536 2222 677 2286 canistro
699 2220 842 2285 vimineo
864 2220 1023 2301 portabat,
1047 2229 1080 2284 et
1101 2222 1295 2369 sanguinem
1312 2223 1349 2286 in
1400 2222 1574 2286 suefactus.
1625 2219 1910 2301 Quemadmodum
1940 2231 2049 2287 autem
2082 2223 2218 2288 militiae
2251 2225 2375 2289 tirones

373 2310 476 2386 vitro;
498 2306 624 2372 nullum
648 2328 726 2371 vero
743 2326 921 2387 pauperem
940 2307 1063 2370 esurire
1080 2307 1167 2388 patie
1209 2314 1274 2370 tur.
1308 2306 1349 2372 Id
1400 2306 1630 2372 umbratilibus
1652 2309 1772 2391 pugnis
1793 2307 2012 2372 instituuntur
2034 2306 2075 2373 ad
2097 2330 2213 2373 verum
2238 2312 2375 2374 serium-

260 2451 264 2457 .
374 2393 459 2476 quod
488 2413 593 2474 nuper
619 2392 659 2456 de
680 2391 797 2456 Acatio
824 2389 908 2470 dixi,
932 2392 1126 2456 Ambrosius
1154 2390 1194 2456 de
1222 2415 1257 2457 se
1278 2394 1348 2474 ipso
1401 2414 1464 2475 que
1486 2401 1661 2470 certamen,
1685 2394 1732 2457 sio
1749 2399 1844 2457 erant
1865 2402 1955 2458 certa
1974 2393 2161 2458 rudimenta
2183 2396 2299 2477 quibus
2317 2418 2374 2460 ex·

374 2482 498 2544 recitat.
513 2478 542 2560 8)
576 2477 663 2541 Nam
680 2498 781 2559 quum
803 2476 898 2540 illum
920 2487 1098 2560 gravarent
1114 2478 1240 2558 Ariani,
1263 2477 1348 2561 quod
1399 2476 1594 2543 ercebantur
1619 2480 1655 2542 in
1681 2479 1850 2556 clericatu,
1878 2480 2068 2562 priusquam
2098 2479 2138 2544 ad
2167 2482 2237 2562 ipsa
2261 2482 2375 2546 munia

374 2567 408 2630 in
426 2564 685 2644 redemptionem
703 2563 907 2646 captivorum
926 2584 1019 2628 sacra
1029 2585 1109 2628 vasa
1127 2564 1347 2648 confregisset,
1399 2571 1677 2646 promoverentur.
1722 2565 1794 2628 Illis
1821 2586 1898 2648 ergo
1926 2565 2069 2648 primum
2097 2566 2264 2648 aperiendi
2285 2567 2374 2631 clau-

373 2650 595 2733 pulcherrima
618 2650 680 2714 hac
702 2649 911 2713 excusatione
927 2670 1007 2715 usus
1025 2658 1086 2714 est:
1107 2651 1161 2732 qui
1180 2649 1251 2714 sine
1269 2671 1348 2715 auro
1400 2648 1562 2731 dandique
1584 2649 1699 2733 tcmpli
1719 2671 1833 2715 curam
1853 2648 2062 2730 mandabant,
2086 2672 2123 2715 ac
2150 2673 2204 2715 eos
2226 2652 2375 2716 nomina·

373 2738 464 2800 misit
485 2735 661 2818 apostolos,
689 2741 722 2799 et
743 2734 896 2801 ecclesias
917 2736 988 2800 sino
1015 2756 1094 2799 auro
1120 2736 1347 2819 congregatim
1398 2733 1480 2799 bant
1500 2736 1657 2799 ostiarios.
1693 2735 1814 2799 Postea
1835 2736 1995 2800 vocabant
2016 2737 2193 2814 acoluthos,
2216 2738 2273 2820 qui
2290 2740 2375 2821 epis·

374 2844 490 2886 aurum
512 2820 612 2885 habet
635 2821 778 2898 ecclesia,
802 2843 868 2885 nen
895 2828 932 2884 ut
953 2829 1069 2899 servet,
1099 2820 1155 2885 sed
1178 2828 1215 2885 ut
1236 2829 1348 2904 eroget
1399 2840 1479 2904 copo
1502 2820 1537 2884 in
1560 2820 1744 2885 domesticis
1767 2819 1931 2903 obsequiis
1952 2821 2117 2900 adessent,
2140 2845 2280 2906 eumque
2300 2846 2374 2907 per·

373 2917 407 2972 et
428 2907 601 2973 subveniat
622 2906 657 2971 in
680 2905 940 2972 necessitatibus:
963 2904 1041 2988 quid
1063 2926 1145 2989 opus
1170 2913 1220 2970 est
1240 2915 1348 2972 custo-
1398 2916 1496 2989 petuo
1518 2907 1767 2985 comitarentur,
1796 2905 1939 2988 primum
1961 2906 2095 2972 honoris
2117 2930 2229 2987 eausa,
2257 2909 2375 2976 deinde

315 3022 324 3035 .
372 2994 442 3058 dire
473 2992 560 3076 quod
586 2991 671 3056 nihil
704 2991 859 3057 adiuvat?
891 3011 936 3056 an
965 2993 1167 3075 ignoramus·
1188 3001 1347 3073 quantum
1396 3014 1439 3056 ne
1468 3013 1532 3073 qua
1559 2991 1699 3073 suspicio
1726 2999 1924 3056 nasceretur.
1974 2992 2160 3071 Praeterea,
2192 3004 2228 3058 ut
2250 2998 2373 3060 sensim

373 3082 444 3144 auri
467 3088 563 3162 atque
585 3080 712 3162 argenti
730 3077 771 3143 de
793 3077 915 3160 templo
933 3079 1067 3143 Domini
1085 3078 1215 3162 Assyrii
1238 3088 1347 3144 sustu-
1398 3077 1519 3160 populo
1540 3079 1781 3142 innotescerent
1798 3086 1831 3143 ct
1852 3077 2167 3143 commendationem
2185 3080 2246 3144 sibi
2263 3083 2373 3163 aequi-

372 3165 493 3230 lerint?
522 3186 632 3229 nonne
658 3164 777 3229 melius
805 3165 924 3229 conflat
948 3161 1099 3229 sacerdos
1125 3170 1258 3246 propter
1287 3164 1347 3239 ali-
1399 3169 1519 3239 rerent,
1543 3162 1642 3227 simul
1661 3171 1698 3227 ut
1715 3162 1878 3228 discerent
1894 3164 1979 3227 serre
1997 3164 2143 3227 omnium
2163 3177 2374 3248 conspectum

372 3253 515 3316 moniatn
542 3271 739 3332 pauperum,
773 3251 801 3313 si
829 3249 893 3314 alia
919 3248 1064 3314 subsidia
1091 3249 1213 3326 desint,
1247 3270 1347 3331 quam
1399 3257 1433 3313 et
1454 3269 1564 3312 coram
1585 3249 1735 3315 omnibus
1757 3249 1855 3332 loqui,
1878 3271 1920 3314 ne
1945 3249 2131 3332 presbyteri
2153 3251 2243 3329 facti,
2273 3273 2374 3334 quum

373 3337 552 3420 sacrilegus
575 3343 722 3417 asportat
744 3335 869 3401 hostis?
898 3355 1007 3400 nonne
1030 3334 1178 3400 dicturus
1205 3342 1256 3400 est
1277 3334 1346 3400 Do-
1399 3335 1442 3399 ad
1464 3333 1643 3400 docendum
1665 3334 1842 3417 prodirent,
1865 3334 1989 3418 pudore
2011 3334 2302 3415 confimderentur,
2325 3336 2373 3402 lo-

370 3424 496 3486 minus:
521 3444 580 3487 cur
600 3441 717 3502 passus
735 3443 770 3486 es
788 3428 837 3485 tot
853 3422 966 3502 inopes
987 3421 1072 3485 fame
1090 3422 1190 3485 emori
1209 3428 1243 3485 et
1259 3428 1347 3486 certe
1398 3442 1456 3486 cus
1489 3418 1618 3504 legendi
1648 3421 1728 3505 ipsis
1761 3420 1900 3487 dabatur
1925 3422 1961 3485 in
1993 3428 2159 3506 suggestu.
2209 3422 2250 3486 In
2285 3423 2373 3489 huno

370 3506 514 3573 habebas
537 3527 663 3585 aurum,
687 3506 774 3572 unde
801 3505 1021 3573 ministrasses
1048 3506 1258 3571 alimoniam?
1288 3529 1347 3572 cur
1396 3505 1533 3571 modum
1559 3505 1725 3590 gradatim
1752 3507 2039 3589 promovebantur,
2068 3517 2107 3571 ut
2136 3528 2230 3572 suam
2253 3508 2372 3574 seduli-

371 3601 420 3656 tot
442 3594 563 3675 captivi
585 3591 716 3659 abducti
739 3601 826 3670 sunt,
850 3614 911 3657 nec
933 3591 1114 3674 redempti?
1142 3614 1201 3658 cur
1228 3599 1277 3657 tot
1304 3593 1344 3659 ab
1397 3598 1499 3657 tatem
1520 3593 1555 3656 in
1577 3593 1715 3676 singulis
1736 3593 1901 3659 exercitiis
1922 3593 2155 3678 approbarent,
2185 3592 2288 3659 donec
2310 3595 2372 3680 hy-

368 3680 461 3744 hoste
483 3679 579 3745 occisi
602 3679 701 3743 sunt?
724 3679 842 3743 melius
863 3679 979 3756 suerat,
1002 3685 1040 3742 ut
1060 3700 1141 3743 vasa
1162 3678 1344 3743 viventium
1395 3677 1566 3760 podiaeoni
1593 3679 1724 3744 fiebant
1775 3678 1849 3743 Hoc
1881 3685 2010 3743 tantum
2038 3679 2128 3758 volo,
2161 3679 2261 3744 fuisse
2290 3681 2371 3747 haee

367 3786 517 3831 servares
539 3785 636 3848 quam
660 3765 880 3830 metallorum:
904 3764 957 3828 his
978 3784 1045 3828 non
1064 3765 1185 3846 poteris
1206 3786 1344 3847 respon·
1379 3764 1542 3828 'tironum
1568 3764 1754 3830 rudimenta
1781 3765 1901 3848 magis,
1933 3785 2038 3847 quam,
2058 3765 2255 3840 functiones,
2289 3788 2372 3849 quae

367 3874 440 3916 sum
463 3851 555 3928 dare;
578 3849 657 3932 quid
674 3852 762 3915 enim
784 3849 928 3916 diceres?
950 3851 1047 3927 timui
1065 3872 1108 3915 ne
1134 3849 1255 3932 templo
1278 3851 1343 3915 Dei
1393 3850 1482 3915 reris
1504 3849 1658 3915 aeclesiae
1678 3850 1868 3914 ministeriis
1890 3858 2148 3916 accensarentur.

367 3953 503 4002 ornatus
536 3936 689 4001 deesset?
724 3935 951 4019 responderet,
986 3957 1104 4000 aurum
1137 3946 1343 4001 sacramenta
1483 3941 1530 4000 10.
1568 3934 1664 4016 Quod
1704 3936 1825 4000 rimum
1842 3943 1877 3999 et
1893 3934 2072 4000 secundum
2089 3936 2125 3998 in
2144 3936 2372 4003 ministrorum

365 4044 431 4087 non
460 4027 636 4105 quaerunt,
662 4043 769 4104 neque
796 4043 875 4085 auro
902 4021 1033 4103 placent
1061 4042 1143 4103 quac
1173 4044 1253 4087 auro
1274 4044 1341 4086 non
1393 4023 1562 4086 vocatione
1585 4041 1656 4086 esse
1703 4022 1710 4035 “
1738 4020 1835 4099 mus,
1861 4021 1972 4103 quales
1998 4022 2132 4105 eligere,
2160 4029 2194 4086 et
2215 4030 2373 4104 quantam

366 4119 535 4187 emuntur;
559 4115 695 4172 ornatus
716 4116 1009 4186 sacramentorum,
1031 4106 1213 4189 redemptio
1238 4109 1341 4189 capti·
1392 4106 1585 4190 religionem
1608 4107 1644 4170 in
1666 4127 1705 4170 ea
1726 4128 1763 4170 re
1791 4105 1946 4171 adhibere
1967 4114 2128 4189 oporteat,
2155 4108 2191 4171 in
2213 4129 2252 4172 eo
2274 4109 2371 4173 Pauli

364 4216 481 4259 vorum
503 4202 561 4259 est.
605 4193 648 4256 In
670 4214 815 4269 summa,
838 4192 988 4257 videmus
1010 4193 1218 4259 verissimum
1241 4193 1341 4258 fuisse
1391 4193 1629 4275 praescriptum
1651 4200 1685 4255 et
1705 4190 1927 4274 apostolorum
1948 4193 2099 4276 exempla
2119 4200 2213 4257 vetus
2236 4193 2372 4258 ecclesia

364 4281 449 4362 quod
471 4279 558 4344 idem
580 4279 658 4344 alibi
679 4279 766 4357 dicit,
778 4279 807 4363 ⁴)
829 4277 987 4362 quidquid
1009 4284 1087 4343 tunc
1109 4273 1244 4344 eeclesia
1264 4299 1340 4362 pos·
1392 4287 1531 4360 sequuta
1557 4287 1616 4343 est.
1662 4275 1821 4344 Solebant
1848 4277 1937 4342 enim
1964 4274 2006 4342 ad
2035 4276 2201 4362 eligendos
2222 4287 2371 4360 pastores

365 4366 503 4444 sideret‚
538 4373 706 4447 sumptum
738 4365 839 4429 titisse
873 4383 1060 4447 egenorum.
1116 4366 1220 4429 Item:
1255 4365 1340 4429 nihil
1392 4386 1466 4429 cum
1493 4385 1621 4429 summa
1646 4363 1831 4439 reverentia
1852 4385 1890 4429 ae
1911 4363 2049 4429 sollicita
2068 4365 2209 4429 nominis
2232 4362 2295 4426 Dei
2318 4364 2369 4428 in·
2429 4443 2431 4445 ι

366 4454 553 4534 episcopum
575 4451 696 4516 habere
718 4447 806 4533 quod
827 4471 1008 4532 pauperum
1030 4472 1098 4515 non
1120 4457 1213 4515 esset.
1391 4451 1561 4515 vocatione
1589 4451 1771 4516 convenire.
1820 4449 1875 4515 Ad
1900 4449 1981 4514 haec
2007 4448 2180 4514 formulam
2208 4449 2369 4515 examinis

452 4543 480 4600 9.
517 4539 625 4603 ,Haec
659 4558 741 4621 quae
773 4535 998 4602 recensuimus
1032 4536 1152 4601 veteris
1185 4535 1339 4601 eeclesiae
1391 4536 1569 4615 habebant,
1596 4557 1662 4619 qua
1688 4536 1731 4601 eli
1773 4535 1914 4601 ndorum
1939 4535 2096 4601 vitamet
2123 4531 2304 4598 doctrinam
2326 4535 2369 4600 ad

364 4623 547 4687 ministeria
574 4625 714 4689 fucrimt.
759 4622 836 4686 Alia
863 4623 965 4701 enim,
994 4620 1034 4686 de
1061 4621 1178 4706 quibus
1200 4623 1338 4687 mentio-
1389 4622 1482 4687 illam
1503 4621 1600 4687 Pauli
1622 4643 1778 4688 amussrm
1801 4623 1982 4705 exigebant
2028 4620 2171 4683 Tantum
2191 4629 2369 4702 peccarunt
2487 4697 2490 4706 Ι

365 4729 442 4770 nem
463 4708 588 4772 faciunt
609 4708 818 4774 ecclesiastici
839 4703 1026 4790 scriptiones,
1052 4709 1157 4791 magis
1185 4710 1340 4773 exercitia
1390 4709 1445 4774 hic
1472 4707 1624 4773 nonnihil
1649 4707 1824 4773 immodica
1845 4706 2032 4782 severitate,
2055 4703 2142 4786 quod
2163 4704 2237 4786 plus
2259 4706 2367 4789 requi·

364 4794 498 4856 fuorunt
516 4801 549 4856 et
566 4792 725 4875 quaedam
743 4794 1018 4877 praeparationes,
1040 4815 1138 4875 quam
1159 4801 1248 4858 certa
1265 4816 1338 4859 mu·
1389 4816 1463 4859 rere
1490 4794 1666 4859 veluerrmt
1691 4795 1726 4858 in
1758 4793 1907 4874 episeopo
1933 4810 2032 4871 quam
2060 4789 2186 4855 Paulus
2213 4793 2368 4874 requirat,

362 4900 450 4942 nera.
496 4877 581 4941 Nam
603 4881 707 4944 saneti
724 4879 772 4943 illi
793 4882 867 4960 viri,
889 4888 927 4945 ut
949 4878 1104 4945 ecelesiae
1125 4881 1338 4946 seminarium
1390 4902 1428 4948 ac
1449 4881 1642 4964 praesertim
1659 4899 1810 4944 successu
1828 4875 1984 4959 temporis
2001 4874 2206 4941 caelibatum.
2238 4877 2367 4943 Verum

362 4974 437 5045 post
458 4984 492 5027 se
513 4963 745 5044 relinquerent,
766 4964 1000 5045 adulescentes,
1023 4966 1079 5049 qui
1102 4988 1143 5031 ex
1164 4975 1337 5049 parentum
1389 4967 1426 5030 in
1448 4967 1583 5032 caeteris
1605 4971 1823 5030 consentanca
1839 4962 1903 5025 fuit
1923 4961 2068 5044 ipsorum
2090 4961 2273 5028 observatio
2291 4984 2367 5029 cum

363 5069 524 5114 consensu
546 5057 579 5112 et
600 5049 775 5112 autoritate
797 5051 932 5116 militiae
954 5052 1118 5134 spirituali
1139 5074 1259 5118 nomen
1280 5053 1336 5116 da-
1388 5052 1487 5118 Pauli
1513 5051 1737 5132 descriptione.
1786 5047 1827 5110 In
1855 5068 1893 5110 eo
1911 5055 2030 5111 autem
2059 5046 2144 5130 quod
2170 5049 2268 5114 tertio
2294 5050 2366 5114 loce

362 5136 455 5212 bant,
485 5133 685 5216 recipiebant
712 5133 865 5197 insuam
893 5135 1053 5202 fideman
1080 5140 1218 5204 tutelam
1240 5146 1336 5221 atque
1388 5140 1566 5220 posuimus,
1595 5135 1728 5219 quinam
1756 5131 1880 5196 scilieet
1913 5131 2080 5220 ministros
2111 5134 2283 5201 instituere
2309 5133 2365 5199 dc-

363 5222 463 5286 etiam
491 5218 713 5302 disciplinam,
747 5238 865 5299 eosque
892 5221 940 5284 sie
965 5221 1151 5287 formabant
1177 5246 1197 5288 a
1224 5231 1337 5290 tenera
1387 5224 1495 5305 beant,
1518 5245 1583 5287 nen
1606 5240 1710 5284 unum
1731 5238 1860 5301 semper
1880 5225 2056 5283 tenuerunt
2076 5218 2233 5285 ordinem.
2266 5220 2364 5284 Anti·

362 5315 478 5387 aetate,
501 5328 543 5371 ne
565 5304 663 5370 rudes
685 5325 722 5370 ac
744 5303 822 5384 novi
840 5303 882 5367 ad
904 5304 1091 5370 obeundum
1107 5329 1228 5375 munus
1246 5332 1336 5375 acce·
1387 5312 1498 5393 quitus
1519 5330 1561 5373 nc
1583 5308 1618 5369 in
1639 5303 1830 5370 clericorum
1847 5301 1978 5386 quidem
2000 5312 2129 5370 coetum
2147 5304 2365 5388 recipiebatur

430 5597 459 5666 l)
477 5598 594 5666 'l'ripart
613 5597 676 5650 hist.
695 5598 757 5650 libr.
775 5595 793 5649 b
811 5603 839 5650 et
858 5595 898 5648 11.
952 5593 982 5663 2)
995 5595 1042 5649 Ad
1057 5593 1201 5663 Nepotisn.
1253 5591 1341 5665 mus
1458 5595 1487 5658 1)
1506 5593 1581 5648 Ede.
1600 5610 1665 5649 rece.
1690 5610 1781 5648 omme
1803 5594 1868 5648 atde
1886 5583 1906 5647 'a
1921 5593 1989 5647 1592
2005 5594 2105 5648 babent
2117 5593 2233 5662 quidem,
2252 5599 2362 5662 exemto

360 5666 430 5720 offic
449 5667 510 5719 libr.
529 5665 553 5718 2.
572 5684 593 5720 c.
613 5665 654 5719 28.
724 5664 755 5734 4)
774 5665 849 5720 Idbr.
868 5663 892 5721 l).
912 5666 990 5735 epist.
1008 5662 1041 5718 31
1062 5670 1090 5716 et
1107 5660 1149 5716 33.
1394 5661 1538 5716 lboluclcis'
1550 5664 1652 5733 priore.
1719 5662 1749 5732 2)
1773 5663 1841 5718 Vide
1864 5662 1892 5717 Y.
1912 5661 1936 5715 Ι.
1953 5679 1981 5730 p.
2000 5659 2060 5715 527.
