5600 6809
451 756 514 819 see
573 714 575 716 ’
1094 747 1360 816 memnone
1382 750 1488 816 nnn.
1509 746 1691 816 444444.
1718 752 1810 815 uss.
2393 752 2455 814 coc

449 942 552 1006 dinem
575 939 729 1021 deposuit,
757 942 792 1002 ut
812 958 889 1003 suae
909 939 1107 1005 liberalitatis
1128 939 1270 1003 minister
1291 943 1368 1003 esset
1388 957 1425 1015 aa
1478 940 1512 1015 2,
1537 941 1587 1001 20.
1613 936 1678 1020 27).
1731 936 1875 1002 Rrarsum
1906 938 1983 1018 quia
2015 938 2294 1020 concupiscentiae
2322 946 2456 1004 nostrae

449 1028 657 1106 dispeusator,
684 1045 766 1088 nuuc
781 1025 902 1104 patris,
933 1045 1014 1088 nunc
1038 1025 1100 1106 ulti
1128 1026 1262 1105 spiritus
1289 1028 1424 1088 uocatur.
1476 1024 1558 1089 vitia
1579 1022 1710 1087 assidue
1738 1023 1946 1106 excoquendo
1973 1030 2006 1087 et
2027 1023 2194 1088 exurenda
2222 1023 2321 1089 corda
2341 1032 2456 1090 nostru

458 1113 526 1190 Vae,
548 1112 651 1192 inquit
674 1110 799 1174 Paulus
820 1109 930 1194 (Ram.
950 1114 984 1188 8,
1009 1110 1059 1193 9),
1088 1130 1148 1175 444
1175 1112 1249 1175 estis
1267 1111 1302 1172 in
1324 1130 1424 1186 carno,
1476 1108 1624 1174 incendit
1649 1129 1759 1172 umore
1780 1108 1844 1173 Dei
1871 1115 1900 1174 et
1925 1109 2028 1173 studio
2050 1111 2196 1189 pietatis,
2225 1110 2265 1176 ub
2293 1110 2355 1175 hac
2376 1131 2455 1193 quo-

447 1199 502 1263 sed
535 1199 570 1261 in
598 1198 728 1276 spiritu,
767 1196 798 1259 si
829 1196 952 1276 quidem
980 1196 1115 1275 spiritus
1145 1196 1210 1260 Dei
1241 1196 1359 1259 4454444
1389 1197 1425 1258 44
1477 1215 1539 1277 que
1572 1194 1690 1259 effectu
1722 1194 1838 1258 merito
1870 1195 1957 1277 ignis
1990 1194 2173 1277 appellatur
2206 1194 2302 1279 (Luc.
2329 1200 2363 1273 3,
2390 1200 2454 1260 16.

448 1283 549 1362 cobis,·
575 1282 656 1363 quad
683 1283 713 1346 44
739 1282 811 1362 quis
837 1283 986 1363 spiritum
1014 1280 1132 1346 0444414
1157 1302 1219 1345 non
1246 1281 1346 1358 babet,
1375 1281 1426 1344 bic
1476 1281 1629 1362 Denique
1654 1279 1741 1344 nobis
1767 1281 1951 1344 dasembitur
1978 1280 2367 1364 44444(444(Ιο444.4,
2391 1286 2456 1361 14,

447 1389 508 1433 nau
527 1374 572 1432 est
589 1369 665 1432 eius.
699 1367 779 1432 Inde
799 1387 870 1430 ocra
886 1387 971 1446 spem
986 1367 1065 1447 facit
1075 1367 1188 1448 plenae
1208 1367 1425 1444 raruaatianis,
1477 1367 1558 1431 uude
1578 1365 1620 1429 ad
1640 1386 1697 1430 nos
1717 1370 1847 1430 umnont
1867 1366 2004 1430 cadestes
2025 1386 2129 1430 omaus
2149 1367 2295 1431 diuitiae.-
2322 1368 2369 1432 oet
2391 1368 2457 1433 Dei

448 1455 530 1536 quad
551 1455 589 1531 is,
611 1455 666 1533 qui
687 1453 849 1516 suscitavit
874 1450 1031 1516 Obristum
1053 1474 1074 1517 a
1094 1454 1235 1532 mortuis,
1257 1452 1427 1532 vivificabit
1477 1472 1590 1516 manus
1608 1449 1696 1534 (Act.
1713 1456 1760 1530 11,
1773 1451 1839 1534 21),
1857 1473 1921 1533 qua
1937 1472 2029 1515 suam
2039 1452 2211 1532 potentiam
2227 1457 2357 1518 muca.-
2377 1454 2456 1533 quia

447 1539 594 1604 mortalia
623 1559 751 1620 corpora
784 1542 891 1600 444444
911 1543 1041 1619 propter
1067 1540 1217 1620 spiritum
1243 1540 1311 1603 eius
1339 1537 1425 1602 babi-
1478 1537 1612 1602 virtutis
1633 1557 1711 1601 suae
1733 1538 1846 1601 efflatu
1875 1537 2020 1602 divinam
2046 1536 2140 1601 nobis
2160 1538 2262 1601 vitem
2285 1539 2330 1602 sic
2350 1539 2455 1622 inspi-

448 1631 560 1690 tantem
587 1626 622 1689 in
650 1623 738 1687 uobis
764 1622 855 1707 (ibid.
880 1646 911 1688 v.
939 1623 1001 1708 11).
1053 1623 1146 1688 Nibil
1178 1625 1260 1688 cuim
1295 1623 1426 1687 absurdi
1477 1628 1544 1701 rat,
1572 1629 1609 1686 ut
1630 1643 1697 1686 non
1717 1623 1784 1686 iam
1807 1643 1944 1706 agamur
1965 1624 2026 1705 ipsi
2050 1645 2069 1686 a
2091 1623 2198 1702 nobis,
2229 1622 2286 1688 sed
2309 1623 2378 1688 cius
2400 1646 2455 1690 ae·

449 1717 508 1789 est,
530 1712 621 1791 patri
648 1708 785 1773 aelscribi
811 1709 961 1772 decimum
987 1731 1116 1774 suarum
1143 1710 1267 1774 laudem
1293 1730 1426 1791 quorum
1478 1710 1566 1773 tione
1597 1729 1635 1772 ac
1662 1716 1754 1772 motu
1781 1729 1949 1791 regamur,
1983 1718 2020 1771 ut
2052 1709 2079 1772 si
2105 1717 2272 1790 quaeunt
2298 1710 2334 1773 in
2361 1711 2455 1775 nobis

316 1784 319 1788 ’
356 1827 359 1833 ·
449 1802 493 1862 est
514 1800 618 1872 antor,
641 1800 669 1858 et
689 1799 791 1857 tamen
816 1792 951 1873 Obristo,
975 1796 1062 1875 apud
1082 1816 1172 1876 quem
1193 1796 1332 1877 deposita
1353 1800 1426 1860 sunt
1477 1796 1576 1872 bona,
1605 1794 1731 1858 tructus
1753 1794 1821 1858 sint
1842 1795 1966 1877 gratim
1988 1794 2105 1875 ipsius,
2128 1802 2260 1858 nostrae
2281 1815 2360 1859 vero
2383 1796 2455 1860 sine

447 1881 675 1963 spiritusdouu
688 1901 768 1960 quae
784 1881 854 1943 suis
871 1880 1036 1963 lurqiatur,
1054 1883 1178 1946 easdem
1195 1881 1333 1946 adscribi
1347 1903 1426 1961 pur·
1477 1881 1547 1962 ipso
1570 1878 1676 1956 dotes,
1705 1879 1824 1943 mentis
1852 1879 1919 1944 sint
1944 1878 2097 1943 tenebrae
2125 1878 2294 1962 cordisque
2321 1901 2455 1963 perver-

447 1974 499 2032 tes.
544 1966 620 2031 Ideo
652 1971 774 2031 cunctos
804 1966 942 2030 sitientes
974 1968 1017 2032 ad
1048 1988 1081 2030 se
1112 1968 1224 2031 incitat
1255 1973 1290 2030 ut
1322 1968 1426 2031 bibant
1478 1966 1567 2031 sitas.
1617 1966 1686 2028 Hac
1717 1966 1841 2045 quidem
1872 1967 1938 2028 iam
1964 1966 2048 2031 clare
2072 1966 2246 2045 expositum
2272 1971 2331 2044 est,
2363 1967 2456 2032 donec

449 2053 578 2137 (Ioann.
599 2056 627 2130 7,
648 2051 714 2135 37).
748 2050 792 2114 Et
815 2050 939 2116 Paulus
961 2052 1042 2118 docet
1064 2052 1164 2135 (Eph.
1185 2058 1214 2132 4,
1234 2051 1269 2202 7)
1290 2053 1428 2136 sinqulis
1477 2052 1611 2116 intentae
1641 2051 1706 2114 sint
1736 2052 1771 2114 in
1801 2051 1949 2132 spiritum
1981 2056 2096 2115 mades
2126 2057 2262 2131 nostrae,
2294 2049 2456 2117 Christum

448 2137 597 2204 distribui
618 2139 767 2218 spiritum
782 2156 845 2216 pro
866 2157 1013 2201 mensura
1030 2139 1205 2202 donatianis
1225 2137 1251 2203 C
1269 2139 1351 2203 risti.
1378 2138 1428 2202 Ac
1478 2139 1578 2202 iacere
1605 2137 1826 2217 quodammodo
1853 2137 1999 2201 otiosum:
2022 2137 2099 2217 quia
2123 2136 2241 2219 friqide
2267 2158 2338 2201 eum
2364 2143 2455 2203 entra

449 2225 608 2290 suendum
628 2227 673 2287 est
693 2223 842 2304 spiritum
855 2220 974 2287 Obristi
995 2224 1067 2302 dici,
1090 2245 1151 2288 nan
1167 2225 1262 2290 moda,
1276 2230 1428 2305 quomens
1479 2244 1549 2301 nos,
1575 2223 1708 2303 adeoque
1723 2222 1835 2304 promul
1855 2244 1877 2285 a
1897 2221 1984 2286 nabis
2003 2221 2209 2302 speculamur.
2255 2221 2378 2287 Scimus
2399 2245 2455 2288 44-

450 2314 593 2375 aeternnm
614 2329 713 2374 sernia
736 2307 799 2372 Dei
821 2312 866 2372 est
887 2309 988 2373 44444
1009 2310 1127 2390 spiritu
1157 2330 1226 2374 cum
1242 2316 1336 2391 patre
1360 2331 1429 2374 coru
1480 2315 1540 2373 tem
1560 2329 1621 2372 uon
1641 2308 1718 2372 aliis
1733 2310 1881 2391 prodesse
1902 2309 1968 2372 nisi
1989 2327 2122 2389 quorum
2149 2312 2194 2372 est
2221 2314 2314 2390 capiat
2336 2314 2363 2373 et
2386 2311 2456 2391 pri

447 2397 587 2475 iunctus,
621 2395 676 2459 sed
702 2392 870 2458 secuudum
899 2394 1079 2460 mediatoris
1105 2416 1224 2477 quoque
1244 2416 1428 2476 personum:
1480 2396 1651 2477 uiaqeuitus
1677 2395 1757 2458 inter
1781 2393 1912 2474 fratres,
1940 2395 1996 2475 qui
2023 2393 2154 2474 denique
2182 2413 2253 2457 eum
2279 2395 2457 2459 induerunt.

449 2482 528 2563 quia
550 2481 615 2544 4444
636 2479 694 2543 boc
715 2480 827 2542 uirtute
844 2480 1023 2559 praeditus,
1044 2481 1168 2562 frustra
1189 2482 1232 2546 ad
1253 2501 1309 2545 nos
1329 2482 1428 2546 aenis-
1482 2479 1574 2545 Facit
1601 2480 1668 2546 solo
1695 2479 1768 2543 liaeo
1794 2480 1976 2558 coniunctio,
2003 2500 2041 2543 ne
2067 2480 2234 2557 inutiliter,
2261 2482 2365 2560 quoad
2390 2502 2456 2560 nos,

449 2571 501 2631 set.
556 2567 621 2647 Quo
654 2584 746 2629 44444
778 2570 905 2631 occatur
936 2564 969 2649 (l
997 2564 1071 2630 Cor.
1097 2572 1151 2644 15,
1180 2567 1236 2650 45)
1276 2569 1428 2633 seminans
1480 2586 1551 2630 cum
1575 2566 1743 2630 saluatoris
1768 2566 1890 2630 nanim
1917 2566 2044 2629 uenerit.
2091 2566 2156 2645 Qua
2185 2570 2301 2647 spectat
2331 2586 2457 2631 sacrum

449 2652 558 2716 Adam
590 2673 606 2715 e
635 2650 713 2714 coelo
740 2650 833 2714 datus
858 2652 893 2714 in
920 2651 1070 2732 spiritum
1095 2650 1309 2731 vivificantem.
1367 2652 1428 2718 Ubi
1479 2652 1560 2715 illud
1582 2652 1759 2733 carriuqium
1787 2672 1846 2732 quo
1872 2651 2027 2732 esfimmur
2052 2670 2125 2715 cara
2147 2651 2298 2715 decurre
2319 2653 2402 2732 eius,
2430 2657 2458 2718 et

452 2736 578 2802 Pardus
608 2735 798 2818 sinqularem
830 2757 924 2816 quam
955 2737 1026 2801 suis
1049 2739 1145 2801 uitam
1172 2739 1310 2818 44444444
1339 2740 1428 2819 filius
1479 2757 1550 2801 assa
1572 2758 1609 2801 eu
1625 2736 1746 2801 ossibus
1763 2735 1863 2820 (Eph.
1879 2741 1907 2814 5,
1922 2736 1987 2822 30),
2009 2737 2143 2818 adeoque
2163 2757 2260 2800 unum
2281 2757 2352 2800 cum
2373 2740 2458 2820 ipso:

449 2823 523 2900 Dei,
545 2828 579 2886 ut
599 2841 702 2886 secum
723 2841 821 2884 uuum
842 2823 914 2900 sint,
937 2829 1096 2904 comparat
1117 2843 1187 2887 cum
1208 2825 1274 2889 uita
1292 2825 1428 2889 animali
1478 2823 1542 2886 sola
1563 2827 1665 2886 autern
1686 2823 1803 2901 spiritu
1829 2823 1900 2886 unit
1922 2842 1955 2887 se
1975 2822 2141 2887 nobiscum.
2185 2821 2339 2886 Eiusdem
2360 2824 2457 2902 spiri·

449 2929 528 2988 quae
548 2907 686 2987 reprobis
713 2908 808 2971 etiam
834 2909 1077 2972 communisset.
1124 2908 1275 2974 Similiter
1297 2911 1330 2992 (2
1351 2909 1424 2976 Gor.
1479 2912 1530 2972 tus
1553 2910 1660 2991 qratia
1686 2913 1715 2972 et
1739 2909 1853 2972 uirtute
1874 2908 2028 2989 efficimur
2049 2908 2139 2972 illius
2159 2907 2310 2985 menbra,
2338 2913 2374 2971 ut
2400 2929 2457 2973 nas

452 2997 506 3072 13,
538 2994 590 3076 13)
618 2992 673 3056 ubi
704 2997 786 3073 optat
810 2991 929 3058 Cluisti
951 2996 1090 3077 qratiam
1120 3000 1148 3058 et
1179 2995 1244 3060 Dei
1268 2997 1428 3060 caritatem
1478 2994 1536 3058 sub
1556 3014 1590 3058 se
1610 2994 1762 3058 conducat
1781 2994 1980 3074 amicumque
2000 2994 2090 3057 idum
2103 2993 2330 3074 possideamus.

447 3078 608 3159 fidelibus,
647 3078 744 3142 simul
777 3081 909 3144 4444444
940 3082 1246 3146 communicationem
1283 3082 1426 3163 spiritus,
1565 3086 1595 3145 4.
1647 3079 1761 3144 Verum
1790 3080 1868 3161 quia
1891 3080 1970 3160 {idos
1985 3080 2194 3161 praecipuum
2214 3079 2455 3159 ostensoque,

449 3166 517 3228 sine
536 3185 599 3244 qua
619 3183 672 3228 mc
685 3167 853 3244 pateruurn
874 3166 938 3231 Dei
957 3166 1108 3245 fauorem,
1130 3187 1184 3231 rrec
1206 3167 1326 3231 Obristi
1344 3168 1428 3232 bene-
1479 3166 1523 3229 od
1543 3185 1612 3229 eam
1629 3186 1744 3248 niaqrm
1765 3186 1803 3229 aa
1817 3170 1912 3246 porte
1931 3166 2116 3247 referuntur,
2138 3185 2217 3246 quae
2237 3164 2281 3229 ad
2301 3165 2365 3228 4444
2386 3165 2457 3228 eius

447 3248 603 3330 licentiam
624 3250 792 3330 quisquam
810 3251 955 3332 qustabit.
992 3251 1083 3316 Sicrd
1102 3253 1196 3316 etiam
1217 3253 1294 3316 alibi
1315 3252 1426 3337 (Rom.
1479 3256 1518 3315 44ὶ
1532 3252 1737 3332 operationem
1764 3251 1999 3333 caprimnadam
2020 3251 2146 3331 passim
2172 3254 2348 3315 ocurrunt:
2379 3250 2458 3329 quia

451 3341 479 3415 5,
492 3335 534 3420 5)
557 3336 648 3400 amu.-
669 3336 787 3400 aaritas
805 3335 869 3402 Dei
892 3338 991 3418 effusa
1011 3343 1056 3401 est
1075 3339 1111 3401 in
1132 3339 1225 3403 corda
1246 3343 1352 3404 nostro
1367 3359 1429 3419 per
1478 3358 1539 3401 nau
1559 3337 1625 3401 nisi
1636 3357 1697 3419 per
1713 3357 1782 3400 eum
1800 3356 1856 3399 nos
1870 3337 1907 3400 in
1923 3336 2075 3419 eoanqdii
2086 3336 2187 3400 lumen
2204 3335 2339 3414 adducit,
2361 3335 2458 3400 sicuti

448 3422 597 3504 spiritum
614 3426 763 3500 44444444,
786 3422 842 3502 qui
863 3422 955 3486 datus
976 3428 1021 3488 est
1039 3423 1134 3489 nobis.
1484 3423 1565 3487 docet
1578 3422 1712 3488 Ioannes
1723 3421 1883 3504 Baptista,
1892 3422 1917 3508 ¹)
1935 3424 2042 3488 datam
2053 3442 2119 3487 esse
2127 3423 2383 3504 praerogrativam
2396 3442 2457 3487 cre-

500 3566 503 3573 .
536 3511 564 3571 3.
609 3506 714 3587 Atque
740 3507 790 3571 bio
816 3513 923 3572 notare
944 3510 1079 3589 expediet
1102 3509 1215 3590 quibus
1236 3510 1343 3592 eloqiis
1364 3510 1429 3591 spi·
1478 3508 1619 3574 dentibus
1636 3509 1672 3573 in
1684 3506 1844 3572 01444444
1863 3513 1898 3572 ut
1912 3509 1978 3573 sint
1994 3508 2058 3588 filii
2068 3507 2140 3585 Dei,
2160 3508 2217 3589 qui
2232 3528 2295 3573 uon
2311 3528 2349 3572 ea
2366 3527 2459 3572 corrie

448 3594 546 3656 ritum
571 3593 726 3675 irmiqmat
743 3593 925 3675 scriptura,
950 3595 1004 3658 ubi
1033 3597 1071 3660 cle
1092 3597 1219 3661 cumdio
1239 3601 1359 3676 totaque
1379 3597 1428 3658 in·
1479 3599 1508 3659 et
1538 3595 1707 3678 sanquine,
1738 3593 1794 3659 sed
1824 3614 1863 3658 ec
1889 3593 1958 3658 Dea
1989 3594 2057 3657 uati
2089 3599 2162 3657 sarit
2188 3591 2317 3678 (Iaunn.
2340 3597 2371 3671 l,
2393 3592 2456 3676 12).

366 3692 368 3708 ⁴
448 3681 641 3743 stomatione
670 3678 786 3742 salutis
822 3685 946 3745 nostrae
988 3681 1100 3763 aqitur.
1157 3681 1269 3746 Primo
1302 3687 1427 3745 occatur
1486 3680 1548 3747 Ubi
1569 3680 1675 3745 Deum
1697 3700 1853 3762 apparueris
1873 3680 1963 3744 carui
1985 3684 2013 3743 et
2033 3679 2199 3761 sauquini,
2221 3679 2459 3760 supernaturale

448 3764 583 3845 spiritus
604 3764 782 3844 adoptionis
799 3765 910 3846 (Rom.
929 3771 959 3842 8,
981 3771 1036 3845 15;
1060 3766 1134 3831 Gal.
1154 3771 1183 3840 4,
1204 3767 1256 3849 (3):
1278 3768 1354 3847 quio
1375 3787 1428 3830 44
1478 3787 1544 3831 esse
1564 3767 1679 3830 danum
1699 3766 1825 3843 asserit,
1847 3766 1929 3845 quod
1947 3765 2010 3846 (ide
2029 3766 2181 3846 recipiant
2205 3763 2379 3843 blaristum,
2401 3765 2457 3845 qui

449 3848 497 3913 bis
518 3849 603 3912 testis
624 3855 670 3912 est
687 3852 843 3930 prutuitue
854 3851 919 3916 Dei
939 3852 1158 3919 bmmalentiae
1179 3873 1242 3933 qua
1263 3873 1319 3917 nos
1336 3852 1429 3918 Deus
1480 3853 1600 3932 alioqui
1620 3872 1697 3916 suae
1718 3851 1927 3917 incredulitati
1948 3851 2045 3916 dediti
2063 3855 2230 3924 mannent.
2275 3849 2336 3915 Cui
2355 3850 2459 3915 simile

444 3938 538 4014 pater
560 3935 595 3997 in
617 3934 723 3998 dilecta
742 3937 899 4019 uniqenita
921 3938 1097 4019 complemus
1112 3943 1164 4017 est,
1187 3943 1222 4002 ut
1243 3937 1331 4002 44544
1351 3944 1429 4004 asset
1479 3943 1523 4003 ast
1549 3938 1632 4002 illud
1654 3936 1772 4003 0444444
1797 3957 1980 4017 responsum
2002 3936 2138 4021 (Mauri
2161 3941 2215 4013 16,
2237 3935 2308 4020 17).·
2334 3957 2405 4001 cara
2430 3940 2459 4000 at

448 4020 654 4169 114734
665 4023 1429 4191 ccccccccccnanamnun
1479 4023 1887 4190 budifflaiiilii
1897 4023 2460 4191 tbutututtctt

656 4155 663 4184 r
1266 4159 1272 4173 ·
1635 4159 1642 4172 ·
2165 4157 2172 4185 r

448 4192 568 4254 ratione
588 4192 704 4256 dicitur
725 4193 859 4258 arrlaabo
880 4199 908 4259 et
928 4196 1069 4278 siqdlum
1091 4200 1212 4260 nostrae
1228 4195 1430 4262 baereditatis
1480 4195 1598 4276 copiose
1623 4196 1762 4259 tractari.
1808 4194 1920 4260 Simile
1947 4201 1992 4260 est
2012 4195 2105 4259 diam
2125 4193 2207 4257 illud
2229 4190 2339 4268 Pauli,
2361 4189 2459 4270 obsip-

448 4275 483 4361 (2
503 4274 577 4340 Cor.
599 4282 634 4356 1,
656 4277 729 4362 22)·
760 4281 837 4360 quia
857 4281 893 4343 in
913 4282 1028 4346 munda
1043 4283 1280 4365 pereqrinuntas
1301 4287 1329 4346 et
1348 4303 1430 4346 mar-
1479 4286 1570 4346 notas
1579 4280 1680 4362 fuisse
1697 4280 1851 4361 Ephesios
1863 4280 1981 4362 spiritu
1993 4278 2217 4363 promissionis
2235 4274 2457 4356 sanotoOEpb
2532 4346 2536 4355 ⁸

449 4364 514 4426 tuis
535 4363 656 4427 similes
682 4384 699 4428 e
725 4365 803 4430 coelo
829 4366 877 4430 ita
908 4366 1057 4446 vivificat,
1083 4373 1119 4431 ut
1146 4369 1220 4432 certi
1246 4367 1348 4432 simus
1372 4367 1429 4432 sub
1484 4372 1517 4445 l,
1540 4366 1603 4449 13).
1650 4366 1790 4433 Ostendit
1808 4369 1891 4431 euim
1911 4367 2069 4431 internum
2087 4383 2152 4428 esse
2172 4363 2336 4458 doctorem
2366 4360 2459 4456 cuius

446 4447 534 4528 fideli
547 4447 612 4513 Dei
633 4450 775 4515 custodia
795 4451 929 4516 salutem
951 4457 1090 4517 nostram
1110 4454 1146 4517 in
1166 4457 1229 4518 nito
1246 4473 1326 4532 esse,·
1347 4454 1430 4519 uude
1481 4473 1575 4534 opera
1606 4454 1641 4516 44
1672 4458 1786 4517 mades
1817 4458 1941 4517 4444444
1965 4454 2108 4531 penetrat
2137 4447 2250 4512 solidis
2276 4447 2459 4526 pronrmsia,

448 4539 475 4597 et
506 4535 572 4598 uita
604 4555 668 4599 esse
697 4537 814 4601 dicitur
835 4543 966 4619 propter
992 4539 1148 4604 iustitiam
1175 4539 1342 4624 (Rome,
1365 4537 1428 4624 10).
1481 4559 1561 4620 quae
1582 4538 1702 4620 alioqui
1722 4559 1826 4603 444444
1846 4538 2000 4601 duntauat
2019 4536 2067 4600 uel
2087 4553 2182 4598 aures
2201 4535 2326 4595 nastros
2342 4531 2460 4611 feriret.

452 4619 606 4699 Quoniam
635 4642 706 4686 aero
740 4642 859 4686 arcana
891 4644 952 4688 sua
983 4625 1173 4708 irrigatione
1206 4624 1248 4689 ad
1281 4625 1430 4709 germine
1483 4623 1638 4688 Similiter
1662 4624 1717 4687 ubi
1741 4623 2026 4687 Thessalonicenses
2052 4619 2129 4684 dicit
2154 4617 2259 4682 eneas
2285 4639 2308 4682 a
2328 4615 2397 4682 Deo
2424 4619 2460 4681 in

448 4705 592 4770 iustitiae
621 4707 817 4788 proferenda
838 4730 899 4774 nos
918 4709 1106 4789 faecundat,
1135 4718 1270 4776 vocetur
1300 4712 1429 4794 saepius
1481 4708 1722 4789 saredifiaatiane
1738 4709 1873 4790 spiritus
1888 4713 1917 4772 et
1931 4707 1993 4786 fide
2009 4705 2150 4770 unitatis
2167 4702 2202 4786 (2
2215 4702 2330 4767 Thess·
2343 4707 2372 4780 2,
2388 4702 2458 4788 13)·'

449 4810 549 4871 aque,
572 4800 610 4854 ut
632 4792 719 4873 apud
741 4794 881 4859 Iesuiam
905 4793 971 4944 (55,
994 4798 1041 4875 1);
1067 4817 1181 4861 omnes
1203 4797 1349 4861 sitientes
1371 4817 1429 4862 ve·
1481 4816 1541 4877 quo
1563 4799 1701 4858 comeatu
1718 4793 1847 4858 54444444
1863 4793 2006 4857 admarut
2020 4790 2115 4871 fidem
2130 4808 2237 4870 ipsam
2253 4809 2313 4852 nan
2330 4789 2461 4853 aliunde

449 4876 517 4937 nite
539 4874 581 4939 ad
603 4897 714 4959 aquus.
741 4879 828 4943 Item
847 4880 907 4965 (ibi
931 4887 1003 4961 .44,
1017 4880 1067 4965 3):
1090 4881 1258 4946 effundam
1275 4882 1430 4965 spiritum
1476 4881 1607 4962 prodire
1633 4899 1729 4960 quam
1755 4899 1777 4942 o
1803 4877 1928 4958 spiritu.
1976 4877 2064 4958 Quod
2086 4875 2230 4958 apertius
2253 4874 2388 4956 explieat
2410 4873 2461 4937 Io-

449 4980 561 5023 meum
600 4983 698 5044 super
730 4966 896 5030 sitientem
928 4973 962 5032 et
992 4967 1132 5031 flumine
1163 4989 1262 5049 snper
1293 4967 1427 5032 aridam.
1480 4985 1593 5031 annm:
1614 4985 1671 5028 nos
1691 4965 1808 5029 scimus
1824 4964 1905 5045 quad
1921 4967 2024 5028 manet
2039 4964 2075 5026 in
2091 4961 2180 5026 uobis
2200 4981 2217 5024 e
2237 4961 2355 5042 spirita
2371 4980 2462 5042 quoru

450 5042 579 5124 Quibus
601 5049 776 5131 respondet
795 5050 921 5118 Christi
942 5054 1109 5118 sententie
1131 5073 1226 5134 quum
1251 5074 1352 5134 nuper
1373 5055 1430 5119 ad-
1480 5050 1568 5114 nabis
1579 5050 1670 5114 dedit.
1700 5049 1796 5113 Item:
1813 5049 2137 5132 eubaocaquoscimus
2154 5047 2189 5110 ia
2204 5067 2237 5111 ea
2256 5066 2312 5111 nos
2327 5066 2460 5125 manere,

448 5130 545 5196 duci:
577 5132 605 5196 si
639 5135 713 5215 quis
745 5137 829 5215 sitit,
862 5139 974 5203 veniet
1004 5137 1046 5201 ud
1076 5129 1130 5202 mc
1155 5138 1288 5288 §Ioenn
1308 5143 1341 5217 7,
1361 5142 1428 5221 37).
1481 5137 1626 5215 etipsum
1636 5135 1862 5217 mnabis,quad
1872 5135 1957 5200 dedit
1967 5133 2056 5199 uobis
2066 5131 2335 5215 easpiritusroo(l
2346 5131 2459 5196 Ioanm

448 5214 652 5300 Quanquam
670 5220 836 5286 interdum
854 5245 875 5288 a
890 5223 1056 5308 purgandi
1074 5245 1154 5288 mun
1177 5221 1318 5307 undiquc
1335 5245 1430 5289 ener·
1482 5225 1512 5300 3,
1526 5225 1567 5284 24
1586 5220 1738 5305 44413).
1766 5220 1879 5303 Itaque
1894 5220 2061 5303 discipulis
2077 5220 2156 5297 suis,
2173 5223 2208 5282 ut
2220 5237 2347 5299 4444444
2363 5221 2462 5282 essent

448 5303 503 5386 gia
530 5304 578 5370 sic
608 5317 834 5389 nuncupatim,
863 5317 902 5374 ut
928 5309 1018 5394 apud
1038 5309 1246 5376 Ezechielem
1270 5312 1341 5396 (36,
1361 5309 1428 5394 25),
1471 5307 1617 5372 -coelestis
1633 5308 1818 5389 sapientiae,
1844 5308 1993 5388 44444444
2013 5303 2157 5370 (lbristus
2179 5304 2329 5384 spirituum
2351 5302 2464 5367 uerita·

447 5388 504 5453 ubi
525 5390 693 5456 Dominus
715 5413 815 5476 equus
836 5395 977 5463 mundes
1004 5396 1168 5480 promittit
1188 5396 1305 5479 quibus
1325 5416 1431 5480 popu·
1481 5394 1538 5473 tis,
1564 5413 1655 5475 quem
1677 5394 1816 5459 munaus
1836 5414 1898 5460 nan
1918 5396 2018 5476 potest
2038 5410 2147 5471 mpero
2169 5388 2298 5473 (Ioann
2321 5393 2375 5468 14,
2398 5387 2463 5472 17).

447 5472 518 5538 lum
539 5497 641 5540 sunm
670 5499 691 5541 4
712 5480 857 5546 sardibus
879 5481 988 5547 454444.
1038 5483 1193 5564 Quonim
1213 5503 1284 5548 aero
1305 5483 1431 5566 gratiae

449 5578 526 5660 quac
556 5560 685 5660 liquore
714 5566 925 5664 perfusos'in
946 5568 1033 5669 vitae
1054 5569 1203 5670 vigorem
1229 5570 1366 5670 (mune
1394 5588 1432 5633 Μ
1552 5598 1915 5666 meermannianam
1931 5603 1958 5650 u
1969 5597 2256 5665 ammomum.
2281 5591 2463 5648 4441544

448 5647 546 5724 toret,
568 5647 647 5713 mdc
670 5671 792 5716 nomen
811 5652 938 5717 cbt1net
955 5653 1018 5719 cler
1037 5660 1071 5719 et
1092 5663 1258 5722 unctiams
1269 5654 1303 5742 (1
1315 5656 1430 5721 Iounn
1484 5685 1536 5724 om.
1556 5671 1691 5739 Baptista„
1885 5702 1888 5710 ,
