5600 6809
491 1927 1077 2111 INSTITUTION
1078 1928 1161 2068 IS
1205 1930 1836 2121 CHRISTIANAE
1877 1927 2326 2065 RELIGION
2325 1926 2409 2063 IS

1172 2191 1360 2276 LIBER
1391 2190 1723 2277 SECUNDUS.

728 2483 737 2496 .
858 2395 952 2491 nn
980 2393 1395 2516 oocumoun
1415 2396 1544 2493 nui
1570 2393 2051 2492 nnuumroms

445 2548 496 2612 IN
518 2544 737 2624 OHRISTO,
766 2545 892 2627 QUAE
915 2544 1148 2613 PArRIBUS
1169 2544 1258 2613 SUB
1280 2547 1408 2613 LEGE
1432 2547 1638 2626 PRIMUM,
1660 2548 1839 2612 DEINDE
1861 2546 1921 2611 ΕΤ
1942 2544 2083 2612 NOBIS
2104 2547 2156 2611 IN
2176 2542 2458 2612 EVANGELIO

1254 2658 1532 2724 PATEEAO'IA
1553 2657 1649 2724 EST.

815 2845 967 2912 CAPUT
987 2847 1013 2910 Ι.
1029 2846 1054 2930 ¹)
1481 2847 1603 2911 Ilcinde
1630 2853 1665 2910 ut
1693 2848 1780 2911 nodis
1808 2851 1950 2912 occurrat
1978 2847 2096 2911 misera
2116 2853 2189 2927 post
2210 2847 2303 2912 Adae
2330 2846 2459 2927 lapsum

977 2988 984 3003 .
1479 2938 1588 2997 nostro
1608 2934 1750 3009 corditio,
1772 2935 1864 2997 cuius
1884 2953 2003 3010 sensns,
2020 2938 2183 3014 prostrata
2204 2934 2289 2998 omni
2308 2932 2412 3015 pieria
2429 2937 2460 2997 et

450 2990 573 3073 Adae
604 2991 728 3100 lapsu
760 3000 804 3070 et
834 2988 1067 3069 defectione
1098 2999 1239 3070 totum
1275 2989 1427 3071 huma-
1477 3018 1612 3098 fidum,
1641 3039 1696 3082 nos
1717 3020 1840 3098 pedore
1860 3018 1984 3083 ceruos
2004 3039 2073 3082 vere
2093 3018 2242 3083 inmitia.
2288 3019 2377 3083 Nam
2397 3019 2459 3083 aa

449 3142 553 3192 num
589 3139 733 3232 genus
780 3108 1065 3189 maledictioni
1109 3109 1239 3190 fuisse
1285 3109 1427 3192 addic-
1480 3106 1529 3168 att
1562 3103 1653 3169 Deus
1684 3105 1727 3169 at
1755 3105 1921 3187 inoptam
1954 3124 2047 3167 mam
2074 3105 2164 3168 initio
2192 3125 2249 3170 ’ωε
2274 3104 2387 3185 finan,
2420 3110 2458 3168 ut

448 3241 560 3337 tum,
599 3240 644 3312 et
682 3260 707 3311 a
745 3227 882 3339 prima
921 3227 1085 3337 origine
1125 3229 1426 3338 degenerasse3

1480 3195 1593 3254 mentes
1630 3195 1754 3255 nostros
1791 3195 1858 3253 tum
1890 3189 1933 3253 ad
1966 3189 2094 3254 virtutis
2126 3191 2281 3269 studium,
2313 3194 2381 3254 tum
2411 3191 2457 3255 ad

1480 3281 1622 3340 aeternae
1642 3276 1725 3340 vitoe
1744 3276 1974 3340 meditationem
1995 3276 2134 3357 eriperet,
2163 3276 2223 3354 ito,
2251 3296 2290 3340 ne
2311 3276 2456 3340 socordio

637 3350 712 3431 ubi
744 3350 796 3429 de
828 3358 1001 3458 peccato
1034 3348 1241 3458 originali.
1479 3368 1587 3426 nostro
1618 3361 1767 3426 omnuim
1798 3366 1887 3425 tanta
1921 3361 2046 3443 pencris
2069 3361 2169 3426 nostri
2201 3362 2345 3426 nobilitm
2373 3381 2457 3443 quoe

944 3512 957 3534 ς
1479 3467 1536 3512 nos
1562 3468 1583 3511 a
1611 3447 1713 3512 brutis
1737 3447 1930 3523 animalibus
1950 3447 2112 3525 discernit,
2142 3467 2316 3529 copnoscere
2344 3466 2456 3528 operae

536 3540 561 3599 l.
606 3535 683 3598 Non
706 3533 776 3596 siue
798 3551 898 3596 causa
924 3531 1097 3615 proverbio
1125 3531 1229 3595 veteri
1256 3539 1428 3615 tantopere
1473 3534 1613 3614 pretium
1634 3539 1688 3610 cst,
1710 3532 1778 3596 idco
1800 3553 1855 3597 nos
1876 3533 1997 3597 ratione
2016 3537 2045 3594 et
2066 3532 2269 3614 intelligentia
2290 3533 2457 3613 praeditos

449 3621 576 3685 homini
597 3617 825 3685 commendata
848 3638 976 3701 semper
997 3617 1060 3681 fuit
1081 3617 1224 3700 cognitio
1243 3619 1295 3681 sui
1312 3620 1426 3700 ipsius.
1480 3639 1553 3696 esse,
1576 3623 1611 3682 ut
1630 3623 1770 3682 sarratam
1790 3623 1819 3683 et
1839 3617 1998 3683 honestam
2025 3619 2121 3682 ortam
2141 3619 2261 3683 colendo
2282 3619 2326 3684 ad
2338 3637 2456 3700 propo·

448 3706 535 3770 Nam
557 3707 584 3769 si
605 3712 701 3786 turpe
728 3704 881 3786 ignorare
906 3704 1037 3769 ducitur
1058 3722 1270 3786 quaecunque
1301 3702 1343 3768 ad
1363 3704 1427 3767 hu·
1479 3705 1576 3768 saum
1597 3703 1699 3768 beatem
1720 3704 1966 3768 immortalitatis
1987 3724 2113 3784 scopum
2134 3705 2306 3770 teledamus.
2350 3701 2456 3768 Caete-

448 3811 566 3854 manae
582 3791 670 3854 vitae
693 3791 852 3853 rationem
873 3791 1055 3874 pertinent,
1078 3789 1182 3852 multo
1205 3810 1282 3853 vcro
1305 3790 1428 3854 foedior
1480 3811 1552 3853 rum
1581 3790 1618 3852 in
1649 3793 1779 3854 nentem
1811 3789 1915 3854 uenire
1946 3791 2052 3869 nequit
2080 3792 2192 3870 prima
2219 3790 2277 3854 illa
2306 3789 2455 3873 dionius,

448 3875 636 3958 ignorantia
663 3875 767 3938 nostri
789 3884 854 3953 ost,
884 3896 950 3958 qua
971 3877 1010 3939 fit
1031 3882 1068 3940 ut
1096 3877 1131 3939 in
1152 3874 1309 3958 capiendo
1332 3874 1372 3939 de
1391 3897 1427 3940 re
1480 3875 1559 3955 quin
1579 3896 1652 3939 mon
1670 3895 1708 3939 en
1730 3875 1828 3939 altera
1846 3879 1938 3958 porte
1958 3897 1992 3940 se
2011 3876 2118 3955 offerat
2138 3875 2227 3941 triste
2246 3875 2405 3957 fontiniis
2427 3879 2455 3940 et

450 3959 594 4044 qualibet
615 3961 798 4023 necessaria
817 3961 952 4024 consilio
974 3963 1092 4026 misere
1114 3960 1355 4025 halluoiuemur
1377 3970 1426 4025 at-
1479 3962 1670 4042 ipnominiae
1695 3966 1819 4025 nostrae
1840 3962 2059 4041 spectandum,
2087 3982 2126 4026 ea
2146 3983 2207 4042 qno
2228 3962 2264 4025 in
2279 3962 2385 4043 primi
2405 3960 2457 4025 lio-

449 4067 512 4129 quo
533 4044 613 4110 adeo
635 4046 863 4110 caecutiamus.
905 4047 1033 4110 Verum
1055 4067 1118 4129 quo
1137 4047 1247 4111 utilior
1264 4055 1315 4111 est
1332 4069 1427 4130 prae·
1479 4048 1577 4111 minis
1597 4066 1735 4127 persorm
1756 4046 1795 4110 al>
1816 4048 1936 4128 oripirie
1956 4052 2061 4112 nostra
2088 4047 2269 4112 cecidimus.
2321 4046 2457 4113 Undeet

450 4132 582 4214 ceptio:
600 4153 637 4195 eo
667 4130 855 4212 diligentius
882 4131 1061 4196 videndum
1087 4141 1138 4197 cst
1166 4133 1260 4198 uobis
1287 4155 1329 4197 ue
1355 4134 1428 4215 ipsa
1479 4134 1579 4197 nostri
1599 4132 1706 4197 odium
1728 4153 1764 4197 ac
1785 4133 1984 4214 displicentia
2005 4154 2137 4214 veraque
2157 4132 2321 4199 humilitas
2344 4134 2456 4212 ordur,

449 4225 656 4301 praepostera
674 4225 819 4293 utamur;
841 4218 925 4298 quod
947 4217 1148 4301 philosophis
1166 4218 1360 4301 quibusdam
1377 4220 1427 4282 vi·
1479 4224 1506 4283 et
1532 4239 1646 4282 imnum
1672 4219 1850 4283 accenditur
1878 4219 2048 4299 quaerendi
2069 4219 2133 4283 Dei
2154 4219 2308 4296 audium,
2339 4220 2457 4301 inquo

450 4304 566 4369 demus
589 4301 754 4368 accidisse.
800 4301 855 4364 Illi
877 4303 979 4380 euim,
1003 4302 1082 4367 dum
1105 4302 1269 4367 hominem
1292 4305 1426 4369 hortun-
1479 4306 1610 4387 quisque
1636 4326 1673 4368 ea
1700 4302 1779 4369 bono
1804 4310 1960 4386 recuperet
1984 4325 2118 4386 quorum
2137 4325 2274 4386 prorsrcs
2295 4307 2408 4370 inanes
2430 4311 2459 4370 et

450 4400 506 4454 tur
528 4398 566 4452 ut
588 4403 626 4454 se·
644 4389 753 4471 ipsum
774 4387 911 4465 noverit,
934 4390 1034 4451 finem
1052 4388 1149 4452 simul
1167 4397 1361 4472 proponunt,
1384 4411 1428 4454 ue
1479 4391 1571 4455 uacui
1592 4390 1860 4471 deprehendimur.
2500 4398 2502 4401 ’

451 4475 646 4559 dignitatem
685 4472 974 4556 excellentiamque
1013 4495 1107 4537 suam
1145 4475 1283 4552 nesciat;
1322 4497 1428 4558 neque
1567 4481 1594 4540 2.
1641 4476 1709 4540 Hoc
1733 4497 1808 4540 sane
1829 4476 2053 4558 quaerendum
2080 4477 2115 4540 in
2138 4475 2339 4541 excutiendis
2360 4477 2459 4543 nobis

450 4559 539 4624 aliud
567 4563 675 4643 ipsum
703 4560 737 4623 in
766 4581 800 4623 se
829 4558 1042 4640 contemplari
1064 4559 1194 4636 volunt,
1218 4581 1317 4642 quam
1339 4562 1427 4624 uude
1479 4583 1550 4627 esse
1583 4562 1775 4644 praescribit
1803 4561 1868 4625 Dei
1897 4563 2034 4626 veritas:
2068 4583 2187 4646 nempe
2221 4561 2319 4626 talem
2351 4562 2459 4646 exigit

450 4647 540 4710 inani
567 4646 687 4711 fiducia
712 4646 908 4710 intumescat
935 4656 968 4707 et
995 4645 1147 4727 superbia
1176 4646 1315 4709 infletur.
1364 4647 1428 4710 No-
1479 4648 1645 4724 notitiam,
1673 4668 1757 4730 quae
1788 4668 1847 4711 nos
1874 4655 1908 4711 et
1936 4647 1977 4711 ab
2004 4650 2091 4712 omni
2120 4648 2271 4732 propriae
2292 4647 2459 4713 facultatis

450 4731 511 4796 stri
537 4737 642 4796 antem
671 4732 803 4813 capnitio
824 4731 969 4810 primm
996 4731 1032 4794 in
1053 4750 1087 4794 eo
1108 4732 1172 4794 sita
1192 4736 1253 4794 cst:
1282 4736 1317 4794 ut
1337 4753 1428 4812 repu-
1481 4733 1677 4797 confidentia
1698 4732 1809 4814 procul
1831 4740 1953 4810 avocet,
1977 4741 2010 4797 et
2031 4735 2119 4798 omui
2137 4732 2299 4818 gloriandi
2317 4735 2460 4799 materia

451 4821 550 4879 tontes
570 4817 645 4897 quid
666 4817 756 4882 nobis
777 4818 812 4881 in
834 4817 988 4880 creatione
1009 4816 1120 4880 datum
1141 4817 1197 4889 sit,
1220 4822 1248 4881 et
1269 4838 1364 4897 quam
1381 4818 1429 4881 be·
1481 4819 1652 4883 destitutos
1679 4818 1720 4882 ad
1748 4817 1996 4882 submissionem
2023 4819 2171 4886 adducat
2228 4818 2338 4901 Quam
2360 4841 2458 4904 regu-

451 4903 544 4984 nipne
564 4923 657 4966 suam
677 4923 750 4984 erpa
772 4923 829 4966 nos
843 4904 982 4985 pretium
999 4903 1151 4967 corrtinuct
1168 4902 1266 4980 Deus,
1289 4904 1429 4968 sciamus
1479 4904 1548 4968 lam
1574 4912 1687 4969 tenere
1716 4904 1886 4982 convenit,
1913 4905 1942 4968 si
1969 4903 2011 4968 ad
2039 4916 2163 4971 rectam
2188 4914 2223 4970 et
2250 4903 2398 4989 sapiendi
2425 4912 2459 4970 ot

451 4992 570 5069 quanta
596 4988 639 5051 sit
668 4992 799 5051 natmoe
825 4994 949 5053 nostrae
976 4987 1170 5065 excelientia,
1197 4989 1353 5068 siquidem
1382 4990 1430 5052 in
1481 4988 1600 5073 agendi
1633 4998 1755 5053 motam
1788 4990 1973 5074 pertingere
2004 4991 2092 5056 libet.
2148 4991 2264 5074 Neque
2296 5013 2349 5056 mo
2377 4990 2459 5056 lutat

451 5078 537 5156 tmro
559 5077 711 5149 manerct;
733 5073 828 5138 simul
850 5080 953 5139 tomen
974 5075 1147 5156 modernus,
1169 5073 1252 5137 ninii
1273 5074 1362 5138 nobis
1379 5075 1429 5138 in·
1481 5085 1603 5159 quanto
1631 5074 1834 5156 plausibilior
1857 5076 1901 5139 sit
1927 5076 1985 5141 illa
2005 5078 2168 5143 sententia
2189 5097 2274 5159 quae
2297 5077 2339 5142 ad
2361 5097 2457 5159 repu-

451 5179 517 5225 esse
543 5158 728 5241 proprium,
754 5159 809 5223 sed
830 5162 974 5238 precario
1000 5179 1057 5223 nos
1084 5165 1185 5224 tenere
1212 5160 1367 5240 quidqnid
1395 5161 1430 5223 in
1482 5161 1583 5225 tanda
1608 5171 1720 5224 nostra
1740 5161 1826 5225 bona
1850 5163 1958 5244 potius
1980 5184 2038 5228 nos
2059 5163 2194 5241 invitat,
2222 5184 2321 5246 quam
2343 5161 2386 5227 ad
2405 5162 2458 5226 in-

451 5265 508 5311 nos
540 5244 631 5308 Deus
662 5243 804 5321 contidit,
837 5249 873 5307 ut
905 5266 1026 5326 seraper
1059 5244 1098 5309 ab
1130 5246 1200 5326 ipso
1226 5245 1429 5324 pendeamus.
1483 5246 1697 5329 spiciendom,
1721 5266 1801 5327 quae
1821 5268 1877 5312 nos
1892 5249 2013 5330 pudore
2034 5249 2158 5314 obrucm
2179 5249 2275 5327 debet,
2303 5248 2460 5313 miseram

1484 5342 1631 5398 nostram
1662 5333 1805 5413 inopiam
1838 5355 1904 5398 una
1936 5357 2009 5400 cum
2042 5335 2232 5419 ignominia.
2289 5332 2461 5418 Siquidem

1484 5417 1568 5483 nihil
1595 5424 1645 5482 est
1672 5418 1757 5500 quod
1783 5420 1887 5502 magis
1916 5427 2050 5503 appetat
2078 5421 2261 5485 humanum
2289 5420 2462 5504 ingenium

523 5531 943 5599 immurmurantem
957 5533 1145 5598 praecedentia
1161 5534 1290 5588 editionis
1310 5532 1375 5601 Gap.
1388 5534 1432 5587 11.
1485 5525 1584 5587 quam
1617 5503 1789 5603 blfflldllill
1817 5505 2006 5605 demfflssffl'li
2040 5515 2138 5588 alque
2167 5506 2255 5585 idm,
2285 5507 2346 5606 ubi·
2370 5505 2462 5571 d⁰t⁶⁶

454 5601 469 5666 ς
498 5599 583 5653 1-5.
603 5600 708 5654 7-15.
1485 5609 1560 5655 suas
1585 5612 1698 5675 magui
1720 5592 1792 5654 fierr
1814 5591 1920 5670 audit,
1949 5613 1985 5655 m
2012 5591 2097 5657 huuc
2118 5600 2245 5675 purtem
2267 5614 2371 5658 mmm
2391 5613 2465 5659 ore-

455 5415 658 5426 -a-o-ae
