5600 6809
422 791 485 852 111
815 883 818 890 ,
1064 779 1330 850 111111111Ήο
1352 779 1781 848 11111111111111.
1912 878 1916 885 .
1957 863 1959 871 y
2372 786 2442 847 141

295 1017 298 1024 ›
421 980 453 1041 ei
480 975 684 1056 relinquatur
711 971 797 1054 quod
819 994 840 1037 a
867 979 961 1054 patre
987 972 1123 1052 accepit,
1158 990 1276 1051 nempe
1298 977 1337 1032 ut
1357 970 1402 1033 sit
1453 990 1579 1033 verum.
1625 970 1723 1035 Gerte
1751 969 1819 1034 illis
1840 971 2003 1035 universis
2031 970 2139 1053 legem
2160 968 2246 1035 dicit
2291 971 2355 1034 Est
2375 992 2439 1036 au-

422 1062 538 1125 unieus
566 1057 720 1124 eeclesiae
749 1059 915 1141 magister.
960 1057 1035 1121 Non
1056 1057 1145 1121 enim
1172 1055 1213 1119 de
1235 1055 1298 1119 alio
1320 1075 1401 1137 quo-
1453 1062 1522 1119 tem
1543 1054 1712 1135 eiusmodi,
1735 1054 1822 1136 quod
1843 1076 1909 1119 non
1931 1055 2055 1137 patitur
2072 1056 2258 1138 quempiam
2279 1056 2355 1137 plus
2377 1048 2443 1121 de-·

420 1147 524 1316 piam,
557 1144 616 1208 sed
643 1142 684 1208 de
705 1144 776 1225 ipso
801 1143 870 1208 solo
893 1144 1051 1225 scriptum
1069 1150 1133 1207 eet:
1160 1143 1271 1223 ipsum
1292 1139 1401 1204 audite
1454 1162 1526 1205 cere
1553 1162 1653 1223 quam
1680 1142 1789 1205 iussus
1815 1142 1922 1205 fuerit
1973 1142 2019 1204 Et
2044 1148 2158 1223 postea
2183 1140 2314 1224 paleam
2342 1150 2441 1207 vocat

436 1230 558 1298 Matth.
580 1234 628 1307 17,
649 1233 692 1313 5).
723 1231 786 1294 Est
807 1231 911 1313 igitur
932 1228 1152 1294 ecclesiastica
1169 1233 1313 1309 potestas
1334 1247 1401 1289 non
1453 1225 1610 1309 quidquid
1631 1246 1651 1289 a
1672 1247 1707 1291 se
1729 1248 1796 1290 uno
1817 1227 1999 1309 profectum
2020 1248 2086 1290 non
2109 1234 2167 1290 est
2201 1226 2318 1309 Itaque
2337 1248 2440 1293 nemo

419 1317 565 1399 maligne
583 1315 714 1398 quidem
732 1315 888 1391 ornanda,
911 1312 969 1378 sed
987 1320 1097 1377 tamen
1115 1312 1313 1378 includenda
1332 1331 1401 1376 eer-
1454 1334 1496 1376 ex
1529 1313 1608 1394 ipsis
1641 1311 1812 1396 prophetis
1840 1333 1876 1377 os
1903 1313 2046 1395 aporuit,
2075 1312 2139 1377 nisi
2168 1310 2312 1377 Domino
2333 1315 2440 1378 verba

421 1403 465 1467 tis
489 1401 626 1477 finibus,
646 1423 688 1465 ne
705 1422 765 1484 pro
784 1401 954 1465 hominum
975 1398 1110 1464 libidine
1127 1399 1192 1464 huc
1210 1405 1307 1480 atquc
1323 1398 1403 1462 illue
1455 1404 1640 1479 praeeunte.
1695 1397 1793 1463 Unde
1825 1398 1882 1462 illa
1909 1399 2005 1462 toties
2038 1398 2125 1481 apud
2158 1418 2213 1463 eos
2245 1411 2438 1495 occurrunt:

421 1488 581 1552 trahatur.
627 1485 681 1550 Ad
702 1487 736 1551 id
758 1487 938 1569 plurimum
960 1485 1106 1567 proderit
1127 1486 1299 1550 observare
1322 1505 1402 1567 qua·
1454 1484 1592 1561 verbum
1615 1485 1766 1561 Domini,
1789 1504 1871 1548 onus
1892 1484 2044 1560 Domini,
2067 1485 2114 1549 sie
2136 1485 2182 1548 ait
2202 1484 2375 1564 Dominus,
2400 1507 2439 1551 os

422 1573 542 1638 litera
570 1573 739 1655 prophetis
766 1582 800 1636 et
825 1571 979 1654 apostolis
1007 1569 1217 1636 describatur.
1261 1570 1350 1634 Nam
1374 1571 1402 1633 si
1455 1570 1592 1633 Domini
1612 1570 1782 1651 loquutum
1804 1576 1862 1634 est
1899 1571 1946 1635 Et
1966 1571 2099 1634 merito:
2123 1569 2329 1636 exclamabat
2345 1572 2438 1636 enim

422 1659 613 1742 simpliciter
631 1657 816 1722 hominibus
834 1656 1041 1743 concedimus
1059 1677 1158 1738 quam
1175 1677 1306 1720 sumere
1323 1657 1402 1738 ipsis
1454 1655 1577 1719 Iesaias
1595 1655 1641 1739 (6,
1661 1655 1705 1739 5),
1724 1654 1850 1736 polluta
1868 1656 1930 1720 sibi
1947 1676 2018 1719 esee
2034 1655 2136 1734 labia;
2159 1655 2315 1721 Ieremias
2333 1657 2379 1739 (l,
2400 1657 2437 1740 6)

422 1745 532 1809 visum
564 1744 664 1807 l'uerit
688 1751 900 1825 potestatem,
930 1743 1082 1807 omnibus
1110 1743 1144 1806 in
1166 1750 1319 1824 promptu
1341 1748 1400 1818 est,
1455 1761 1491 1804 se
1518 1740 1644 1805 nescire
1671 1741 1761 1823 loqui
1784 1740 1962 1818 fatebatur,
1990 1742 2067 1823 quia
2095 1763 2177 1823 puer
2204 1751 2297 1807 esset.
2344 1741 2436 1823 Quid

422 1850 522 1912 quam
543 1830 586 1893 sit
606 1829 761 1910 proclivis
783 1831 818 1892 in
841 1828 1053 1912 tyrannidem
1074 1827 1199 1911 lapsus,
1223 1849 1306 1910 quae
1327 1848 1402 1909 pro-
1456 1827 1496 1891 ab
1518 1826 1606 1891 illius
1628 1826 1763 1909 polluto,
1785 1827 1825 1891 ab
1848 1827 1947 1891 huius
1968 1827 2059 1891 fatuo
2077 1848 2134 1891 ore
2156 1827 2287 1910 prodire
2304 1835 2437 1910 poterat

423 1914 477 1981 cul
497 1936 518 1979 a
540 1911 664 1978 Christi
686 1915 823 1979 ecclesia
845 1915 957 1979 abesse
979 1912 1082 1978 debet.
1455 1912 1519 1976 nisi
1541 1911 1751 1976 immundum
1772 1921 1830 1976 aut
1850 1912 2028 1989 insulsum,
2057 1914 2084 1977 si
2107 1935 2203 1977 suum
2225 1914 2289 1996 ipsi
2311 1935 2437 1979 sermo-

509 2004 537 2063 2.
593 1999 737 2064 Proinde
771 2000 825 2065 hic
857 2001 1045 2064 meminisse
1073 2006 1214 2082 oportet,
1244 1998 1403 2081 quidquid
1456 2019 1530 2061 nem
1554 1998 1680 2080 loquuti
1702 1997 1832 2062 essent?
1867 1996 1990 2064 Sancta
2009 2020 2087 2064 vero
2108 2006 2142 2063 et
2163 2020 2245 2081 pura
2266 1999 2331 2065 illis
2348 1999 2438 2066 labia

423 2086 607 2150 autoritatis
636 2107 673 2150 ac
703 2084 873 2169 dignitatis
902 2087 1037 2168 spiritus
1063 2087 1099 2149 in
1122 2087 1300 2168 scriptura,
1334 2085 1403 2149 sive
1456 2084 1589 2147 fuerunt
1609 2104 1710 2166 quum
1731 2085 1866 2165 spiritus
1888 2085 1993 2150 sancti
2014 2092 2194 2166 coeperunt
2211 2107 2282 2150 esse
2299 2106 2435 2170 organa

423 2169 652 2249 sacerdotibus,
676 2172 746 2236 sive
763 2171 942 2254 prophetis,
964 2173 1034 2236 sive
1052 2171 1215 2254 apostolis,
1239 2172 1308 2233 sive
1326 2191 1404 2253 apo·
1455 2169 1522 2235 Ubi
1544 2169 1606 2233 hac
1625 2169 1782 2252 religione
1809 2169 1955 2235 obstricti
1976 2179 2055 2235 sunt
2081 2171 2269 2253 prophetae,
2293 2173 2437 2254 nequid
2525 2185 2527 2189 '

421 2257 581 2322 stolorum
602 2257 841 2322 suecessoribus
864 2258 977 2336 1111111,
999 2257 1033 2322 111
1054 2264 1161 2321 totum
1182 2277 1251 2320 non
1272 2256 1404 2339 proprie
1455 2255 1589 2319 tradant
1617 2255 1681 2320 nisi
1703 2255 1788 2337 quod
1809 2257 2008 2338 acceperint,
2030 2265 2110 2321 tunc
2129 2257 2254 2340 insigni
2273 2263 2438 2338 potestate

421 2341 613 2407 hominibus
645 2342 739 2424 ipsis,
769 2342 826 2406 sed
854 2343 1037 2407 ministerio
1059 2343 1114 2407 cui
1141 2341 1299 2425 praefecti
1326 2351 1404 2405 sunt
1457 2359 1494 2405 ac
1522 2341 1651 2405 eximiis
1679 2341 1784 2405 titulis
1811 2350 1979 2405 ornantur.
2024 2342 2112 2406 Nam
2138 2363 2242 2424 quum
2260 2343 2436 2408 'Dominus

370 2445 379 2458 ·
422 2428 509 2506 dari3
533 2428 585 2492 vel
606 2427 660 2509 (ut
681 2427 865 2511 expeditius
885 2425 1071 2511 loquamur)
1093 2428 1203 2507 verbo,
1226 2429 1318 2492 cuius
1341 2428 1403 2490 mi·
1456 2434 1596 2491 testatur
1613 2425 1704 2511 (ibid.
1725 2448 1756 2492 v.
1780 2427 1831 2508 10)
1855 2448 1889 2491 se
1910 2428 2105 2510 praefecisse
2124 2427 2198 2492 illos
2220 2429 2374 2511 gentibus
2397 2452 2436 2496 ac

420 2514 595 2579 nistsrium
628 2513 695 2578 illis
728 2522 779 2578 est
816 2515 1035 2578 commissum.
1089 2515 1136 2580 Ut
1168 2515 1256 2578 enim
1288 2512 1403 2577 ordine
1455 2513 1581 2595 regnis,
1612 2518 1651 2575 ut
1682 2511 1827 2577 evellant
1852 2520 1886 2576 11
1919 2514 2117 2596 exstirpent,
2149 2513 2292 2597 perdant
2317 2523 2351 2578 et
2378 2515 2436 2580 de·

422 2620 537 2665 omnes
565 2620 814 2681 persequamur,
838 2620 905 2663 non
927 2600 1144 2682 reperiemus,
1173 2599 1243 2663 ulla
1265 2599 1404 2665 docendi
1456 2606 1602 2677 struant,
1633 2597 1805 2662 aedificent
1829 2619 1867 2663 ao
1892 2598 2057 2680 plantent,
2087 2601 2244 2663 continuo
2265 2601 2437 2685 subiungit

422 2692 481 2750 aut
502 2682 720 2767 respondendi
749 2686 924 2749 autoritate
952 2686 1053 2750 irrisae
1078 2685 1257 2768 praeditos,
1280 2685 1346 2748 nisi
1367 2686 1403 2748 in
1447 2696 1602 2749 'eausam:
1626 2684 1703 2765 quia
1723 2683 1825 2748 verba
1846 2704 1906 2748 sua
1927 2684 1963 2747 in
1984 2705 2099 2749 eorum
2121 2706 2179 2749 ore
2199 2687 2352 2769 posuerit.

422 2771 555 2834 nomine
584 2776 617 2833 11
644 2771 743 2835 verbo
770 2770 914 2834 Domini.
964 2769 1030 2835 Ubi
1057 2773 1145 2835 enim
1174 2777 1334 2836 vocantur
1362 2771 1404 2835 ad
1541 2776 1570 2833 4.
1615 2770 1690 2837 Iam
1717 2770 1745 2832 si
1772 2770 1808 2832 in
1837 2769 1998 2852 apostolos
2027 2771 2198 2853 respicias,
2227 2771 2340 2836 multis
2363 2774 2436 2855 qui·

421 2876 555 2932 munus,
579 2855 676 2919 simul
698 2855 763 2920 illis
784 2856 968 2938 iniungitur
986 2878 1028 2920 ne
1050 2857 1128 2938 quid
1150 2858 1290 2921 afferant
1309 2878 1351 2920 ex
1368 2878 1404 2921 se
1456 2853 1530 2918 dem
1553 2864 1587 2920 et
1612 2855 1796 2939 insignibus
1817 2855 1930 2938 elogiis
1952 2856 2238 2934 commendantur,
2267 2857 2352 2939 quod
2375 2858 2436 2922 lux

422 2941 518 3023 ipsis,
548 2940 603 3005 sed
626 2940 802 3022 loquantur
824 2961 865 3004 11
890 2961 949 3019 011
969 2941 1114 3006 Domini.
1157 2943 1228 3008 Nec
1251 2963 1305 3006 eos
1327 2951 1403 3006 ante
1456 2941 1523 3005 sint
1548 2941 1663 3007 mundi
1691 2950 1724 3004 et
1752 2940 1802 3005 111
1829 2949 1937 3006 111111
1966 2942 2100 3026 (Matth.
2122 2948 2151 3018 5,
2173 2941 2240 3025 13);
2267 2941 2352 3025 quod
2373 2963 2434 3025 pro

421 3026 574 3108 producit
601 3027 731 3108 ipsein
763 3026 924 3100 medium,
954 3034 1033 3091 uta
1064 3030 1184 3111 populo
1217 3028 1401 3104 audiantur,
1456 3026 1589 3091 Christo
1608 3025 1762 3090 audiendi
1780 3027 1876 3109 (Luc.
1899 3032 1947 3104 10,
1969 3027 2040 3110 16);
2061 3027 2148 3111 quod
2166 3034 2378 3111 quaecunque
2397 3029 2435 3092 in

422 3132 522 3194 quam
549 3111 751 3194 praeceperit
778 3111 936 3194 quidnam
963 3112 1050 3196 loqui
1077 3113 1229 3192 debeant,
1255 3136 1297 3178 no
1324 3113 1403 3196 quid
1456 3121 1544 3177 terra
1572 3113 1749 3196 ligaverint
1774 3120 1833 3175 aut
1858 3113 2018 3178 solverint
2050 3114 2152 3198 ligata
2173 3121 2270 3179 erunt
2297 3122 2355 3177 aut
2381 3135 2436 3178 so-

421 3204 553 3281 practer
574 3197 712 3261 verbum
735 3219 833 3262 suum
854 3198 1040 3280 loquantur.
1086 3201 1197 3266 Moses
1219 3203 1304 3282 ipse,
1327 3221 1402 3283 pro·
1454 3197 1525 3263 luta
1552 3200 1588 3262 in
1610 3197 2013 3283 10110(Ιο11111.20,23).
2064 3199 2190 3265 Verum
2213 3221 2273 3264 suo
2300 3200 2437 3264 nomine

421 3283 600 3366 phetarum
627 3284 775 3348 omnium
809 3285 975 3367 princeps,
1010 3285 1192 3353 audiendus
1224 3308 1302 3369 prae
1330 3286 1403 3351 ahie
1455 3304 1534 3367 prae
1567 3307 1602 3349 se
1634 3285 1747 3348 ferunt
1771 3291 1934 3365 quantum
1962 3284 2024 3350 sibi
2051 3287 2088 3348 in
2116 3306 2174 3351 suo
2202 3307 2339 3350 munere
2361 3306 2438 3367 per·

421 3367 500 3446 luit3
533 3368 591 3433 sed
624 3377 700 3433 ante
730 3371 906 3434 instmitur
939 3372 1006 3436 suis
1038 3371 1218 3449 mandatis,
1251 3394 1293 3437 ne
1323 3371 1403 3454 quid
1455 3371 1593 3435 missum
1623 3370 1681 3434 sit:
1715 3389 1834 3452 nempe
1866 3370 1893 3433 si
1925 3371 2062 3453 apostoli
2090 3384 2182 3448 sunt,
2212 3393 2254 3435 ne
2287 3371 2439 3455 garriant

403 3454 556 3518 «omnino
578 3456 731 3520 nuntiare
753 3462 852 3538 queat
872 3457 936 3520 nisi
964 3457 1157 3522 aDomino.
1208 3458 1324 3540 Itaque
1345 3478 1404 3539 po-
1456 3452 1613 3538 quidquid
1635 3455 1815 3521 collibitum
1836 3455 2037 3534 1111111;1111
2059 3456 2216 3522 mandata
2238 3458 2307 3521 eius
2331 3479 2351 3521 a
2372 3479 2438 3540 que
2542 3487 2545 3500 ÷

421 3540 533 3623 pulus,
565 3540 746 3605 doctrinam
780 3541 849 3607 cius
885 3542 1072 3625 amplexus,
1102 3544 1139 3607 in
1153 3543 1276 3608 ‘Deum
1308 3543 1404 3607 etin
1455 3541 1647 3607 missisunt
1669 3541 1753 3605 bona
1774 3541 1839 3605 fide
1860 3542 2034 3624 perferant
2078 3543 2125 3607 Et
2146 3545 2225 3608 satis
2248 3543 2337 3608 clara
2359 3554 2438 3608 sunt

421 3626 494 3691 eius
516 3647 650 3691 servum
673 3627 791 3692 Mosen
814 3626 935 3694 dicitur
956 3628 1141 3694 credidisse.
1186 3628 1404 3695 Sacerdotem
1456 3625 1582 3692 Christi
1603 3628 1713 3705 verba,
1736 3627 1854 3709 quibus
1876 3647 1988 3692 eorum
2009 3628 2207 3710 legationem
2230 3629 2436 3695 terminavit:

421 3732 552 3794 quoque
574 3713 748 3791 autoritas,
771 3735 814 3778 ne
842 3716 1048 3797 contemptui
1075 3715 1172 3792 foret,
1200 3715 1404 3798 gravissimis
1455 3734 1558 3795 quum
1589 3713 1760 3778 mandavit
1790 3712 1857 3777 illis
1889 3719 1928 3776 ut
1955 3714 2042 3777 irent
2074 3735 2113 3779 ao
2129 3713 2295 3779 ‘docerent
2322 3735 2439 3779 omnes

421 3797 536 3881 poenis
559 3797 684 3862 sancita
700 3808 763 3863 est.
808 3799 937 3864 Verum
958 3800 1056 3866 simul
1077 3801 1220 3865 ostendit
1240 3800 1404 3865 Dominus
1456 3807 1570 3882 gentes
1607 3819 1820 3880 quaecunque
1862 3807 2073 3881 praeceperat
2116 3800 2250 3883 (Matth.
2282 3804 2337 3878 28,
2372 3801 2437 3889 1⁸9).

422 3903 489 3965 qua
510 3882 584 3966 lege
606 3881 757 3949 audiendi
780 3895 904 3965 essent,
933 3908 1034 3969 quum
1056 3886 1402 3970 111011(Μ111011.2,4
1457 3883 1549 3965 Quin
1581 3886 1651 3967 ipse
1676 3904 1803 3966 quoque
1832 3883 1919 3950 hanc
1946 3885 1983 3948 in
2009 3905 2044 3949 se
2071 3884 2178 3969 legem
2208 3886 2265 3969 (ne
2287 3887 2340 3950 cui
2363 3908 2440 3951 eam

422 3974 457 4032 et
477 3967 512 4051 6)
541 3988 576 4032 se
598 3971 794 4050 percussisse
816 3970 929 4036 foedus
953 3994 1048 4038 suum
1071 3993 1147 4037 cum
1168 3972 1266 4050 Levi,
1289 3980 1326 4037 ut
1348 3973 1404 4036 lex
1457 3969 1637 4035 detrectare
1658 3970 1707 4034 fas
1729 3970 1830 4053 esset)
1852 3972 1983 4052 reecpit,
2007 3969 2132 4053 sibique
2149 3971 2313 4054 imposuit.
2347 3973 2439 4038 Doe-

423 4053 572 4119 veritatis
599 4063 685 4119 esset
713 4058 749 4119 in
776 4078 832 4121 ore
862 4059 941 4122 eius.
991 4060 1038 4122 Et
1069 4058 1167 4141 paulo
1194 4065 1268 4140 post
1295 4057 1400 4123 addit:
1456 4056 1559 4134 trina,
1581 4057 1688 4140 inquit
1709 4054 1839 4140 (Ioann.
1860 4060 1888 4134 7,
1911 4056 1980 4140 16),
2009 4077 2083 4121 mea
2104 4078 2170 4121 non
2192 4066 2351 4136 11111111,
2380 4059 2439 4123 sed

422 4137 511 4204 labia
537 4140 713 4206 sacerdotis
741 4142 924 4207 custodient
950 4145 1134 4222 scientiam,
1169 4154 1202 4208 et
1223 4145 1403 4230 113111111-
1457 4142 1527 4206 eius
1549 4143 1605 4224 qui
1626 4163 1679 4206 me
1705 4141 1809 4218 misit,
1839 4142 1951 4224 patris.
1996 4143 2031 4207 Is
2053 4144 2111 4225 qui
2132 4144 2248 4208 unicus
2271 4165 2308 4207 ae
2330 4152 2440 4209 aeter·

423 4225 555 4307 quirent
583 4248 635 4307 ex,
652 4247 709 4291 ore
731 4228 815 4305 eius;
850 4230 926 4311 quia
952 4231 1091 4313 angelus
1116 4231 1251 4296 Domini
1279 4233 1404 4296 exerei-
1456 4249 1519 4293 nus
1540 4228 1644 4310 patris
1666 4227 1869 4305 consiliarius
1891 4248 2020 4310 semper
2040 4229 2116 4307 fuit,
2141 4232 2261 4313 quique
2284 4228 2456 4295 dominus·

422 4318 519 4374 tuum
547 4322 605 4376 est.
653 4313 745 4396 Ergo
775 4315 803 4377 si
833 4313 939 4378 audiri
965 4316 1045 4382 velit
1066 4316 1231 4394 sacerdes,
1260 4323 1405 4399 praestet
1456 4334 1495 4379 ao
1521 4315 1678 4398 magister
1707 4314 1855 4378 omnium
1882 4323 1933 4377 est
1955 4315 2152 4380 constitutus
2175 4337 2194 4379 a
2221 4322 2329 4396 patre,
2358 4316 2442 4395 quia

423 4416 459 4461 se
480 4397 545 4461 Dei
571 4398 744 4477 nuntium;
777 4398 901 4473 idest,
931 4400 1089 4465 mandata
1115 4422 1199 4484 quae
1227 4403 1268 4468 ab
1290 4411 1404 4468 autore
1456 4408 1568 4464 tamen
1589 4399 1727 4465 docendi
1756 4400 1937 4464 ministerio
1957 4400 2120 4483 fungitur,
2149 4401 2309 4464 ministris
2330 4402 2441 4464 omni·

423 4502 483 4546 suo
506 4485 644 4564 aceepit,
673 4483 814 4548 fideliter
834 4486 965 4550 referat.
1010 4487 1120 4568 Atque
1141 4488 1197 4552 ubi
1220 4487 1260 4551 de
1281 4488 1323 4553 iis
1346 4509 1404 4552 au·
1456 4487 1518 4550 bus
1547 4506 1607 4549 suo
1629 4485 1779 4567 exemplo
1805 4486 1998 4567 praescribit
2019 4507 2118 4568 quam
2147 4486 2181 4549 in
2208 4484 2352 4548 docendo
2386 4507 2441 4550 re-

423 4566 551 4632 diendis
573 4569 684 4653 agitur
704 4572 898 4634 nominatim
922 4572 983 4636 hoe
1000 4573 1147 4654 ponitur,
1169 4582 1208 4637 ut
1225 4572 1405 4638 secundum
1456 4570 1568 4655 gulam
1595 4572 1686 4654 sequi
1707 4570 1856 4636 debeant
1902 4571 1978 4635 Non
2003 4580 2053 4636 est
2078 4570 2179 4653 igitur
2201 4569 2357 4635 eeclesiae
2380 4592 2441 4655 po-

422 4652 531 4737 legem
553 4655 616 4719 Dei
638 4656 858 4737 respondeant
879 4657 993 4740 (111111.
1016 4659 1149 4742 17,1o).
1456 4664 1558 4722 testas
1579 4656 1722 4735 infinita,
1751 4656 1809 4720 sed
1836 4656 1981 4722 subiecta
2007 4656 2106 4721 verbe
2127 4655 2264 4719 Domini
2285 4664 2318 4720 11
2340 4657 2377 4720 in
2400 4679 2440 4722 eo

512 4744 540 4802 3.
581 4741 826 4822 Prophetarum
844 4743 949 4825 qualis
966 4745 1001 4806 in
1018 4744 1212 4810 universum
1231 4746 1330 4810 fuerit
1346 4767 1405 4827 po·
1456 4743 1550 4825 quasi
1571 4743 1706 4807 inclusa
1848 4816 1856 4832 ι

424 4833 540 4901 testas,
568 4825 735 4908 eleganter
760 4827 847 4910 apud
865 4829 1072 4894 Ezechielem
1094 4830 1138 4916 (3,
1161 4832 1216 4916 17)
1249 4832 1404 4896 describi·
1545 4833 1573 4892 5.
1618 4828 1722 4908 Atqui
1749 4847 1850 4908 quum
1878 4825 1940 4890 hoo
1968 4826 2008 4891 ab
2034 4827 2128 4890 initio
2156 4827 2193 4890 in
2221 4828 2358 4893 ccclesia
2380 4851 2438 4894 va·

423 4917 493 4972 tur:
527 4910 576 4972 fili
608 4911 764 4991 hominis,
796 4915 842 4977 ait
863 4915 1041 4992 Dominus,
1071 4917 1308 4999 speculatorem
1330 4917 1406 4981 dedi
1456 4914 1563 4990 luerit,
1584 4912 1745 4993 hodieque
1763 4911 1872 4977 valere
1890 4911 2013 4990 debeat,
2036 4934 2078 4976 ne
2096 4911 2175 4995 quid
2194 4912 2332 4979 doceant
2350 4916 2439 4979 servi

424 5002 458 5059 te
481 4992 593 5058 domui
613 4995 731 5076 lsrael;
760 4999 872 5064 audies
901 5002 1004 5084 igitur
1025 5024 1067 5066 ex
1089 5024 1144 5068 ore
1171 5025 1244 5068 mee
1266 5004 1405 5068 verbum
1455 5000 1522 5064 Dei
1542 4996 1628 5080 quod
1649 5017 1715 5060 non
1738 4997 1778 5061 ab
1801 4996 1871 5079 ipso
1893 4994 2074 5076 didicerint,
2097 5020 2158 5081 pro
2180 5007 2366 5081 temporum
2386 5010 2438 5063 ta·

423 5086 458 5144 et
475 5081 684 5146 annuntiabis
706 5084 771 5150 illis
799 5108 841 5151 ex
867 5109 929 5151 me.
975 5085 1042 5167 Qui
1064 5089 1178 5153 audire
1205 5088 1336 5153 iubetur
1362 5110 1405 5151 11
1456 5106 1534 5148 men
1555 5083 1714 5148 varietate
1736 5081 1883 5148 diversas
1907 5083 2094 5150 habuerunt
2115 5084 2261 5151 discendi
2283 5087 2437 5151 rationes.

423 5186 480 5231 ore
502 5164 647 5244 Domini,
671 5191 781 5236 nonne
803 5172 981 5255 quidquam
999 5195 1040 5236 11
1058 5195 1093 5238 11
1112 5175 1310 5239 comminisci
1328 5194 1405 5256 pro-
1456 5171 1509 5235 Ea
1540 5190 1618 5234 vero
1640 5189 1723 5251 quae
1751 5191 1839 5235 nune
1866 5176 1931 5248 est,
1958 5170 2141 5252 plurimum
2168 5191 2188 5234 a
2215 5172 2436 5254 superioribus

423 5250 577 5317 hibetur?
622 5253 710 5334 Quid
736 5278 814 5321 vero
844 5266 909 5335 est,
938 5259 1092 5324 nuntiare
1120 5259 1316 5338 aDomino,
1339 5258 1404 5322 nisi
1457 5255 1576 5321 differt
1621 5256 1803 5338 Principio,
1833 5256 1862 5322 11
1882 5277 2001 5322 verum
2022 5265 2073 5322 est
2094 5256 2181 5340 quod
2202 5258 2248 5320 ait
2269 5256 2434 5335 (1111111111,

424 5339 470 5404 sic
493 5339 582 5420 loqui
605 5348 641 5404 ut
658 5340 861 5406 confidenter
878 5345 999 5408 iactare
1018 5346 1114 5425 ausit,
1133 5366 1201 5409 nou
1218 5367 1316 5412 suum
1333 5366 1404 5409 esse
1456 5341 1542 5424 quod
1564 5361 1660 5406 nemo
1680 5349 1809 5424 patrem
1830 5342 1952 5408 viderit
1973 5343 2034 5408 nisi
2056 5343 2153 5420 filius,
2176 5351 2210 5407 et
2227 5343 2280 5407 cui
2297 5341 2438 5407 voluerit

424 5423 483 5489 sed
503 5425 640 5490 Domini
661 5427 799 5492 verburu
820 5427 905 5510 quod
928 5428 1097 5494 attulerit?
1127 5429 1337 5496 Tantundem
1354 5438 1405 5496 est
1456 5427 1545 5492 filius
1577 5428 1725 5494 revelare
1758 5428 2063 5512 (Μ11111.11,27),
2097 5427 2242 5510 oportuit
2274 5435 2361 5493 certe
2393 5425 2437 5491 ab

424 5508 512 5591 apud
533 5511 707 5576 Ieremiam
729 5515 796 5598 (23,
817 5516 872 5595 28)
895 5514 967 5579 aliis
989 5516 1108 5581 verbis.
1152 5518 1330 5600 Propheta,
1352 5516 1404 5580 in-
1457 5522 1592 5578 aetema
1612 5514 1670 5578 illa
1691 5514 1852 5597 sapientia
1873 5534 2002 5595 semper
2020 5513 2126 5597 dirigi,
2149 5513 2206 5596 qui
2226 5513 2268 5577 ad
2290 5513 2354 5578 Dei
2375 5535 2437 5578 no·

424 5595 510 5676 quit,
542 5595 629 5677 apud
647 5618 743 5679 quem
765 5606 815 5664 est
837 5601 1014 5680 somnium,
1036 5611 1150 5667 narret
1171 5605 1349 5684 somnium,
1371 5609 1405 5668 et
1457 5601 1564 5664 titiam
1592 5601 1765 5682 pervenire
1786 5599 1918 5664 vellent
1970 5596 2143 5679 Quomodo
2165 5600 2254 5667 enim
2274 5599 2340 5663 Dei
2362 5619 2436 5684 my-

424 5681 483 5762 qui
512 5680 612 5745 habet
644 5683 782 5748 verbum
810 5705 934 5763 meum,
959 5685 1113 5768 loquatur
1133 5689 1272 5755 verbum
1293 5711 1405 5756 rneum
1457 5687 1558 5750 steria
1579 5691 1638 5750 aut
1659 5686 1769 5750 animo
1789 5683 2113 5767 comprehendissent
2134 5691 2195 5749 aut
2215 5683 2363 5767 eloquuti
2383 5705 2438 5752 as-
