5600 6809
367 784 425 844 641
609 777 700 842 LIB.
723 776 786 841 III.
832 777 894 840 DE
917 775 1053 841 MODO
1074 773 1424 840 PEROIPOENDAE
1447 773 1639 843 OHRIS'H
1659 775 1879 844 GRATIAE.
1923 775 2022 844 OAP.
2045 778 2125 844 XX.
2306 786 2370 847 642

364 970 470 1033 minus
490 986 586 1048 quam
601 966 673 1046 piis
688 965 852 1029 necessitas
864 968 1019 1045 extorquet
1034 983 1143 1044 preces
1158 969 1340 1028 cananeae
1390 984 1512 1030 sumrm
1532 965 1642 1048 ripere,
1670 970 1706 1028 ut
1719 985 1830 1045 preces
1850 967 1992 1048 repudiet
2013 966 2103 1033 Deras
2124 969 2160 1032 in
2177 970 2289 1051 quibus
2305 991 2369 1036 nou

364 1074 473 1133 seusu,
501 1052 614 1135 quibus
641 1056 744 1116 tamen
765 1049 870 1113 Deum
890 1051 1067 1132 propitium
1088 1071 1153 1115 esse
1173 1069 1212 1114 en
1232 1054 1339 1114 111111
1390 1051 1525 1115 inueniet
1538 1051 1710 1132 perfectam
1726 1050 1773 1115 cel
1789 1051 1883 1132 111111
1899 1052 1946 1116 cel
1960 1054 2193 1133 poeniteutiam,
2214 1077 2281 1121 una
2297 1077 2369 1121 cum

225 1162 231 1180 =
365 1140 561 1205 demonstrat.
604 1137 659 1202 Au
687 1137 763 1218 quia
788 1134 847 1200 tali
873 1134 1026 1217 facilitate
1049 1141 1160 1219 pratas
1185 1133 1247 1199 sibi
1275 1155 1340 1200 esse
1389 1136 1450 1200 celi
1472 1136 1583 1201 ardore
1601 1139 1739 1219 uotisque
1759 1142 1837 1202 recte
1857 1139 2042 1219 compositis.
2073 1139 2236 1220 Dicimus,
2258 1162 2369 1222 quana·

365 1225 512 1290 testetur?
544 1226 607 1289 imo
638 1228 674 1285 ut
704 1240 797 1286 11111
822 1222 1071 1286 misericordiam
1096 1219 1265 1302 amplificet
1293 1221 1340 1285 oet
1391 1222 1441 1286 cis
1467 1223 1566 1286 oratio
1592 1223 1755 1303 familiare
1780 1224 1823 1286 sit
1838 1223 1969 1305 piorum
1994 1244 2064 1288 cum
2084 1224 2153 1290 Deo
2174 1227 2368 1309 coloquium,

364 1312 499 1376 illustret
519 1309 577 1373 bac
598 1308 839 1384 circumstantia,
861 1307 942 1387 quod
963 1327 1001 1371 ue
1021 1307 1194 1388 incredulis
1213 1307 1340 1386 quidem
1391 1308 1578 1372 secandam
1604 1313 1707 1373 tamm
1735 1329 1801 1373 esse
1827 1310 2027 1374 reverentiam
2054 1314 2082 1374 et
2106 1313 2301 1392 modestiam,
2330 1334 2369 1378 ne

364 1402 516 1480 neqantm
536 1416 597 1460 sua
618 1399 704 1472 cota‚·
732 1393 842 1458 dmude
867 1397 903 1454 ut
917 1391 1032 1473 probos
1053 1412 1127 1457 suos
1148 1391 1276 1456 cultores
1297 1392 1340 1455 ad
1392 1391 1531 1457 babenas
1546 1393 1689 1458 tacemus
1705 1394 1891 1476 quibuslibet
1905 1396 1993 1473 catu,
2010 1415 2047 1459 ac
2063 1416 2101 1459 ne
2116 1400 2370 1479 concupiscamus

363 1483 516 1547 orandum
537 1481 639 1563 mapis
655 1478 837 1556 metune,
859 1479 934 1542 dum
951 1478 1055 1543 mdent
1070 1480 1225 1560 profanos
1242 1477 1341 1542 eiula-
1390 1479 1456 1542 uisi
1473 1484 1626 1559 quantum
1644 1479 1735 1544 Deus
1750 1481 1921 1561 pennum
1941 1481 2058 1560 deiride,
2081 1502 2119 1546 ne
2139 1483 2264 1548 vilescat
2280 1485 2370 1549 uobis

363 1573 415 1632 tus
436 1588 496 1631 uon
517 1586 623 1632 carere
644 1565 798 1629 interdum
809 1564 959 1645 profectu.
1005 1563 1078 1629 Non
1098 1569 1199 1628 tamen
1220 1568 1265 1626 est
1283 1583 1340 1627 cur
1391 1564 1456 1629 Dei
1475 1566 1631 1643 musca,
1652 1566 1802 1630 tollendas
1822 1586 1887 1631 esse
1907 1586 2034 1629 sursum
2054 1573 2168 1633 1111111
2189 1570 2232 1634 ad
2246 1591 2369 1651 puram

361 1655 467 1734 fideles
487 1653 645 1731 deflectant
670 1672 692 1715 a
712 1650 774 1733 leqe
794 1649 856 1713 sibi
876 1649 1030 1714 divinitus
1046 1650 1201 1730 imposita,
1223 1650 1271 1713 cel
1291 1650 1339 1712 iu·
1391 1654 1568 1730 casuraque
1597 1652 1668 1715 eius
1699 1652 1930 1715 veneratimccm.
1986 1650 2053 1715 Hoc
2084 1673 2179 1731 nenio,
2212 1675 2276 1735 qua
2305 1676 2370 1736 par

363 1739 488 1802 uideant
508 1737 688 1813 incredulis,
709 1735 805 1816 quasi
822 1755 971 1818 maqnum
987 1735 1110 1799 lucrum
1125 1734 1263 1817 feceriut,
1285 1734 1340 1799 ubi
1390 1736 1505 1816 fuisset
1535 1737 1715 1818 inmaritata,
1743 1756 1885 1817 unquam
1910 1737 2075 1818 praestitit.
2127 1739 2214 1803 Nam
2248 1740 2298 1824 (ut
2330 1742 2368 1805 de

365 1825 471 1904 adepti
491 1828 564 1888 sunt
585 1823 665 1903 quod
686 1821 831 1885 uolebant.
866 1819 933 1884 Hoc
954 1821 1042 1885 modo
1063 1820 1206 1886 dicimus
1223 1821 1339 1898 fleeum
1390 1820 1482 1903 culpo
1500 1839 1561 1884 nou
1580 1821 1706 1905 loquar)
1734 1842 1829 1904 quam
1856 1823 1973 1887 1111111
1994 1823 2134 1887 Dacidis
2154 1826 2368 1905 querimoniae

362 1911 462 1991 fuisse
483 1908 589 1974 Deum
608 1907 681 1988 fida
696 1906 886 1988 poenitentia
908 1905 1017 1971 Achab
1039 1904 1072 1990 (l
1093 1907 1175 1989 Reg.
1195 1909 1251 1984 21,
1272 1905 1338 1990 29),
1389 1907 1601 1986 intemperiem
1628 1907 1774 1988 sapiunt‚·
1800 1928 1862 1972 uon
1890 1909 1973 1988 qnod
1999 1909 2135 1973 casuue
2157 1912 2205 1976 cel
2227 1916 2368 1993 expostu-

362 2000 397 2059 ut
422 1995 475 2059 boc
496 1995 671 2069 1111111111
691 1992 853 2073 probaret,
881 2012 978 2073 quam
998 1993 1041 2056 sit
1061 1990 1229 2055 exorabilis
1263 2012 1339 2074 erqa
1376 1992 1457 2063 ¹lare
1485 2012 1554 2057 cum
1575 1991 1644 2056 Deo
1666 1993 1750 2071 uelit,
1778 1994 1826 2058 cel
1854 1994 1923 2058 eius
1950 1994 2081 2059 iudiciis
2102 1995 2285 2076 obstrepere,
2313 1997 2368 2060 sed

362 2099 436 2145 siros
463 2080 582 2158 electos,
610 2079 664 2143 ubi
691 2078 733 2142 ad
754 2080 860 2159 111111
881 2078 1076 2159 placandum
1102 2097 1177 2142 vera
1206 2077 1338 2158 affertur
1390 2078 1467 2168 quia
1482 2098 1565 2158 prae
1587 2078 1766 2159 infirmitate
1790 2079 1941 2160 fatiscens
1967 2100 2028 2144 nou
2054 2080 2145 2145 aliud
2166 2082 2285 2146 incenit
2305 2102 2367 2146 me·

362 2167 526 2231 conversio.
571 2163 704 2245 Ideoque
736 2166 771 2228 in
800 2163 929 2228 Psalmo
960 2162 1061 2247 (Psal.
1084 2166 1158 2241 106,
1184 2163 1242 2248 43)
1268 2182 1338 2227 cum
1389 2162 1453 2226 lius
1473 2164 1636 2242 sobitium,
1664 2185 1760 2244 qnam
1786 2165 1958 2228 sidolores
1983 2186 2057 2230 suos
2085 2167 2121 2230 in
2147 2166 2236 2231 illius
2261 2169 2369 2232 sinim

365 2250 495 2316 Iudaeis
517 2250 706 2330 ecpocamt,
731 2250 812 2331 quod
833 2250 951 2329 experti
974 2251 1078 2329 111111
1099 2250 1178 2313 votis
1198 2248 1268 2312 suis
1287 2248 1338 2328 fa
1390 2248 1541 2312 couiieiat.
1588 2249 1672 2330 Quin
1698 2251 1793 2314 etiam
1819 2250 1968 2315 toleratm
1993 2271 2015 2315 a
2036 2251 2104 2316 Deo
2131 2256 2237 2316 nostra
2262 2252 2368 2318 baltiu-

361 2337 464 2414 111111,
492 2337 535 2401 ad
563 2336 681 2418 inqenii
705 2336 757 2398 sui
779 2326 989 2415 pervicaciam
1011 2335 1199 2416 paulopost
1220 2335 1338 2399 reuersi
1388 2334 1461 2412 ties,
1499 2339 1527 2398 et
1559 2334 1704 2400 inscitiae
1730 2337 1826 2401 datur
1857 2337 1963 2414 venia,
1996 2338 2114 2416 quoties
2144 2339 2369 2404 inomasiderate

361 2423 433 2485 sint.
480 2422 568 2502 Quod
594 2423 689 2485 etiam
714 2441 753 2484 ee
774 2420 922 2486 Indicum
947 2419 1081 2484 luterio
1108 2420 1227 2501 liquido
1243 2425 1337 2500 petet,
1389 2419 1516 2500 aliquid
1543 2421 1631 2484 uobis
1658 2423 1787 2486 euadit:
1821 2427 1857 2485 ut
1887 2427 1965 2486 certe
1991 2423 2060 2486 sine
2086 2422 2144 2486 bac
2175 2424 2369 2507 indulqentic

362 2508 480 2587 quoties
501 2507 615 2571 scilicet
634 2508 797 2585 fleuerunt,
829 2506 886 2570 etsi
909 2505 1039 2587 fallaces
1059 2510 1149 2571 erant
1168 2525 1274 2569 eorum
1292 2505 1338 2569 la·
1390 2505 1479 2568 nulla
1501 2509 1579 2568 esset
1594 2508 1750 2586 precandi
1770 2507 1904 2573 libertas.
1951 2507 2114 2572 Caeterum
2135 2511 2280 2589 quamuis
2300 2508 2370 2575 Da

362 2612 498 2674 crpncae,
535 2593 636 2673 fuisse
667 2598 768 2656 tamen
799 2595 916 2673 crepas
946 2611 985 2655 ec
1017 2591 1152 2656 bostium
1183 2589 1336 2655 manibus.
1390 2590 1458 2654 uidi
1472 2589 1496 2672 ¹)
1517 2591 1645 2654 animus
1661 2597 1737 2657 essct
1749 2592 1814 2657 Dei
1830 2614 1863 2658 sc
1880 2592 2011 2657 arbitrio
2023 2599 2119 2658 totum
2130 2595 2293 2673 subiicere,
2315 2613 2370 2659 nec

364 2677 451 2742 Sicut
473 2698 542 2760 erqo
558 2678 737 2758 1111111111
753 2675 844 2741 Deus
860 2676 954 2741 solem
970 2696 1064 2741 mma
1079 2677 1227 2759 producit
1243 2696 1339 2757 super
1390 2675 1510 2739 minore
1526 2676 1683 2756 patientia
1703 2697 1800 2757 quam
1820 2679 2011 2760 impetrandi
2029 2680 2131 2756 studio
2146 2685 2258 2759 araret,
2276 2700 2370 2745 mucr-

361 2764 454 2826 bonos
473 2768 501 2828 et
520 2763 628 2840 malsc,
651 2764 697 2826 ita
718 2782 772 2827 uec
789 2763 882 2841 fletus
902 2782 1007 2827 eorum
1029 2759 1190 2827 coutemnit
1206 2783 1338 2844 quarm
1388 2765 1467 2843 punt
1486 2765 1597 2839 tamen,
1619 2761 1682 2824 uno
1703 2763 1859 2828 interdum
1880 2764 2029 2828 ebulliurrt
2045 2765 2212 2830 turbulenti
2232 2766 2369 2847 affectus,

362 2850 449 2912 iusta
469 2853 515 2912 est
535 2868 648 2926 causa,
673 2848 841 2912 etonuilio
862 2847 975 2930 diqnae
996 2868 1170 2913 aemnnnae.
1214 2846 1340 2913 Interea
1390 2846 1446 2926 qui
1468 2867 1489 2910 a
1506 2847 1614 2926 prima
1635 2867 1732 2927 quam
1747 2850 1916 2929 posuimus
1942 2851 2004 2931 leqe
2025 2871 2086 2914 nou
2101 2872 2222 2932 parum
2241 2852 2369 2917 distem.

361 2953 423 2997 nou
440 2935 542 3016 umqis
558 2934 614 2998 bos
634 2934 671 2997 in
688 2933 819 2998 sanun
835 2933 971 3013 mandit,
989 2954 1083 3014 quam
1100 2934 1245 2998 mititatis
1262 2953 1339 2999 suae
1392 2930 1537 2996 Maeime
1564 2951 1602 2996 ee
1629 2931 1775 2997 clausulas
1805 2933 1931 2998 Psalmi
1962 2936 2112 2999 tricesimi
2138 2938 2214 2999 noni
2240 2936 2286 3021 (v.
2314 2936 2368 3020 14)

361 3020 615 3101 contemptoribus
637 3020 785 3084 alimento
805 3019 989 3100 suppeditat.
1022 3018 1197 3101 Difficilior
1217 3020 1340 3085 uidetur
1391 3018 1563 3115 conspicere
1594 3017 1694 3117 tice,
1709 3024 1828 3099 quanta
1841 3106 1846 3116 Ι
1859 3019 1977 3083 doloris
2009 3020 2195 3085 adurentia
2222 3023 2369 3102 abreptus

362 3276 440 3340 altm
460 3276 555 3339 etiam
569 3280 675 3340 contra
692 3276 892 3356 manifestam
906 3276 1147 3357 prohibitionum
1163 3297 1224 3357 pra
1244 3275 1291 3340 Sa
1390 3293 1506 3338 munem
1523 3274 1717 3354 desperatm
1734 3276 1815 3340 nibil
1832 3274 1924 3341 aliud
1941 3280 2078 3360 coquere
2095 3276 2160 3340 ursi
2180 3282 2216 3340 ut
2233 3281 2370 3341 cessante

363 3361 463 3425 orocit
484 3359 516 3444 (l
540 3358 628 3425 Sam.
651 3365 704 3441 15,
728 3365 764 3424 11
789 3367 824 3426 ei
849 3365 897 3441 16,
920 3361 960 3446 1).
1004 3361 1127 3427 Eadem
1150 3363 1231 3426 ratic
1255 3360 1340 3426 Ier'e
1391 3358 1457 3426 Dei
1477 3380 1575 3424 mauu
1596 3360 1633 3424 in
1652 3361 1723 3425 suis
1743 3362 1839 3428 malis
1856 3365 2024 3444 putrescat.
2070 3361 2143 3426 Non
2163 3363 2244 3443 quod
2266 3362 2370 3428 denoto

362 3448 454 3524 miae,
477 3447 534 3527 qui
554 3445 643 3511 urbis
663 3447 820 3511 escidium
836 3447 1017 3529 deprecatus
1036 3452 1081 3514 est
1102 3447 1180 3532 (Icr.
1200 3451 1251 3526 32,
1273 3445 1352 3533 16).Ι
1391 3446 1497 3510 aninco
1525 3449 1599 3509 ruat
1626 3447 1660 3509 iu
1687 3447 1778 3512 111111
1796 3448 2021 3529 intemperiem
2050 3451 2122 3526 aut,
2148 3452 2182 3512 ut
2205 3447 2301 3512 solent
2321 3467 2370 3512 re·

367 3532 517 3614 Quamms
538 3532 622 3596 enim
642 3535 802 3613 repulsam
818 3535 913 3615 passi
933 3534 1065 3614 fuerint,
1093 3535 1210 3599 durum
1237 3540 1340 3599 tamen
1388 3531 1496 3611 probi,
1522 3532 1596 3596 vdit
1614 3531 1720 3598 Deum
1742 3534 1911 3615 facessere·
1941 3533 1997 3597 scd
2026 3538 2147 3598 tautum
2174 3533 2372 3614 conqueritur

363 3619 485 3682 uidetur
511 3638 562 3682 eos
581 3618 644 3698 fide
656 3620 796 3698 prinmo.
841 3619 942 3701 Atqui
968 3620 1079 3685 solutio
1100 3620 1174 3684 baec
1195 3619 1340 3684 nudeslrs
1391 3618 1477 3681 iram
1498 3615 1563 3682 Dei
1589 3618 1651 3682 sibi
1678 3639 1744 3685 esse
1764 3619 1995 3685 intolerabilem.
2041 3618 2083 3683 In
2104 3619 2172 3685 illis
2194 3620 2287 3683 otiam
2308 3624 2371 3683 ten·

364 3703 538 3780 lectoribus,
558 3708 594 3765 ut
614 3723 717 3784 spero,
740 3705 927 3786 satisfaciet:
953 3706 1150 3789 qeneralibus
1165 3704 1341 3786 principiis
1392 3702 1562 3770 talionibus
1590 3723 1683 3785 saepe
1704 3705 1835 3787 1111111111
1853 3710 1924 3769 cota
1949 3725 2011 3769 uon
2037 3707 2117 3770 satis
2144 3705 2215 3769 bene
2234 3705 2372 3785 formata

362 3790 465 3871 fultos,
485 3788 601 3870 quibus
621 3788 704 3853 iubet
720 3790 811 3855 Deus
826 3792 973 3875 indiquos
990 3811 1108 3874 quoquc
1124 3791 1341 3857 misericordia
1393 3789 1437 3853 ad
1457 3789 1598 3871 rapulam
1619 3791 1703 3855 verbi
1723 3789 1801 3870 Dei,
1830 3796 1860 3855 et
1884 3791 1918 3854 in
1940 3790 2055 3871 qaibns
2074 3810 2136 3855 uon
2157 3792 2238 3855 sot-is
2259 3810 2372 3872 cepen-
2442 3875 2445 3879 ,

358 3875 523 3956 prosequi,
550 3895 612 3938 nou
626 3895 763 3955 prorsus
781 3877 844 3957 fide
863 3879 1016 3957 caruisse,
1044 3879 1188 3959 quamvis
1213 3879 1248 3942 iu
1268 3877 1342 3957 ipsa
1392 3874 1473 3939 dunt
1494 3876 1595 3939 sancti
1615 3876 1693 3955 quid
1711 3877 1766 3958 fas
1786 3875 1830 3940 sit
1849 3880 1878 3939 11
1898 3876 2049 3956 expediat.
2094 3876 2159 3940 His
2180 3875 2304 3957 quidem
2326 3876 2373 3941 m'·

363 3961 462 4041 specie
486 3959 643 4040 frustrata
669 3980 720 4025 eos
744 3961 842 4042 fuerit
867 3964 980 4043 opinio
1025 3962 1199 4029 Prudenter
1224 3961 1341 4028 alicubi
1392 3961 1449 4024 tiis
1475 3980 1673 4041 quaeeunque
1699 3964 1875 4027 maculatae
1901 3967 1976 4025 sunt
1997 3981 2106 4041 preces
2127 3961 2291 4042 repudiari
2312 3982 2374 4027 me·

364 4045 578 4128 Auqustinus‚
592 4045 616 4129 ¹)
644 4047 807 4126 quomodo,
835 4049 951 4128 inquit,
977 4048 1040 4130 fide
1060 4055 1151 4114 mant
1172 4050 1286 4127 sancti,
1307 4052 1342 4111 ut
1392 4046 2062 4130 rentur3modotameninqemiscantsaucti,
2077 4048 2372 4130 castipentseipsos,

358 4136 468 4213 peterat
488 4152 509 4194 a
531 4129 599 4196 Deo
627 4136 733 4196 contra
757 4152 852 4212 quam
877 4134 1034 4198 decrevit?
1059 4156 1166 4216 nempe
1191 4137 1269 4216 quia
1295 4154 1342 4198 se·
1393 4134 1422 4195 et
1442 4131 1549 4194 statim
1569 4131 1613 4194 ad
1633 4133 1824 4212 secedunt,
1851 4134 1981 4216 iquoscit
2001 4131 2098 4197 Deus.
2146 4131 2200 4197 Sic
2220 4133 2314 4196 etiam
2336 4134 2373 4196 iu

363 4217 500 4283 mudum
520 4216 704 4281 nolurdatem
724 4218 792 4282 eius
812 4223 916 4298 mant,
938 4240 1000 4283 nou
1020 4220 1111 4284 illam
1132 4220 1342 4285 absconditam
1393 4217 1530 4280 suanae
1554 4215 1618 4298 leqe
1639 4223 1781 4297 pmcn:
1812 4219 1890 4300 quia
1920 4224 1948 4282 et
1979 4239 2049 4283 cum
2075 4218 2194 4301 friqore
2221 4237 2277 4281 suo
2305 4217 2373 4281 illis

364 4309 392 4367 et
416 4303 706 4382 incommutabim
738 4303 792 4368 sed
819 4324 915 4385 quam
946 4305 1015 4370 illis
1041 4307 1193 4388 inspirat,
1227 4311 1263 4370 ut
1292 4324 1342 4370 ecs
1393 4321 1485 4383 saepe
1503 4301 1684 4367 luctandum
1705 4308 1757 4383 est,
1778 4324 1874 4385 neque
1894 4325 1955 4370 sua
1972 4305 2045 4369 illos
2060 4309 2177 4386 eqestas
2199 4302 2375 4366 etmismia

364 4390 514 4454 exandiat
536 4389 601 4453 alio
621 4389 722 4468 modo,
746 4391 827 4454 sicut
841 4392 1013 4472 1111111111
1033 4392 1205 4475 distinquit.
1251 4391 1343 4455 Recte
1393 4389 1475 4451 satis
1502 4387 1616 4451 acriter
1636 4389 1754 4472 punqit
1779 4391 1822 4455 ad
1842 4391 1925 4456 serio
1941 4390 2142 4472 precandum.
2186 4386 2260 4450 Iam
2280 4407 2373 4468 saepe

364 4476 495 4539 dietum:
526 4477 604 4556 quia
630 4495 691 4555 pro
720 4495 777 4540 suo
808 4476 1109 4558 incmuprebensibili
1135 4476 1264 4542 conmlio
1296 4477 1343 4542 sic
1395 4473 1543 4555 continqit
1562 4493 1670 4540 corum
1688 4480 1801 4540 1111111
1817 4476 1918 4541 dilabi
1939 4481 2082 4557 etprope
2098 4490 2281 4536 evanescere.
2318 4472 2375 4536 Ve-

365 4565 512 4639 temperat
532 4581 636 4624 rernm
657 4567 790 4640 euentus,
813 4566 846 4624 ut
866 4583 928 4626 uon
949 4564 1060 4628 irritae
1080 4565 1145 4628 sint
1165 4567 1343 4627 sauctorum
1394 4558 1451 4621 nia
1471 4559 1571 4642 iqitur
1591 4558 1650 4624 bac
1670 4581 1788 4643 quoque
1811 4563 1845 4626 iu
1860 4565 1954 4643 parte
1974 4581 2052 4642 opus
2072 4563 2124 4638 est,
2146 4577 2185 4620 ue
2205 4557 2374 4639 lauqnidae

361 4665 469 4727 preces
490 4665 570 4724 quae
589 4645 652 4726 fide
674 4652 702 4710 ct
720 4668 823 4713 errore
843 4648 940 4713 simtd
960 4649 1131 4730 implicitae
1153 4654 1236 4714 sunt.
1282 4648 1344 4713 Nc·
1394 4644 1443 4708 nel
1468 4644 1600 4709 mutilae
1625 4645 1672 4710 ccl
1693 4648 1883 4729 interruptae
1909 4651 1938 4710 et
1966 4665 2062 4727 capae
2084 4661 2194 4722 preces
2213 4642 2373 4722 repuisam

366 4750 425 4812 que
442 4735 543 4793 tamen
559 4730 613 4794 boc
629 4732 672 4797 ad
690 4733 894 4798 imitationem
910 4736 1012 4818 maqis
1029 4736 1131 4801 calere
1148 4736 1232 4800 debet
1249 4754 1344 4816 quam
1389 4730 1567 4811 patiarrtur.
1600 4730 1669 4796 Hoc
1683 4734 1871 4797 naturaliter
1891 4730 2009 4795 indidit
2018 4729 2108 4792 Deus
2119 4727 2279 4791 bominum
2289 4748 2373 4792 men·

366 4819 488 4880 sanctos
508 4815 594 4894 ipsos
614 4824 750 4898 musac,
772 4840 850 4901 qnos
870 4841 932 4885 non
952 4821 1072 4902 infitior
1098 4822 1225 4887 modum
1245 4840 1343 4886 ecces-
1395 4815 1493 4894 tibus,
1521 4816 1676 4899 lcqitimas
1696 4839 1758 4882 nou
1778 4839 1843 4883 esse
1855 4828 1967 4897 preces
1987 4815 2052 4878 uisi
2073 4813 2224 4878 curtibus
2245 4833 2374 4878 1111111

367 4902 454 4965 sisse.
493 4900 595 4980 Quare
616 4899 670 4964 ubi
685 4923 747 4968 uon
764 4911 863 4970 ecstat
879 4911 960 4973 certa
971 4909 1150 4989 promissio,
1172 4907 1344 4973 conditione
1394 4902 1535 4966 11111111.
1569 4903 1654 4968 Hinc
1669 4904 1862 4968 1111111111
1877 4900 2056 4964 elevationis
2072 4918 2230 4977 manuum,
2252 4904 2288 4963 ut
2303 4905 2375 4965 ante

367 4986 550 5065 interposita
570 4987 729 5067 repandus
746 4996 791 5053 est
807 4990 903 5057 Deus.
939 4994 1005 5074 Qrao
1021 4995 1155 5076 pertinet
1176 4993 1257 5058 illud
1277 4992 1344 5057 Da·
1395 4988 1552 5067 dicimus,
1575 5009 1654 5071 quae
1674 4989 1817 5054 mundus
1837 4984 1972 5050 sacculis
1991 4989 2019 5048 et
2038 4984 2179 5068 pentibus
2206 4987 2282 5050 trita
2300 4985 2372 5068 fuit,

368 5073 453 5137 vidit
470 5069 572 5156 (Pfflb
586 5066 682 5152 a‚7),·
702 5075 816 5156 miqila
837 5079 880 5141 ad
896 5079 1050 5142 ucdmium
1071 5081 1153 5162 quod
1170 5079 1345 5158 mandasti,·
1396 5075 1490 5139 sicuti
1511 5075 1613 5139 adbuc
1634 5076 1727 5157 cipet,·
1755 5073 1810 5138 sod
1830 5071 2079 5152 quotusquisque,
2103 5071 2180 5136 dum
2199 5091 2313 5136 maures
2334 5071 2376 5136 le-

368 5159 446 5239 quia
467 5157 510 5221 ad
522 5155 689 5237 petendum
704 5160 870 5237 temporale
879 5162 1057 5242 beneficium
1066 5165 1199 5246 speciali
1220 5163 1345 5231 oraculo
1395 5166 1457 5239 cat,
1479 5181 1541 5226 uon
1561 5160 1623 5224 sibi
1644 5160 1784 5224 tenuius
1804 5162 1849 5222 est
1868 5155 2052 5221 tarditatis?
2074 5158 2151 5239 quio
2170 5177 2222 5223 cor
2238 5159 2272 5221 iu
2289 5162 2374 5221 terra

369 5265 402 5308 se
423 5245 609 5307 instructum
629 5261 694 5305 esse
715 5243 864 5308 11111111.
1397 5245 1542 5311 subsidit.
1589 5245 1677 5324 Quod
1704 5244 1747 5308 ad
1766 5243 1934 5323 petendam
1948 5249 2146 5322 peccatorum
2162 5243 2375 5307 remissionem

459 5333 507 5392 16.
553 5326 621 5391 Hoc
641 5327 736 5391 otram
755 5333 863 5392 notare
884 5349 994 5411 operae
1016 5333 1155 5412 pretium
1176 5339 1236 5412 est,
1265 5355 1346 5416 quae
1692 5396 1694 5399 ,

370 5414 408 5479 de
429 5420 562 5496 quatuor
582 5417 660 5478 reate
680 5413 795 5479 mandi
815 5414 934 5499 leqibts
950 5415 1102 5495 disserm,
1125 5419 1245 5482 nonita
1261 5421 1347 5502 eripi
1400 5436 1603 5444 --‘-

372 5590 576 5604 --
1398 5517 2379 5690 „³0⁶”secessissentque-atticus

442 5686 471 5753 1)
488 5688 562 5741 Liba.
580 5687 622 5743 22.
641 5689 675 5743 dc
692 5691 765 5743 civit.
784 5690 835 5742 Dei
853 5707 874 5742 a.
893 5688 918 5742 2.
1399 5687 1467 5741 1561
1483 5687 1632 5742 habebant:
1648 5690 1762 5744 Danieli.
1953 5715 1956 5721 =

402 5825 409 5845 ,
483 5772 699 5835 1111111111.
740 5776 795 5831 aa
813 5775 858 5830 11.
1138 5775 1140 5778 ·
2136 5769 2170 5823 41
