5600 6809
407 773 468 833 715
1051 757 1317 826 ΙΝΒΤΙΤΠΤΙΟ
1339 758 1446 824 Rue.
1467 756 1651 826 OHRIST.
1677 764 1770 827 1559.
2353 762 2417 822 716

405 955 617 1024 111161161611
639 949 863 1034 imaginentur
885 946 1075 1014 huiusmodi
1097 948 1262 1024 homines,
1285 968 1383 1029 quam
1436 946 1590 1023 ultimum
1617 957 1729 1012 tamen
1758 950 1829 1013 eius
1851 967 1987 1029 scopum
2008 968 2076 1010 nen
2098 946 2185 1010 ultra
2206 946 2417 1012 161161611-

405 1035 801 1122 1116161661661161116
848 1033 1019 1118 Siquidem
1047 1034 1137 1097 nullo
1167 1034 1383 1116 pestilentieri
1437 1033 1574 1116 telliges.
1619 1034 1763 1098 Proinde
1792 1055 1872 1116 quos
1899 1034 1992 1098 Deus
2020 1033 2083 1096 sibi
2110 1033 2194 1096 filios
2228 1036 2414 1118 assumpsit,

405 1146 515 1193 errore
537 1123 628 1188 infici
649 1143 745 1187 mens
766 1122 871 1204 possit
893 1140 991 1203 quam
1012 1120 1069 1201 qui
1092 1140 1152 1183 sua
1173 1141 1252 1203 erga
1272 1121 1383 1184 Deum
1437 1140 1504 1183 non
1531 1121 1568 1183 in
1594 1119 1674 1202 ipsis
1702 1141 1756 1185 661
1790 1119 1911 1184 dicitur
1942 1119 2096 1201 elegisse,
2130 1116 2188 1182 sed
2215 1118 2252 1182 in
2280 1118 2416 1186 Christo

403 1233 483 1297 paee
506 1232 543 1277 ac
565 1208 804 1291 tranquillitate
826 1206 1059 1272 conscientiam
1088 1203 1189 1269 diruit
1212 1226 1250 1270 ac
1272 1205 1383 1269 detur·
1437 1227 1510 1284 suo;
1539 1207 1703 1288 quianon
1725 1207 1788 1271 nisi
1810 1207 1845 1268 in
1868 1226 1906 1269 66
1929 1225 2038 1269 amare
2060 1204 2133 1268 illos
2154 1211 2284 1287 poterat
2311 1207 2414 1290 (Eph.

404 1300 469 1365 bat
514 1299 605 1380 Ergo
627 1295 837 1377 naufragium
858 1292 887 1356 si
907 1292 1076 1368 timemus,
1100 1292 1238 1355 sollicite
1260 1291 1300 1355 ab
1322 1292 1384 1356 1166
1440 1296 1467 1370 1,
1491 1290 1535 1373 4),
1559 1313 1620 1356 166
1648 1293 1742 1375 regni
1765 1293 1815 1355 sui
1837 1290 2040 1355 haereditate
2064 1290 2232 1368 honorare,
2256 1292 2320 1355 nisi
2341 1293 2416 1357 eius

405 1384 539 1467 scopulo
567 1380 765 1453 cavendum,
794 1380 830 1442 in
856 1398 953 1459 quem
981 1399 1152 1458 nunquam
1181 1378 1253 1441 sine
1282 1378 1383 1441 exitio
1436 1388 1602 1443 consortes
1631 1389 1708 1442 ante
1730 1379 1840 1443 factos.
1886 1375 1985 1456 Quod
2007 1377 2035 1440 si
2057 1377 2092 1438 in
2113 1396 2151 1438 eo
2174 1397 2286 1441 sumus
2308 1378 2414 1455 616611,

391 1467 610 1553 impingitur.
655 1467 701 1530 Ilt
722 1486 815 1541 vero,
844 1463 921 1527 licet
948 1462 1123 1545 periculosi
1151 1465 1252 1528 maris
1279 1465 1384 1528 instar
1436 1485 1503 1527 non
1535 1463 1571 1526 in
1604 1464 1698 1528 nobis
1731 1465 1810 1546 ipsis
1843 1463 2042 1544 reperiemus
2075 1461 2242 1526 electionis
2282 1471 2416 1529 nostrae

406 1555 569 1622 habeatur
595 1550 902 1636 praedestinationis
924 1547 1118 1631 disputatio,
1146 1557 1238 1631 patet
1270 1557 1383 1614 tamen
1436 1548 1680 1629 certitudinem;
1704 1571 1741 1615 ac
1759 1572 1801 1613 ne
1817 1549 1855 1612 in
1871 1550 1944 1612 Deo
1961 1546 2092 1630 quidem
2112 1556 2214 1629 patre,
2238 1549 2266 1612 si
2287 1549 2417 1614 nudum

405 1642 442 1707 in
469 1662 508 1705 ea
536 1636 707 1705 lustranda
739 1642 812 1699 tuta
840 1643 873 1699 et
898 1643 1028 1717 pacata,
1065 1633 1149 1698 addo
1178 1644 1212 1699 61
1239 1635 1384 1700 iucunda
1436 1636 1530 1699 illum
1552 1635 1673 1717 absque
1694 1636 1762 1700 filio
1784 1634 2013 1718 imaginamur.
2060 1633 2213 1698 Christus
2241 1655 2319 1718 ergo
2341 1657 2416 1717 166-

406 1727 588 1811 navigatio,
618 1724 681 1787 nisi
710 1721 783 1804 quis
804 1720 982 1803 periclitari
1003 1720 1091 1784 ultro
1113 1722 1251 1787 affectet.
1296 1721 1383 1784 Nam
1437 1722 1548 1785 culum
1576 1730 1627 1785 est
1654 1722 1689 1785 in
1717 1743 1781 1804 quo
1807 1720 1999 1786 electionem
2025 1727 2173 1783 nostram
2199 1721 2416 1803 contemplari

406 1808 681 1896 quemadmodum
701 1807 737 1870 in
755 1806 922 1871 exitialem
943 1806 1100 1890 abyssum
1121 1829 1156 1872 16
1178 1808 1384 1891 ingurgitant
1436 1808 1604 1885 convenit,
1633 1813 1666 1871 et
1692 1808 1763 1872 sine
1790 1805 1907 1870 fraude
1933 1805 2018 1870 licet.
2064 1803 2176 1884 Quum
2197 1807 2286 1870 enim
2314 1807 2343 1871 is
2370 1807 2417 1872 sit

427 1900 478 1976 ui,
508 1905 546 1961 ut
573 1894 613 1960 de
641 1914 702 1959 sua
729 1892 888 1956 electione
910 1894 993 1956 fiant
1014 1894 1182 1970 certiores,
1211 1901 1383 1958 aeternum
1437 1895 1529 1959 cuius
1556 1894 1681 1975 corpori
1708 1894 1854 1958 inserere
1876 1891 2054 1957 destinavit
2075 1897 2169 1972 pater
2190 1912 2273 1973 quos
2295 1892 2336 1956 ab
2359 1915 2415 1957 ae·

441 1985 472 2048 ei
489 1981 662 2048 consilium
679 1978 751 2044 sine
769 1979 870 2044 verbo
888 1986 1134 2060 percontantur,
1158 1980 1205 2042 ita
1222 1980 1278 2061 qui
1296 1986 1384 2043 16616
1437 1987 1532 2044 16116
1552 1979 1657 2043 voluit
1678 2000 1749 2043 esse
1771 2000 1856 2057 suos,
1876 1985 1914 2041 11
1935 1998 1994 2059 616
2016 1977 2093 2041 filiis
2115 1977 2235 2041 habeat
2256 1986 2416 2062 quotquot

406 2077 504 2153 atque
532 2066 647 2131 ordine
674 2065 781 2147 ipsam
807 2064 1023 2147 investigant,
1053 2065 1195 2146 qualiter
1215 2066 1252 2128 in
1284 2066 1384 2130 verbo
1437 2067 1524 2129 inter
1556 2066 1626 2129 eius
1658 2064 1806 2129 membra
1838 2063 2057 2147 recognoscit,
2095 2062 2174 2127 satis
2205 2065 2415 2147 perspicuum

406 2155 602 2228 continetur,
620 2151 779 2216 eximium
795 2149 872 2213 inde
889 2151 1037 2214 referunt
1052 2152 1282 2216 consolationis
1298 2152 1385 2215 1116-
1437 2154 1634 2233 firmumque
1651 2151 1874 2215 testimonium
1892 2149 2062 2227 habemus,
2085 2169 2144 2213 nos
2165 2149 2200 2211 in
2222 2148 2304 2216 libro
2326 2152 2414 2216 vitae

406 2250 486 2306 tum.
519 2237 574 2303 Sit
590 2238 693 2321 igitur
715 2236 796 2300 hacc
817 2234 911 2300 nobis
933 2236 1121 2318 inquirendi
1143 2237 1206 2316 via,
1231 2245 1268 2300 ut
1289 2257 1384 2301 error-
1437 2239 1667 2321 scriptosesse
1689 2237 1813 2301 sicum
1835 2235 1967 2301 Christo
1989 2235 2275 2300 communicamus.
2308 2237 2415 2301 Porro

407 2326 500 2391 dium
527 2344 696 2389 sumamus
718 2343 738 2384 a
759 2321 824 2385 Dei
837 2321 1015 2386 ’166611616
1043 2330 1077 2385 61
1102 2324 1137 2386 in
1165 2324 1271 2405 ipsam
1299 2322 1385 2387 desi·
1438 2325 1495 2388 ille
1524 2324 1691 2387 66111111
1717 2323 1943 2387 communione
1965 2342 2025 2385 nos
2048 2321 2198 2398 donavit,
2227 2343 2328 2404 quum
2354 2345 2416 2407 per

406 2433 532 2477 namus.
581 2410 771 2491 06666666
792 2407 930 2472 166666
950 2409 1047 2472 616161
1067 2410 1145 2489 quin
1164 2405 1386 2489 6161666616
1438 2409 1601 2492 evangelii
1639 2408 1913 2490 praedicationem
1947 2413 2086 2471 testatus
2119 2415 2170 2471 est
2203 2429 2238 2472 se
2269 2409 2362 2474 nobis
2395 2432 2416 2474 a

346 2527 347 2530 ¹
400 2498 583 2580 percipiunt
608 2495 747 2577 qnotidie
772 2493 917 2574 beneficia
946 2514 984 2557 66
1011 2493 1075 2557 Dei
1106 2515 1218 2573 manu,
1250 2497 1386 2559 sentient
1438 2503 1531 2579 patre
1561 2494 1690 2573 datum,
1724 2503 1761 2558 ut
1793 2515 1868 2559 cum
1901 2493 1969 2558 suis
1999 2491 2152 2556 omnibus
2181 2493 2277 2559 bonis
2304 2503 2416 2560 noster

407 2582 620 2650 6666666116
637 2580 695 2643 illa
712 2580 875 2661 adoptione
891 2580 1086 2660 descuidere;
1107 2582 1201 2644 sicuti
1219 2582 1386 2662 loquuntur
1438 2589 1531 2647 esset.
1566 2580 1669 2644 Illum
1690 2581 1824 2645 induere
1841 2581 1985 2657 dicimur,
2006 2580 2043 2641 in
2064 2580 2169 2659 ipsum
2186 2581 2359 2660 coalescere,
2381 2586 2416 2645 ut

407 2670 495 2751 apud
513 2667 654 2732 Iesaiam
676 2664 750 2749 (les.
769 2668 819 2743 25,
842 2666 890 2749 l):
911 2665 1013 2747 fecisti
1029 2666 1194 2731 mirabilia
1200 2693 1210 2746 ;
1231 2668 1387 2749 capitatio-
1436 2670 1581 2733 uiuamus
1602 2668 1680 2747 quia
1700 2667 1768 2747 ipse
1789 2667 1866 2730 eicit
1887 2665 1997 2748 (Rem.
2017 2668 2047 2742 8,
2070 2664 2135 2744 32).
2183 2666 2286 2730 Tetios
2306 2669 2416 2749 666611-

406 2776 462 2820 nes
482 2760 554 2818 tuae
575 2752 737 2832 antiquae,
766 2771 857 2815 cerac
882 2756 910 2814 et
929 2749 1043 2830 fideles.
1088 2750 1230 2833 Quande
1259 2773 1297 2816 66
1324 2773 1384 2817 661
1438 2760 1490 2818 tur
1515 2752 1589 2816 1666
1615 2753 1774 2816 demina:
1799 2752 1868 2832 filie
1894 2752 2052 2833 unipenito
2073 2770 2135 2813 666
2155 2755 2294 2831 pepercit
2309 2760 2413 2833 pater,

408 2848 533 2906 tessera
554 2837 627 2904 vult
647 2835 742 2901 nobis
763 2837 959 2900 confirmare
976 2835 1070 2901 Deus
1090 2846 1251 2920 quantum
1268 2838 1308 2903 de
1326 2859 1384 2903 suo
1437 2845 1473 2904 ut
1493 2839 1638 2920 quisquis
1658 2838 1756 2903 credit
1776 2839 1811 2902 in
1832 2837 2321 2921 eum,nenpereat(Ioann.3‚
2348 2839 2412 2922 15).
2513 2879 2517 2887 ,

407 2926 542 2991 oonsilio
565 2922 641 2988 sciri
662 2923 712 2987 las
734 2928 793 2986 est.
837 2921 965 2987 Naeui
988 2930 1098 2987 autem
1119 2924 1271 2990 videatur
1291 2925 1384 2988 infir·
1441 2924 2415 3004 (16166661666666111,(11616616666116666666616

407 3033 499 3076 mum
530 3008 620 3074 istud
653 3008 899 3086 testimonium,
936 3015 1128 3090 reputemus
1160 3020 1320 3092 quantum
1351 3019 1385 3074 et
1437 3013 1534 3075 eitam
1567 3008 1844 3093 (16611124).
1897 3010 1963 3090 Qua
1994 3029 2089 3081 sensu
2121 3014 2207 3074 66661
2236 3030 2269 3073 66
2294 3031 2413 3089 panem

407 3095 566 3162 claritatis
594 3102 628 3158 61
653 3092 860 3158 certitudinis
890 3094 984 3158 nobis
1017 3096 1141 3159 afferat
1190 3097 1259 3177 Qua
1287 3097 1324 3160 de
1351 3116 1386 3159 re
1436 3099 1530 3175 m'tae,
1558 3116 1647 3178 quem
1668 3097 1725 3176 qui
1745 3097 1921 3173 comedent,
1949 3115 2010 3159 666
2030 3095 2179 3158 morimur
2198 3095 2234 3158 in
2254 3102 2413 3161 aeternum

407 3183 546 3266 apposite
579 3179 777 3245 Bernartius.
790 3179 815 3264 ¹)
862 3179 1032 3260 Postquam
1063 3182 1147 3245 enim
1179 3183 1217 3246 de
1248 3183 1385 3262 reprobis
1437 3184 1616 3268 (166116,
1640 3185 1705 3266 35).
1750 3181 1821 3259 Ille,
1845 3183 1987 3263 inquam,
2010 3179 2103 3245 nobis
2124 3181 2307 3260 1611111111,
2328 3183 2413 3247 filio-

406 3269 553 3350 ioquutus
573 3271 634 3330 cst:
654 3270 725 3344 stat,
748 3266 858 3346 inquit,
880 3268 1078 3345 propositum
1095 3266 1167 3346 Dei,
1187 3272 1385 3333 6161661166-
1437 3291 1511 3334 rum
1533 3269 1602 3333 1666
1625 3268 1775 3332 habitum
1798 3268 1839 3330 iri
1862 3274 1995 3349 epatre
2017 3266 2148 3331 coelesti
2166 3288 2279 3332 omnes
2301 3290 2321 3332 a
2341 3271 2414 3351 qui-

407 3356 453 3418 tia
472 3352 567 3433 pacis
594 3372 689 3432 super
717 3351 856 3415 timentes
887 3371 971 3429 eum,
1005 3353 1145 3432 1666666
1177 3354 1386 3419 dissimulans
1437 3356 1499 3421 bus
1526 3354 1590 3418 fide
1619 3360 1769 3436 receptus
1797 3353 1915 3417 tuerit.-
1951 3350 1989 3417 Si
2016 3352 2197 3435 quidplus
2230 3356 2413 3437 appetimus

406 3440 509 3518 mala,
543 3443 801 3502 6666666666
835 3436 928 3514 bura,
962 3442 998 3500 ut
1024 3438 1105 3503 miro
1132 3440 1221 3504 modo
1250 3440 1297 3504 eis
1324 3459 1386 3503 666
1437 3462 1536 3524 quam
1563 3447 1602 3504 ut
1627 3441 1715 3504 inter
1742 3439 1808 3503 Dei
1834 3438 1919 3503 filios
1954 3459 2146 3503 censeamur
2179 3448 2213 3503 61
2246 3441 2411 3520 haeredes,

406 3527 495 3591 modo
516 3524 610 3601 bona,
633 3523 687 3587 sed
708 3528 736 3588 et
756 3522 844 3586 malo
865 3527 1062 3602 cooperentur
1082 3525 1118 3589 in
1139 3525 1259 3589 166661.
1307 3525 1386 3605 Quis
1437 3548 1537 3610 supra
1563 3525 1735 3591 Christum
1763 3524 2020 3590 conscendamus
2053 3523 2137 3589 licet.
2183 3523 2222 3589 Si
2250 3525 2330 3591 11666
2359 3550 2414 3592 su-

407 3610 563 3677 ccensebit
584 3610 692 3674 6166166
714 3607 802 3673 Dei?
829 3608 948 3690 sufficit
972 3609 1052 3673 milri
1079 3611 1122 3675 ad
1150 3630 1268 3674 mnncm
1295 3611 1385 3674 insti-
1437 3633 1551 3696 prema
1572 3612 1665 3677 nobis
1687 3620 1738 3675 est
1759 3618 1857 3690 meta,
1880 3618 2081 3693 quantopere
2102 3611 2294 3688 insanimus,
2318 3622 2414 3678 extra

407 3697 500 3774 11661,
530 3697 632 3760 solum
658 3693 768 3759 161666
783 3696 959 3777 propitium
980 3695 1032 3759 cui
1052 3696 1112 3760 soli
1131 3697 1270 3778 peccavi:
1298 3717 1385 3761 omne
1437 3700 1545 3782 ipsum
1576 3696 1763 3780 quaerendo
1794 3695 1881 3780 qued
1908 3703 1942 3759 61
1967 3697 2003 3760 11
2031 3697 2100 3777 1616
2128 3697 2194 3760 iam
2220 3701 2414 3781 consequuti

407 3783 490 3864 quod
516 3781 594 3844 miii
621 3781 689 3861 ipse
717 3800 780 3844 non
796 3782 963 3861 imputare
984 3781 1129 3860 16666611,
1158 3783 1204 3850 616
1226 3788 1270 3846 est
1290 3784 1384 3864 quusi
1437 3806 1566 3862 sumus,
1596 3791 1629 3848 et
1656 3784 1691 3846 in
1718 3783 1786 3847 solo
1808 3784 1878 3864 ipso
1900 3783 2043 3847 inveniri
2064 3784 2192 3864 potest?
2236 3785 2415 3850 Praeterea

406 3887 468 3930 non
488 3866 592 3947 fuerit.
637 3865 901 3947 epitropos:
929 3887 946 3930 o
973 3887 1064 3932 uerae
1091 3870 1204 3948 quietis
1230 3869 1328 3948 16666,
1357 3873 1385 3933 et
1437 3892 1538 3954 quum
1556 3871 1599 3934 sit
1618 3877 1752 3932 aeterna
1773 3869 1876 3950 patris
1898 3868 2067 3951 sapientia,
2091 3868 2304 3935 immutabilis
2326 3874 2413 3936 veri·

408 3972 500 4035 quem
530 3971 592 4016 non
624 3951 777 4016 16616616
809 3953 942 4016 66116611
969 3953 1176 4035 appellatione
1204 3956 1384 4033 6666661166,
1437 3965 1502 4034 161,
1530 3957 1635 4019 fixum
1662 3955 1850 4033 consilium,
1878 3975 1947 4017 non
1975 3961 2025 4019 est
2052 3954 2236 4020 timendum
2263 3957 2414 4040 nequod

407 4040 443 4102 in
460 4057 520 4119 666
537 4035 628 4101 Deus
649 4056 711 4101 666
732 4039 825 4118 quasi
846 4038 989 4103 turbatus
1010 4039 1071 4118 ira,
1093 4061 1147 4105 nec
1167 4043 1249 4106 66161
1270 4042 1385 4106 disten-
1438 4063 1496 4107 suo
1518 4062 1667 4106 sermone
1689 4040 1782 4105 nobis
1804 4049 1946 4119 6161161,
1970 4041 2010 4105 ab
2034 4041 2092 4104 illa
2109 4063 2208 4123 quam
2225 4045 2414 4124 quaerimus

407 4129 459 4188 tus
479 4143 558 4188 curu
574 4123 777 4203 prospicitur,
799 4125 853 4188 sui
869 4123 1024 4203 61616166
1042 4127 1187 4191 66166166
1206 4129 1276 4192 eius
1294 4128 1330 4191 in
1352 4147 1385 4191 co
1436 4128 1543 4212 patris
1571 4127 1741 4193 voluntate
1768 4127 1822 4191 vel
1848 4127 2024 4190 minimum
2046 4129 2167 4207 variet;
2195 4130 2274 4211 quin
2304 4132 2414 4209 potius

407 4211 488 4275 bona
509 4213 537 4274 et
557 4208 753 4290 beneplacens
774 4213 802 4271 61
817 4210 964 4292 perfecta.
1013 4210 1101 4276 Visia
1121 4212 1185 4277 ista
1204 4234 1265 4277 666
1286 4217 1385 4291 terret
1437 4236 1510 4280 eam
1536 4213 1678 4278 fideliter
1704 4213 1799 4278 nobis
1824 4213 1930 4295 aperit
1950 4213 2057 4295 qualis
2084 4215 2124 4278 ab
2153 4214 2247 4277 initio
2269 4215 2344 4292 sirit,
2375 4236 2413 4278 66

407 4296 461 4361 sed
488 4296 614 4375 6661666
645 4294 820 4375 inquietam
844 4296 1057 4360 curiositates
1082 4317 1143 4362 non
1169 4300 1297 4377 excitat,
1330 4299 1385 4364 sed
1438 4323 1568 4384 semper
1588 4301 1699 4364 lutura
1719 4307 1778 4363 est.
1813 4298 1923 4363 Huius
1943 4300 2103 4364 doctrinae
2117 4302 2238 4378 prame
2258 4300 2413 4377 1661661-

407 4381 510 4460 sedat,·
541 4400 595 4445 nec
621 4381 737 4464 fatipat
762 4400 886 4459 666666,
920 4383 975 4446 sed
1004 4385 1205 4465 tranquillat·
1237 4385 1287 4449 116
1318 4405 1387 4449 ecre
1438 4387 1496 4452 bus
1517 4407 1635 4467 666666
1657 4387 1760 4470 cipere
1780 4385 1871 4450 16161.
1914 4386 2002 4449 Nam
2022 4386 2080 4449 etsi
2100 4386 2143 4448 ad
2164 4383 2228 4447 Dei
2250 4384 2415 4448 invocatio

408 4467 595 4549 quiescitur‚·
612 4465 805 4547 tranquillus
814 4467 904 4532 Deus
920 4470 1107 4549 tranquillat
1123 4463 1386 4551 66616,616616-
1438 4494 1507 4537 666
1527 4493 1585 4536 nes
1606 4474 1728 4536 animat
1749 4471 1906 4536 electionis
1923 4471 2011 4550 fides,
2033 4470 2087 4533 ubi
2107 4473 2209 4532 tamen
2229 4474 2298 4531 eota
2315 4473 2416 4534 conci-

408 4557 475 4616 tum
492 4554 641 4634 aspicere,
660 4553 813 4632 quierem
833 4557 887 4617 est.
1433 4560 1552 4641 pimus,
1576 4579 1644 4623 cam
1662 4558 1822 4622 obtendere
1839 4556 1906 4620 Deo
1922 4561 2159 4637 praeposterum
2180 4560 2266 4632 66661,
2289 4556 2335 4619 661
2356 4557 2417 4621 bac

496 4642 523 4701 5.
566 4638 726 4716 Primum,
750 4638 779 4703 si
799 4645 973 4720 paternam
993 4639 1059 4704 Dei
1081 4642 1289 4706 elementiam
1311 4664 1386 4725 pro·
1437 4645 1609 4709 6661111666
1624 4644 1765 4722 pacisci:
1786 4643 1936 4719 Domine,
1957 4642 1989 4704 si
2008 4641 2120 4705 6166166
2140 4660 2227 4719 666,
2250 4661 2299 4705 66
2320 4663 2417 4707 exau
2529 4721 2531 4724 Ι

407 4724 1232 4807 61111116666111111116166111111,6101161111
1250 4749 1387 4813 conver·
1437 4733 1519 4796 dias.
1566 4730 1696 4809 Quarado
1721 4730 1791 4792 suis
1811 4726 2077 4807 promissionibus
2097 4727 2163 4790 cult
2184 4747 2241 4792 666
2262 4747 2327 4791 6666
2347 4749 2417 4791 666-

407 4809 499 4873 16111
520 4815 599 4874 1611
620 4811 715 4888 oculi,
738 4811 775 4874 in
791 4831 855 4892 quo
874 4811 942 4875 solo
959 4812 1064 4895 patris
1082 4815 1193 4879 anima
1211 4816 1388 4897 acquiescit
1438 4823 1548 4894 166166,
1574 4834 1670 4893 66666
1696 4813 1774 4877 alibi
1794 4832 1943 4892 66666666
1963 4832 2007 4875 66
2025 4811 2157 4893 futurus
2177 4814 2220 4876 sit
2240 4813 2328 4877 nobis
2348 4833 2417 4878 666

409 4893 594 4977 (11611113,
619 4895 682 4978 17).
717 4894 756 4961 Si
774 4897 1049 4975 salutemritam
1071 4907 1105 4964 et
1126 4902 1220 4983 regni
1238 4902 1386 4966 coelestis
1438 4901 1561 4966 rabilis.
1583 4899 1671 4962 Haec
1686 4898 1859 4977 prudntia
1880 4917 1937 4962 666
1954 4919 1975 4962 6
1992 4897 2101 4961 multis
2122 4899 2243 4980 laqueis
2265 4901 2415 4980 eepediet,

408 4978 696 5058 immortalitatem,
720 5003 787 5046 non
803 4982 867 5046 alio
884 4991 957 5047 tum
979 5005 1109 5068 quoque
1131 4985 1386 5068 confugiendum
1438 4988 1468 5052 si
1495 4988 1530 5049 in
1557 4989 1673 5048 rectum
1699 5002 1793 5046 usum
1821 4985 2051 5048 6666666166
2077 4985 2194 5050 seimus
2225 4986 2307 5066 quod
2338 4991 2418 5050 recte

408 5069 473 5142 est,
504 5063 633 5144 quando
662 5067 731 5146 ipse
753 5089 838 5132 unus
861 5075 893 5132 61
914 5071 1002 5135 vitae
1024 5072 1097 5136 fons
1120 5077 1183 5150 est,
1213 5079 1246 5136 et
1272 5072 1386 5137 salutis
1438 5072 1590 5152 scriptum
1606 5073 1665 5146 est,-
1686 5088 1748 5132 666
1765 5073 1869 5132 autem
1888 5069 2115 5136 inconsiderate
2136 5072 2195 5135 buc
2216 5072 2291 5136 illuc
2311 5072 2418 5136 traia-

405 5148 567 5227 ‚anchora
598 5155 632 5213 et
661 5153 754 5234 regni
776 5152 941 5219 coelorum
964 5157 1087 5221 1166161.
1132 5156 1206 5220 Iam
1227 5178 1387 5239 quorsum
1438 5177 1511 5222 mus
1533 5157 1616 5237 quod
1637 5155 1786 5237 restrinpi
1806 5155 1960 5220 debuerat.

408 5235 521 5301 electio
541 5235 695 5318 pertinet,
718 5238 782 5303 nisi
803 5246 841 5303 ut
862 5240 898 5303 in
920 5242 1062 5306 filiorum
1084 5241 1192 5308 locum
1215 5265 1235 5307 a
1256 5243 1386 5308 coelesti
1527 5246 1554 5304 6.
1588 5241 1725 5306 Accedit
1742 5240 1784 5305 ad
1801 5240 2031 5308 stabiliendam
2048 5242 2201 5307 fiduciam
2223 5243 2298 5320 alia,
2321 5263 2418 5322 66661

296 5377 301 5395 ,
407 5329 501 5403 66116
523 5323 665 5403 cooptati
684 5323 753 5388 6111
770 5326 881 5391 favore
898 5327 1038 5393 16161611
1055 5336 1089 5393 61
1105 5328 1387 5394 immortalitatem
1440 5349 1516 5394 cum
1541 5328 1715 5395 vocatione
1742 5336 1856 5392 nostra
1885 5329 2039 5413 coniungi
2065 5329 2221 5408 dicimus,
2250 5328 2419 5392 electionis

409 5407 642 5473 obtineamus?
688 5407 939 5490 Quantumlibet
977 5415 1127 5481 revolvas
1162 5421 1196 5480 et
1230 5416 1386 5494 excutias,
1439 5414 1617 5480 firmitudo.
1663 5411 1755 5494 Quos
1783 5414 1872 5478 enim
1898 5415 2040 5479 nominis
2062 5414 2113 5478 sui
2136 5414 2318 5497 cognitione
2340 5414 2418 5478 illu-

1441 5501 1581 5566 minatos
1609 5501 1644 5564 in
1672 5500 1825 5566 ecclesiae
1852 5520 1930 5564 suae
1958 5505 2067 5564 sinum
2094 5497 2247 5564 Christus
2278 5501 2417 5577 asciscit,

1442 5607 1497 5652 eos
1536 5587 1657 5653 dicitur
1688 5587 1724 5651 in
1755 5584 1855 5651 fidem
1887 5586 2092 5668 tutelamque
2131 5606 2225 5650 suam
2264 5587 2418 5668 recipere.

480 5679 670 5746 66611123.
691 5701 772 5752 super
790 5685 886 5737 antio.
1443 5670 1661 5755 Quoscunque
1684 5682 1794 5737 autem
1815 5670 1947 5752 recipit,
1977 5672 2007 5736 ei
2028 5691 2048 5733 6
2069 5677 2162 5753 patre
2184 5672 2347 5736 commissi
2369 5670 2421 5736 di-
