5600 6809
366 805 427 870 733
593 803 683 869 LIB.
705 805 769 870 ΠΙ.
814 805 878 870 ΒΕ
900 800 1036 868 MODO
1056 800 1406 868 PEROIPIBNDAE
1428 800 1619 870 OHRIS'I’I
1640 802 1859 869 GRA'HAE.
1902 802 2002 870 OAP.
2025 804 2139 870 XXV.
2306 810 2371 871 734

453 999 482 1056 4.
523 993 611 1074 Quod
632 993 774 1057 diuinus
796 994 832 1057 in
847 991 1013 1074 probanda
1033 991 1255 1055 resurrectione
1276 1011 1343 1055 sen-
1395 1011 1466 1055 cero
1487 993 1542 1073 oui
1563 991 1680 1055 iniuste
1697 991 1881 1075 asflipimur,
1902 992 2047 1072 requiem,
2070 994 2106 1056 in
2122 993 2371 1074 manifestatione

366 1100 423 1146 sus
443 1084 564 1143 nostras
591 1083 726 1159 oportere
753 1079 852 1162 diripi
884 1078 928 1142 ad
953 1078 1138 1141 immensam
1159 1074 1223 1139 Dei
1239 1081 1344 1155 paten-
1398 1075 1519 1141 Christi
1545 1097 1614 1141 cum
1643 1078 1763 1159 anpetis
1783 1078 1939 1159 potentiae
1965 1098 2054 1156 suae,
2083 1080 2266 1157 inflamma
2286 1080 2371 1162 ipnis

365 1168 457 1243 tiam,
485 1163 539 1229 boc
566 1164 696 1227 merita
717 1163 800 1229 docet
823 1162 957 1228 Paulus.
1009 1161 1050 1226 Ut
1070 1181 1184 1241 corpus
1205 1167 1343 1225 rastrum
1396 1161 1431 1246 (2
1454 1163 1567 1227 Thess.
1595 1168 1621 1240 l,
1646 1161 1689 1244 6).
1737 1161 1799 1228 Sed
1825 1165 1987 1228 tenendcun
2013 1169 2058 1229 est
2086 1165 2167 1244 quod
2181 1165 2280 1245 paulo
2296 1171 2370 1245 past

366 1251 524 1327 abiectum,
536 1251 647 1330 inanit
659 1250 810 1331 conforrue
821 1249 931 1313 reddat
946 1248 1068 1330 carpam
1085 1246 1241 1311 claritatis
1257 1267 1342 1326 surae,
1396 1249 1555 1332 adiungit,
1583 1252 1748 1311 venturum
1775 1253 1809 1312 ut
1828 1248 2017 1331 ‚clarificetur
2038 1251 2073 1313 in
2094 1252 2211 1315 sanctis
2231 1252 2315 1328 suis,
2343 1256 2371 1315 et

367 1336 537 1402 semndum
568 1336 775 1416 operationem
798 1335 925 1398 virtutis
950 1352 1039 1411 sirac,
1069 1353 1132 1414 qua
1152 1337 1253 1413 potest
1282 1331 1343 1396 sibi
1396 1334 1597 1399 admirabilis
1611 1333 1671 1415 fiat
1687 1334 1722 1397 in
1739 1335 1882 1399 munibus
1898 1336 1953 1416 qui
1970 1335 2174 1414 crediderunt,
2196 1338 2274 1417 quia
2292 1337 2371 1418 fides

366 1422 515 1486 subiicere
532 1412 639 1486 amnia
661 1420 761 1504 (Phil.
782 1424 811 1498 3,
831 1418 896 1503 21).
934 1420 1038 1499 Quare
1055 1417 1136 1482 nibil
1153 1419 1260 1482 minus
1276 1437 1343 1482 con-
1395 1419 1501 1484 habita
1521 1420 1618 1501 suerit
1638 1420 1803 1501 cvanpelio.

367 1512 548 1572 sentaneum
575 1526 670 1587 quam
697 1506 749 1570 lic
775 1507 926 1587 respicere
954 1504 1031 1584 quid
1058 1504 1246 1568 naturaliter
1272 1504 1342 1585 fieri
1483 1510 1512 1568 5.
1557 1505 1631 1569 Etsi
1657 1511 1762 1570 auam
1787 1505 1946 1569 tmminmn
1972 1511 2087 1570 mentes
2119 1506 2154 1571 in
2183 1506 2237 1571 hoo
2268 1508 2371 1572 studia

361 1594 478 1675 possit,
506 1591 561 1655 ubi
585 1592 811 1656 inaestimabile
831 1591 1021 1655 miraculum
1041 1589 1129 1654 nobis
1146 1591 1342 1670 preponitur,
1396 1590 1523 1655 assidue
1543 1593 1688 1671 occupari
1710 1590 1837 1669 decebat,
1861 1593 1954 1673 quasi
1974 1596 2078 1656 tamen
2098 1592 2174 1657 data
2191 1613 2284 1673 opera
2301 1592 2371 1657 aba

367 1679 449 1760 quod
466 1697 576 1742 seorsus
593 1681 714 1742 nostros
730 1697 790 1742 sua
807 1674 1022 1760 mapnitadine
1038 1674 1182 1741 absorbet.
1218 1673 1343 1738 Paulus
1396 1676 1458 1740 lere
1485 1677 1594 1741 cedent
1620 1696 1739 1741 omnem
1764 1679 2001 1741 resurrectionis
2022 1678 2216 1757 numeriam,
2244 1684 2371 1744 mortem

368 1769 470 1828 tamen
486 1765 649 1846 proposito
669 1767 803 1826 naturae
823 1763 1012 1839 documento,
1043 1761 1215 1826 socordiam
1237 1780 1343 1824 eorum
1393 1768 1542 1826 vacarunt
1563 1762 1680 1827 lineam
1699 1783 1806 1827 rermu
1827 1765 1975 1841 munium,
1999 1768 2027 1826 et
2047 1764 2208 1827 ireteritum
2224 1764 2369 1829 lmninis.

367 1851 511 1932 caarpuit
544 1849 599 1929 qui
631 1848 883 1914 resurrectionem
916 1852 1037 1930 nepam.
1084 1845 1201 1925 Stulte,
1241 1847 1344 1928 inquit
1397 1847 1484 1911 Nam
1512 1853 1591 1912 certe
1616 1849 1653 1912 de
1680 1850 1833 1912 mmmuni
1860 1854 1888 1912 et
1914 1852 2033 1929 recepta
2060 1849 2203 1929 opinione
2236 1851 2372 1930 loquitur

367 1936 399 2019 (l
428 1935 501 1999 Gor.
530 1939 584 2011 15,
609 1932 680 2017 36),
714 1934 795 2015 quod
821 1933 959 1997 sarcinas
986 1952 1048 1996 nan
1074 1936 1245 2014 crepetatnr,
1278 1932 1343 1996 nisi
1397 1932 1519 1998 dolorm
1547 1934 1650 2018 (anl.
1674 1939 1703 2012 9,
1727 1933 1772 2019 4),
1801 1954 1897 2014 quum
1919 1935 1995 1999 dicit
2015 1954 2120 1997 ccccm
2140 1935 2245 1998 ciram
2266 1935 2371 1999 ucetia

361 2022 461 2101 prius
478 2020 714 2096 manutenete.
750 2018 792 2083 In
809 2023 936 2083 semente
957 2019 1191 2082 resurrectionis
1212 2019 1342 2098 specim
1394 2039 1462 2082 rem
1482 2039 1548 2084 esse
1568 2026 1689 2084 mmtuo
1710 2020 1800 2084 mone.
1846 2019 1892 2083 Et
1911 2020 1990 2084 alibi
2017 2018 2120 2104 (Eacl.
2145 2023 2174 2098 3,
2197 2019 2272 2104 21).·
2299 2021 2371 2101 ouis

367 2107 454 2171 ceria
470 2107 556 2182 dicit,
578 2105 657 2185 quia
674 2125 712 2170 ea
723 2105 890 2186 putredine
907 2105 1048 2168 nascitur
1065 2123 1155 2186 sepes.
1190 2103 1256 2167 Nee
1271 2123 1343 2167 aero
1394 2105 1453 2169 scit
1480 2126 1524 2169 an
1551 2105 1688 2169 bominis
1716 2107 1825 2169 aniam
1850 2106 1996 2170 ascendat
2026 2125 2168 2184 sursum,
2201 2111 2229 2169 et
2262 2107 2371 2170 anima

366 2210 418 2256 res
436 2197 500 2255 tam
517 2189 662 2271 difficilis
679 2196 755 2255 esset
776 2190 903 2268 creditu,
926 2191 956 2253 si
974 2191 1016 2254 ad
1032 2189 1197 2269 munaida,
1215 2207 1344 2270 quaese
1394 2191 1526 2256 iumenti
1547 2191 1708 2256 descendat
1730 2191 1893 2255 deorsum?
1942 2190 2093 2255 Omnibces
2113 2195 2215 2255 autern
2236 2192 2371 2256 saeculis

363 2297 422 2358 per
444 2296 549 2342 omnes
569 2277 681 2340 mundi
701 2276 819 2358 plapas
845 2275 942 2340 caelis
967 2276 1084 2339 nastris
1110 2276 1269 2358 inponent,
1297 2278 1343 2338 a
1392 2282 1561 2358 prassatus
1587 2281 1631 2339 est
1656 2276 1707 2340 lic
1739 2275 1849 2341 mutus
1879 2282 2001 2358 stupor,
2034 2277 2169 2357 adeoque
2200 2278 2235 2340 in
2268 2278 2371 2358 ipsam

367 2364 443 2426 tenti
463 2368 498 2426 ut
513 2382 581 2442 par
603 2366 646 2425 est
667 2381 810 2426 essemus.
851 2360 1012 2426 Caeterum
1031 2361 1272 2438 meminerimus,
1294 2379 1344 2425 ne·
1394 2363 1553 2426 aetenam
1580 2363 1743 2444 perrupit;
1774 2362 1852 2441 quia
1877 2362 1991 2443 palam
2022 2362 2097 2425 ausi
2128 2367 2200 2426 nent
2225 2362 2371 2445 profiteri

367 2450 483 2512 minem
510 2448 547 2511 de
573 2447 685 2528 sutura
713 2448 935 2512 resurrectione
962 2467 1031 2511 aere
1063 2465 1128 2510 esse
1153 2465 1344 2528 persuasum
1397 2446 1590 2526 Sadducaei,
1617 2447 1738 2512 nullam
1764 2467 1830 2511 esse
1856 2449 2123 2526 resurectionem,
2154 2449 2217 2512 imo
2243 2449 2371 2512 animas

368 2534 434 2597 nisi
461 2534 517 2612 qui
542 2533 578 2596 in
604 2533 844 2597 admirationem
869 2537 997 2612 raptus,
1027 2530 1090 2596 Dei
1115 2532 1226 2596 uirtuti
1252 2551 1344 2595 suam
1395 2553 1460 2597 esse
1480 2532 1633 2596 mortales.
1675 2531 1736 2598 Sed
1757 2553 1907 2614 nequem
1928 2535 2042 2599 leuaret
2062 2553 2172 2597 crassa
2193 2533 2266 2598 baec
2288 2535 2371 2616 iona

369 2620 424 2682 dat
445 2618 587 2701 ploriam.
621 2616 694 2681 Hac
713 2618 832 2696 fiducia
853 2618 954 2682 elatus
976 2617 1101 2682 [esaias
1123 2616 1190 2699 (26,
1215 2619 1273 2700 19)
1291 2636 1344 2681 ca·
1393 2620 1512 2697 rantia,
1527 2619 1599 2698 ipso
1614 2624 1749 2682 naturae
1766 2619 1913 2684 instinctu
1931 2619 2085 2684 increduli
2102 2639 2222 2701 seraper
2238 2618 2372 2701 effipiern

367 2705 494 2768 clamat:
515 2705 616 2768 uiuent
636 2705 764 2781 mamni,
787 2704 919 2767 cadara
939 2722 1041 2767 meum
1061 2707 1216 2786 remman
1237 2721 1343 2782 eaper-
1394 2704 1633 2768 resmrcatianis
1660 2702 1835 2768 labuemnt
1861 2711 1931 2769 ante
1957 2705 2066 2770 mulos.
2113 2705 2269 2785 Quorsum
2289 2705 2374 2769 enim

365 2790 525 2873 piscirnini
546 2794 573 2852 et
595 2789 720 2853 mudate
736 2788 922 2853 habitatores
933 2789 1085 2870 palemis.
1119 2787 1224 2853 Rebas
1240 2789 1344 2868 despe
1394 2808 1484 2854 sacer
1504 2795 1533 2853 et
1553 2787 1747 2853 iaculabilis
1765 2809 1832 2853 mos
1849 2791 2024 2872 sepdiendi,
2046 2791 2113 2854 nesi
2129 2795 2164 2854 ut
2180 2790 2280 2870 arrha
2296 2792 2374 2855 esset

366 2876 448 2938 ratis
468 2894 533 2939 sese
554 2874 666 2939 attollit
686 2875 729 2939 ad
746 2874 853 2938 Deum
871 2874 952 2939 citae
973 2878 1118 2951 aramma,
1138 2894 1233 2955 penes
1253 2892 1344 2954 quan
1395 2896 1491 2940 novae
1510 2875 1616 2939 citae?
1660 2874 1769 2955 Nepae
1789 2877 1928 2955 campere
1949 2876 2026 2953 lieet,
2049 2896 2087 2939 ecc
2107 2896 2211 2940 errore
2231 2875 2286 2941 loc
2306 2895 2372 2940 esse

366 2963 440 3025 sunt
461 2962 564 3023 scitas
579 2961 698 3037 martis,
721 2965 756 3023 ut
772 2960 887 3025 dicum
903 2961 939 3023 in
959 2959 1085 3024 Psalmo
1107 2958 1173 3044 (68,
1186 2958 1251 3110 23.
1287 2957 1343 3022 Iob
1394 2967 1520 3041 natum,-
1544 2961 1621 3041 quia
1642 2965 1670 3024 et
1690 2960 1868 3039 sepulturae
1888 2961 1998 3042 relipio
2020 2962 2107 3040 apud
2126 2967 2248 3027 sanctos
2262 2967 2373 3042 patres

366 3047 469 3124 etiam,
491 3046 637 3110 eadmeri
658 3045 795 3110 similior
815 3066 911 3127 quam
932 3043 1064 3122 homini,
1086 3043 1187 3125 frctus
1242 3046 1272 3108 ei
1286 3064 1344 3126 po
1394 3066 1516 3126 semper
1532 3047 1639 3129 aipuit,
1661 3045 1796 3111 etDcus
1813 3046 1899 3126 apud
1912 3050 2014 3128 pentes
2034 3065 2159 3110 manem
2180 3047 2276 3110 voluit
2296 3067 2371 3111 cun·

366 3133 471 3208 tentia,
493 3151 555 3196 non
572 3131 693 3196 dubitat
713 3134 807 3211 quasi
828 3132 945 3214 inteper
965 3131 1008 3195 ad
1029 3131 1112 3195 diem
1132 3129 1224 3194 illum
1245 3149 1278 3193 se
1299 3134 1343 3194 at·
1395 3133 1465 3197 dem
1490 3152 1619 3209 moran,
1654 3136 1690 3196 ut
1716 3131 1829 3195 abiecta
1856 3132 2089 3196 ressurectionis
2115 3130 2236 3214 effipies
2262 3151 2372 3196 earum

367 3216 470 3280 tollere
493 3215 576 3299 (Iob.
604 3220 652 3296 ls,
677 3215 750 3301 25).·
771 3218 834 3281 ser'o
855 3218 936 3299 quod
956 3217 1130 3295 redemptor
1149 3235 1237 3279 meres
1257 3216 1342 3294 aicit,
1394 3223 1546 3299 amaran
1566 3218 1817 3300 eaperpefaceret.
1865 3217 2016 3297 Qumnais
2039 3221 2142 3280 aman
2158 3216 2299 3297 profectu
2319 3236 2370 3280 ca-

367 3306 394 3367 et
415 3303 449 3364 in
470 3303 637 3366 moissima
658 3302 709 3366 die
730 3308 835 3387 surpet
855 3323 952 3385 suuper
972 3303 1134 3383 patrum
1161 3300 1285 3386 (nempe
1308 3305 1344 3365 ut
1393 3305 1496 3368 neerit
1515 3305 1708 3368 camanania
1728 3303 1800 3380 illa,
1829 3302 1921 3366 utilis
1941 3306 2042 3366 tamen
2064 3301 2152 3366 nabis
2178 3307 2223 3365 est
2244 3302 2274 3365 si
2289 3322 2370 3382 pru-

367 3406 460 3450 suam
476 3389 646 3468 potentiam
667 3387 734 3452 illie
755 3394 890 3473 exserat)
919 3394 948 3452 et
974 3407 1104 3452 mersum
1130 3386 1344 3452 ciraemdabor
1394 3389 1501 3453 denter
1525 3389 1620 3470 tinem
1647 3394 1837 3469 spedamus:
1863 3389 1941 3470 qaia
1960 3407 2021 3451 non
2042 3386 2119 3450 lecu
2139 3391 2183 3452 est
2204 3386 2370 3451 increduli-

361 3472 444 3555 pelle
461 3493 539 3551 mea,
561 3475 642 3538 etin
657 3493 749 3538 carne
765 3494 834 3538 mea
855 3474 961 3539 uidebo
982 3473 1102 3552 Deum,
1120 3473 1252 3536 usurus
1271 3491 1343 3537 sum
1394 3474 1470 3539 tatis
1490 3476 1651 3557 resultatio,
1679 3493 1785 3539 omnes
1804 3474 1903 3539 umal
1917 3473 2075 3555 professos
2096 3492 2161 3536 esse
2181 3473 2262 3553 quod
2282 3493 2370 3537 nemo

367 3561 444 3641 ipse,
467 3563 576 3623 anm
597 3560 692 3625 alius.
737 3559 826 3639 Nam
847 3561 905 3625 etsi
926 3560 1056 3641 quidam
1077 3557 1227 3623 subtilius
1247 3557 1343 3622 detor·
1393 3560 1539 3626 ereddat
1572 3560 1752 3643 Atpuinon
1773 3561 1863 3625 mado
1883 3558 2078 3640 obstupefecit
2096 3563 2190 3622 satan
2211 3557 2370 3646 murinam

367 3649 458 3726 munt
485 3645 564 3709 locos
591 3647 682 3723 istos,
710 3664 748 3708 ac
773 3647 804 3710 si
831 3647 869 3711 de
896 3646 1117 3710 resurrectione
1143 3643 1257 3726 erponi
1282 3663 1344 3707 non
1393 3666 1512 3725 senua,
1534 3651 1569 3710 ut
1585 3647 1750 3729 sepelirent
1765 3666 1832 3710 una
1848 3665 1919 3710 cum
1935 3643 2115 3724 corporibus
2135 3644 2370 3708 resurrectionis

368 3729 516 3809 deberent,
539 3731 721 3812 coadunant
735 3735 838 3796 umen
855 3733 937 3813 quod
953 3736 1083 3796 evertam
1103 3730 1248 3812 crepiuut:
1267 3730 1343 3809 auia
1392 3733 1576 3798 maneriam
1581 3756 1591 3811 ;
1611 3733 1668 3798 sed
1683 3737 1808 3815 partem
1824 3731 1904 3795 banc
1923 3731 2081 3796 dodrinae
2096 3729 2199 3794 coriis
2214 3729 2370 3811 Quadis

368 3835 430 3880 non
452 3815 579 3881 alimede
599 3818 699 3880 saneti
719 3817 784 3880 oiri
805 3818 954 3882 solatiam
969 3821 1079 3897 pduut
1100 3818 1136 3880 in
1157 3816 1227 3880 suis
1247 3815 1343 3879 malis
1394 3825 1589 3900 corrumpere
1608 3819 1735 3883 malitias
1755 3823 1808 3895 est,
1830 3823 1866 3881 ut
1880 3817 2005 3882 tandem
2020 3815 2220 3880 intercideret.
2258 3813 2370 3879 Onutta

368 3920 464 3981 quam
485 3921 524 3965 en
543 3902 779 3966 resurrectionis
799 3902 1015 3967 similitudine.
1063 3902 1150 3983 Quod
1170 3901 1284 3966 melius
1304 3920 1343 3965 ea
1394 3904 1475 3986 quod
1501 3904 1568 3969 iam
1596 3904 1695 3969 Pauli
1722 3909 1856 3985 tenrporc
1883 3923 1952 3968 carn
1977 3900 2142 3968 mecam
2173 3898 2285 3980 coeped3
2316 3899 2371 3965 scd

368 3987 431 4050 laco
452 3984 627 4052 Ereclielis
648 3987 714 4071 (37,
738 3990 759 4049 8
803 3990 1002 4072 capnoscitur.
1029 3988 1136 4067 ‘Nam
1156 4008 1253 4068 quum
1268 4006 1344 4069 pro
1389 3989 1489 4072 paulo
1504 3996 1579 4070 post
1598 3991 1721 4071 smuuti
1742 3994 1815 4054 suad
1838 3987 2023 4066 Obidiastae,
2038 3985 2062 4071 ¹)
2091 3987 2148 4067 qui
2168 3985 2254 4051 mille
2274 3987 2371 4051 annis
2420 4036 2423 4043 .

367 4073 546 4136 missimem
567 4073 687 4138 reditus
707 4072 732 4136 I
816 4075 823 4087 '
842 4078 1028 4155 respuerent,
1050 4092 1087 4137 ao
1105 4072 1275 4151 obiicerent,
1296 4073 1344 4135 ni-
1393 4075 1544 4156 finierunt
1565 4073 1686 4140 blei-isti
1705 4095 1843 4159 repnum.
1883 4073 1933 4139 Ac
1953 4093 2058 4138 eorum
2078 4072 2203 4154 audon
2223 4091 2371 4138 mmeri-

367 4157 430 4221 bito
446 4159 551 4241 mapis
568 4179 633 4224 esse
644 4157 803 4240 probabile
819 4158 880 4222 sibi
897 4159 1019 4238 aperiri
1038 4159 1124 4222 ciam
1143 4178 1241 4238 quam
1261 4177 1343 4222 mor·
1394 4167 1462 4226 lum
1482 4161 1641 4244 puerilius
1662 4167 1713 4224 cst
1733 4181 1833 4244 quam
1853 4167 1891 4225 ut
1913 4158 2107 4224 refutatione
2133 4158 2186 4222 vol
2214 4157 2368 4241 indigeat,

367 4249 437 4308 tuos
457 4245 544 4308 eaire
571 4266 588 4309 e
614 4245 768 4326 sepulcro,
794 4245 875 4308 cisia
895 4243 1066 4325 prophetae
1092 4244 1219 4325 offertur
1239 4244 1343 4323 campi
1394 4247 1448 4313 vol
1470 4245 1608 4330 dignum
1629 4247 1680 4312 sit.
1716 4247 1782 4311 Nee
1797 4246 1865 4311 illis
1881 4247 2078 4329 suffrapatur
2092 4243 2309 4325 Apocalypsis,
2331 4263 2370 4306 ea

361 4330 452 4410 pleni
480 4329 601 4394 ossibus
628 4331 747 4412 aidis,-
773 4351 812 4394 ea
831 4329 914 4395 iubet
934 4329 1024 4393 Deus
1044 4347 1169 4394 earnem
1190 4333 1218 4393 et
1236 4347 1344 4392 neruos
1394 4352 1459 4413 aua
1488 4333 1530 4417 (c.
1555 4336 1610 4412 20,
1633 4331 1670 4417 4)
1697 4333 1798 4398 errori
1824 4352 1882 4397 suo
1909 4332 2039 4397 calerna
2064 4329 2229 4394 induxisse
2254 4332 2370 4390 artum

366 4417 509 4495 recipere.
545 4417 732 4498 ραανααανα
748 4416 806 4480 sub
822 4416 929 4500 ficara
944 4415 1004 4479 illa
1018 4414 1173 4496 mulum
1194 4413 1238 4478 ad
1257 4433 1343 4496 spem
1395 4423 1461 4498 est3
1497 4420 1622 4499 meando
1655 4419 1691 4484 in
1724 4419 1902 4484 midenario
1936 4434 2064 4482 nuncero
2097 4433 2158 4478 non
2191 4413 2298 4493 apitur
2330 4413 2369 4477 de

367 4502 486 4564 ruditus
507 4503 614 4584 eripit,
635 4504 803 4568 materiam
822 4508 925 4567 tamen
946 4499 1096 4583 sperandi
1117 4501 1214 4564 sumit
1234 4519 1273 4564 en
1293 4520 1342 4565 re-
1395 4508 1523 4569 aeterua
1543 4505 1685 4570 amasiae
1705 4504 1901 4583 beatitudme,
1921 4503 1977 4568 sed
1993 4504 2113 4566 auum
2131 4499 2169 4562 de
2185 4497 2285 4560 coriis
2302 4497 2369 4579 api-

369 4587 570 4652 surrectione:
591 4590 685 4653 sicuti
705 4588 794 4653 nobis
809 4588 1017 4670 praecipuum
1038 4589 1082 4650 est
1098 4585 1256 4666 exemplu
1272 4585 1344 4650 tibe-
1394 4590 1564 4656 manaa
1591 4611 1670 4673 quae
1697 4590 1856 4656 eccleaam
1883 4588 1985 4655 adbuc
2011 4588 2047 4651 in
2067 4583 2159 4648 terris
2180 4582 2369 4647 laborantem

369 4671 527 4734 rationum
544 4676 682 4738 omnium
703 4693 785 4757 quas
805 4676 942 4738 sentimet
960 4671 1066 4754 fideles
1086 4673 1123 4735 in
1143 4671 1198 4736 boc
1218 4672 1342 4737 munda
1393 4675 1567 4743 manebam.
1624 4675 1787 4742 &uterum
1825 4682 1893 4739 tots
1924 4673 2087 4754 scriptura
2118 4668 2237 4731 clamat
2267 4669 2368 4731 finem

370 4755 423 4818 Sic
447 4753 600 4837 Christus,
616 4765 785 4843 postquam
806 4779 907 4825 eacan
927 4757 1079 4842 eoanpelii
1100 4757 1258 4829 aiaidcam
1278 4776 1343 4823 esse
1394 4762 1525 4827 nullum
1551 4763 1620 4828 fore
1646 4762 1824 4828 electorum
1852 4756 2047 4823 beautudini
2073 4774 2134 4818 naa
2153 4754 2368 4835 reproborum

367 4841 483 4918 docuit,
510 4844 587 4922 quia
613 4844 668 4909 boe
693 4866 754 4911 non
779 4846 967 4928 recipiebant
996 4843 1128 4927 Iudaei,
1153 4863 1226 4906 moa
1253 4843 1344 4908 addit
1394 4849 1562 4932 supplicio.
1599 4849 1748 4915 (tmuium
1765 4867 1860 4930 porro
1878 4864 1989 4907 rerum
2006 4859 2089 4923 quae
2106 4846 2140 4903 et
2157 4844 2368 4921 conspectum

368 4926 496 5008 (Ioann.
521 4932 549 5004 5,
573 4926 646 5013 28):
672 4932 765 4995 nolite
786 4933 904 4999 mirari
925 4931 986 5011 loc,
1008 4931 1086 5011 auia
1105 4929 1189 4993 uenit
1208 4928 1285 4994 lora
1306 4930 1343 4993 in
1394 4942 1546 5000 nostrum
1567 4934 1708 5019 fugiunt,
1731 4941 1765 4997 ct
1785 4930 1906 4996 mentis
1927 4932 2061 5025 captum
2074 4925 2180 5075 '¹⁰an
2200 4931 2366 5008 superant,

367 5033 429 5092 arca
457 5032 560 5077 munes
586 5014 642 5094 qai
669 5017 804 5081 suntin
829 5017 1048 5095 monumentis,
1083 5015 1212 5080 audient
1242 5034 1364 5102 rocem·
1394 5027 1452 5085 aut
1477 5019 1559 5086 fides
1585 5043 1628 5086 cx
1655 5020 1752 5086 aereis
1779 5016 1845 5080 Dei
1871 5011 2010 5078 oruouhs
2037 5017 2135 5094 poten
2212 5018 2275 5088 ost,
2310 5016 2368 5075 aut

363 5098 428 5179 dlii
450 5097 514 5161 Dei
536 5098 757 5178 etprodibrmt.
801 5100 888 5186 Erpa
914 5101 1049 5182 eaemplo
1073 5100 1172 5165 Pauli
1198 5099 1232 5185 (2
1256 5101 1339 5164 Tim·
1392 5127 1527 5189 prorsus
1549 5103 1737 5172 abiicienda.
1771 5101 1838 5181 Qui
1859 5098 1950 5165 mille
1972 5118 2075 5162 annos
2097 5096 2270 5180 assignant
2288 5096 2367 5162 filiis

365 5188 396 5262 4,
415 5183 451 5268 8)
474 5183 621 5248 alacriter
637 5185 704 5248 iam
721 5185 945 5267 triumphemus
965 5189 1046 5250 aaa
1066 5188 1188 5251 medias
1204 5206 1341 5270 pupnas,
1392 5192 1474 5272 Dei,
1502 5193 1543 5257 sd
1569 5193 1697 5256 futurae
1718 5188 1805 5252 vitas
1827 5184 2062 5251 haereditatum
2082 5182 2271 5260 fruendam,
2300 5202 2367 5244 non

365 5270 447 5350 quood
458 5275 568 5352 potens
584 5270 635 5350 sit,
657 5272 712 5352 oui
733 5270 821 5335 nobis
831 5271 980 5352 pranisit
994 5271 1137 5355 sauram
1153 5273 1258 5351 eitam,
1280 5293 1343 5337 ser-
1393 5277 1662 5343 animadvermnt
1699 5280 1856 5356 quantum
1895 5270 2125 5338 contumeliam
2163 5268 2299 5331 inurunt
2333 5272 2397 5329 ον’

366 5376 441 5421 aare
462 5355 651 5439 depositum3
673 5360 763 5438 atquc
778 5357 825 5420 ita
839 5355 1009 5440 ploriemur
1023 5357 1193 5435 repositam
1209 5376 1274 5420 esse
1289 5378 1342 5423 no
1393 5361 1527 5428 Christo
1555 5361 1684 5426 eteius
1711 5379 1821 5442 regno.
1865 5358 1954 5424 Nam
1979 5357 2009 5422 si
2036 5353 2279 5421 immortalitate
2301 5371 2366 5415 non

366 5440 414 5505 bis
435 5460 578 5506 emonam
598 5442 748 5524 iustitiae,
769 5461 864 5523 quam
884 5439 990 5505 reddat
1010 5439 1099 5503 nome
1114 5439 1219 5504 iustus
1237 5442 1340 5505 iudea.
1394 5446 1581 5526 induentur,
1604 5467 1682 5529 orgo
1699 5466 1760 5510 noa
1776 5442 1930 5512 Christus
1951 5444 2029 5527 ipse,
2051 5441 2094 5507 ad
2116 5440 2208 5506 aluus
2229 5436 2367 5520 glorium

369 5525 422 5591 Sic
441 5528 494 5609 fiet
513 5533 549 5592 at
570 5529 726 5610 qudquid
746 5527 958 5594 nwlestiarum
973 5524 1182 5609 perpdemur,
1210 5527 1341 5590 adensio

366 5612 453 5679 nobis
486 5615 528 5678 sit
555 5615 683 5696 fidmae
714 5616 811 5695 vitae,
843 5615 920 5696 auia
947 5612 1012 5677 Dei
1028 5615 1175 5674 ,naturae
1206 5613 1343 5674 conrasit
1394 5622 1518 5628 -”
1535 5622 1557 5627 ··
1591 5623 1596 5627 ·

367 5699 531 5779 reponam
552 5702 750 5784 aspanorum
771 5702 881 5785 imptis
901 5699 959 5783 qm·
978 5717 1036 5765 νῦν
1063 5696 1226 5780 afflpum,
1253 5693 1341 5759 νῶϊν
1463 5718 1492 5778 1)
1514 5716 1555 5786 cr.
1576 5719 1754 5801 aspum.
1774 5722 1799 5788 ς.
1816 5719 1870 5773 224
1885 5719 1949 5773 eea.
1964 5713 2087 5786 paea
