5600 6809
390 781 432 843 23
1036 771 1301 842 marmoreo
1323 772 1428 837 ΗΕΒ.
1451 770 1631 838 osmer.
1657 776 1749 836 1559.
2354 771 2395 830 24

394 985 492 1047 quem
512 963 609 1028 stulta
632 961 852 1039 admirantur,
882 960 939 1027 sed
960 962 1056 1044 longe
1076 937 1144 1025 alia
1164 969 1243 1024 nota
1265 960 1368 1025 conti-
1420 961 1527 1025 lucem
1550 981 1646 1025 suam
1668 961 1907 1038 exstinxerant,
1937 980 1992 1023 eos
2015 964 2202 1023 excaecatos
2229 976 2339 1033 sensu,
2363 964 2398 1018 et

394 1076 479 1140 neri:
508 1095 625 1155 nempe
647 1095 731 1155 pura
751 1072 842 1137 verbi
862 1073 926 1138 Dei
953 1071 1205 1155 praedicatione,
1234 1078 1267 1134 61
1286 1071 1368 1154 legi·
1421 1071 1569 1136 absurdis
1596 1070 1778 1135 mendaciis
1807 1070 1891 1148 ludi,
1924 1079 1957 1135 et
1978 1070 2053 1134 altis
2076 1068 2218 1132 tenebris
2243 1066 2396 1150 immergi

392 1187 474 1250 tima
495 1193 772 1271 sacramentorum
793 1184 1080 1248 administratione.
1120 1183 1282 1246 Fremant
1303 1182 1385 1247 nisi'
1420 1203 1535 1266 passus
1556 1190 1621 1261 est,
1650 1189 1689 1244 ut
1710 1182 1803 1246 nulla
1823 1204 1921 1250 verae
1948 1180 2100 1246 ecclesiae
2122 1180 2220 1244 facies
2242 1184 2395 1243 exstaret

394 1297 528 1362 ecclesia
551 1296 651 1378 digita
670 1317 798 1377 semper
819 1295 1016 1360 ostendatur.
1062 1293 1129 1359 Sed
1151 1314 1250 1375 quarn
1272 1314 1368 1374 saepe
1422 1294 1561 1358 Interim
1584 1301 1695 1357 16111611
1717 1313 1793 1357 suos
1815 1300 1848 1356 61
1869 1292 2031 1374 dispersos
2053 1299 2086 1355 et
2114 1290 2339 1356 delitescentes
2360 1290 2397 1352 in

395 1410 430 1472 in
451 1407 571 1489 populo
592 1407 790 1474 Iudaeorum
812 1407 857 1471 sio
875 1405 1052 1470 deformari
1069 1406 1206 1487 contigit
1223 1405 1369 1468 utnulla
1420 1405 1537 1469 mediis
1556 1405 1719 1470 erroribus
1741 1414 1774 1468 et
1794 1403 1937 1469 tenebris
1960 1404 2001 1468 ab
2023 1402 2124 1466 exitio
2142 1402 2293 1466 servavit.
2328 1400 2398 1464 Neo

393 1520 516 1600 species
545 1517 725 1583 emineret?
753 1539 851 1599 quam
878 1525 1031 1598 putamus
1058 1517 1196 1580 formam
1224 1516 1368 1597 resplen·
1420 1518 1556 1580 mirum:
1586 1516 1700 1582 didicit
1721 1516 1810 1580 enim
1838 1537 1969 1580 6611616
1991 1522 2025 1580 61
2051 1514 2087 1577 111
2114 1514 2187 1596 ipsa
2208 1513 2398 1577 confusione

394 1626 517 1706 duisse,
546 1651 646 1712 quum
668 1629 782 1692 Helias
812 1628 917 1692 solum
944 1650 979 1692 se
1006 1627 1156 1693 relietum
1186 1625 1370 1709 deploraret
1420 1626 1601 1712 Babylonis
1623 1635 1655 1692 61
1671 1629 1805 1692 flamma
1825 1627 1966 1692 fornacis
1988 1626 2140 1691 ardentis.
2171 1623 2268 1704 Quod
2286 1630 2399 1711 autem

272 1729 275 1735 ¹
394 1741 427 1824 (1
449 1741 530 1823 Reg.
554 1746 601 1818 111,
624 1739 698 1823 ll)?
735 1739 890 1821 quamdiu
918 1740 958 1803 ab
986 1738 1131 1803 adventu
1160 1737 1282 1803 Christi
1313 1737 1369 1801 de-
1421 1739 1559 1803 formem
1593 1739 1746 1804 occlesiae
1778 1739 1885 1803 nescio
1915 1760 1980 1821 qua
2007 1760 2092 1802 vana
2124 1757 2244 1820 pompa
2272 1733 2399 1800 censeri

392 1851 506 1916 formis
528 1851 643 1916 latuit?
673 1851 798 1932 quoties
820 1851 860 1914 ab
883 1872 921 1915 eo
942 1860 1089 1931 tempore
1111 1849 1214 1927 bellis,
1238 1849 1369 1914 seditio·
1421 1850 1552 1927 volunt,
1586 1850 1620 1914 id
1653 1872 1752 1932 quam
1784 1851 2002 1933 periculosum
2034 1851 2077 1913 sit
2103 1849 2217 1931 paucis
2248 1847 2398 1911 indicabo

394 1963 505 2040 nibus,
534 1962 723 2026 haeresibus
751 1964 798 2027 sio
826 1983 982 2044 oppressa
1011 1971 1061 2025 est
1093 1968 1131 2025 ut
1158 1960 1248 2024 nulla
1277 1967 1369 2041 parte
1422 1962 1528 2043 magis
1549 1983 1648 2043 quam
1670 1961 1844 2040 enarrabo,
1873 1983 1915 2026 ne
1936 1961 2116 2025 orationem
2142 1961 2177 2023 in
2199 1960 2399 2022 immensum

393 2073 553 2157 fulgeret?
599 2074 653 2136 An
676 2074 703 2137 si
727 2095 765 2137 eo
788 2080 933 2155 tempore
957 2073 1132 2150 vixissent,
1156 2071 1371 2137 credidissent
1423 2072 1603 2137 extraham.
1654 2074 1822 2151 Pontifex,
1852 2073 2020 2156 inquiunt,
2047 2053 2103 2152 qui
2133 2070 2243 2135 sedem
2270 2076 2398 2151 aposto-

395 2184 496 2247 ullam
515 2206 584 2249 esse
607 2184 800 2250 ecelesiam?
831 2183 898 2249 Sed
916 2183 1042 2248 audivit
1058 2183 1173 2248 Helias
1192 2182 1283 2247 salva
1300 2203 1370 2246 esse
1422 2182 1518 2246 licam
1539 2191 1643 2263 tonet,
1672 2193 1706 2249 61
1728 2185 1785 2268 qui
1807 2187 1848 2251 ab
1871 2206 1908 2249 eo
1931 2184 2092 2248 antistites
2114 2190 2193 2247 sunt
2214 2181 2342 2246 inuncti
2359 2188 2399 2245 et

393 2302 519 2376 septem
552 2295 656 2358 millia
681 2296 829 2360 virorum
856 2295 913 2376 qui
944 2317 1012 2359 non
1041 2303 1260 2360 curvaverant
1283 2315 1370 2376 genu
1423 2273 1614 2371 consecrati,
1642 2296 1754 2360 infulis
1775 2296 1870 2374 modo
1894 2304 1927 2361 et
1953 2295 2044 2357 lituis
2071 2293 2220 2375 insigniti
2243 2294 2323 2370 61111,
2346 2313 2399 2356 eo-

394 2426 504 2470 coram
535 2406 628 2469 Baal.
684 2405 753 2486 Nec
781 2405 916 2471 dubium
945 2405 1038 2470 nobis
1065 2427 1135 2470 esse
1165 2404 1260 2469 debet
1289 2405 1370 2487 quin
1423 2405 1554 2468 alesiam
1572 2416 1825 2488 repraesentant,
1849 2415 1882 2471 61
1899 2429 1957 2490 pro
1978 2406 2113 2472 ecclesia
2130 2406 2244 2470 haberi
2262 2404 2396 2468 debent:

393 2538 523 2600 semper
543 2517 578 2580 in
600 2517 695 2580 torris
717 2518 905 2599 regnaverit
922 2516 1076 2582 Christus
1094 2538 1135 2580 ex
1157 2537 1220 2598 quo
1242 2516 1370 2581 eoelum
1421 2515 1495 2580 ideo
1528 2539 1588 2583 nec
1616 2539 1725 2604 errare
1754 2525 1898 2602 possunt.
1944 2517 2010 2598 Qui
2038 2517 2104 2583 sic?
2141 2517 2219 2598 quia
2249 2522 2398 2597 pastores

394 2627 548 2693 ascendit.
598 2627 783 2692 Notabilem
805 2650 883 2693 1616
911 2629 1054 2712 aliquam
1082 2629 1219 2692 formam
1248 2628 1276 2691 si
1298 2637 1369 2691 tum
1423 2629 1575 2693 ecclesiae
1597 2637 1630 2693 61
1661 2632 1838 2695 consecrati
1863 2629 2015 2693 Domino.
2059 2630 2106 2693 Et
2128 2629 2241 2693 Aaron
2262 2625 2398 2693 caeteri·

393 2740 440 2823 pii
462 2738 561 2802 oculis
587 2739 827 2820 requisiissent,
856 2760 965 2804 nonne
985 2740 1133 2821 protinus
1155 2738 1371 2804 concidissent
1422 2760 1484 2820 que
1506 2741 1659 2822 praefecti
1681 2742 1785 2805 Israel
1813 2761 1921 2805 nonna
1948 2748 2095 2822 pastores
2123 2739 2240 2804 erant?
2284 2739 2400 2801 Aaron

394 2849 532 2937 animis?
582 2851 629 2913 111
658 2871 736 2914 66116
763 2850 797 2914 id
825 2852 892 2914 iam
920 2851 1041 2914 summi
1061 2851 1135 2916 vitii
1162 2851 1232 2915 looo
1253 2851 1290 2912 in
1312 2871 1371 2914 suo
1422 2871 1501 2914 vero
1530 2857 1563 2914 et
1589 2851 1649 2915 filii
1677 2853 1746 2915 eius
1774 2853 1841 2916 iam
1868 2852 2050 2917 sacerdotes
2080 2851 2240 2933 designati
2267 2869 2400 2914 errave·

395 2962 524 3025 saeculo
557 2961 695 3026 ducebat
726 2960 890 3041 Hilarius,
931 2961 1017 3044 quod
1047 2962 1148 3026 stulta
1181 2960 1371 3044 episcopalis
1423 2967 1500 3024 runt
1521 2968 1647 3039 tamen,
1677 2985 1777 3046 quum
1799 2964 1940 3027 vitulum
1960 2963 2211 3027 fabricaverunt.
2257 2960 2400 3025 011166-

396 3071 566 3154 dignitatis
597 3067 812 3136 admiratione
844 3073 1006 3155 occupati,
1046 3075 1203 3138 latentem
1242 3071 1302 3137 sub
1333 3093 1372 3136 66
1423 3073 1674 3139 6611116111116116
1695 3074 1856 3138 rationem
1881 3075 2049 3139 ecelesiam
2071 3094 2137 3137 non
2158 3077 2401 3154 repraesentas·

393 3182 488 3248 larva
516 3183 681 3247 exitialem
714 3183 841 3247 lerna-m
868 3205 936 3248 non
962 3185 1270 3249 animadverterent.
1316 3182 1372 3248 Sic
1424 3190 1498 3248 sent
1517 3184 1749 3269 quadringenti
1777 3185 1826 3248 illi
1853 3185 2031 3267 prophetae
2059 3186 2114 3265 qui
2136 3184 2234 3248 Ahab
2261 3184 2401 3247 mentie-

394 3295 481 3358 enim
501 3294 662 3376 loquitur:
679 3295 703 3378 ι)
725 3315 829 3358 unum
846 3315 973 3372 moneo,
992 3301 1103 3361 661616
1126 3296 1357 3360 antichristum
1363 3319 1371 3374 ;
1424 3293 1564 3359 bantur?
1594 3297 1640 3360 At
1662 3296 1796 3362 ecclesia
1817 3296 1925 3361 stabat
1947 3318 1967 3360 a
1987 3294 2136 3378 partibus
2154 3296 2275 3373 Micha‚
2299 3294 2400 3358 solius

392 3406 479 3469 111616
512 3406 601 3469 enim
628 3426 686 3469 vos
714 3406 877 3487 parietum
905 3426 997 3470 arnor
1024 3409 1123 3490 copit3
1157 3408 1243 3472 male
1270 3406 1371 3471 eecle-
1425 3406 1556 3487 quidem
1582 3415 1616 3471 61
1642 3407 1909 3489 contemptibilis,
1927 3407 1997 3500 ¹sed
2018 3428 2060 3470 ex
2083 3407 2177 3471 cuius
2204 3427 2401 3470 6161616111

394 3516 476 3580 616111
503 3518 569 3581 1)61
600 3518 637 3580 in
666 3517 759 3581 166116
788 3517 1006 3601 aedificiisque
1034 3519 1252 3599 veneramini3
1285 3518 1371 3582 111616
1424 3517 1650 3600 egrediebatur
1672 3518 1704 3598 (l
1728 3519 1810 3601 Reg.
1830 3522 1881 3596 22,
1900 3522 1920 3581 8
1939 3517 2050 3601 seqq).
2084 3519 2203 3582 Nonne
2224 3525 2258 3581 et
2278 3537 2402 3581 nomen

394 3627 454 3690 sub
493 3628 534 3692 iis
572 3630 661 3710 pacis
701 3650 821 3693 nomen
853 3629 1015 3713 ingeritis:
1057 3650 1141 3694 anne
1181 3631 1371 3712 ambiguum
1424 3637 1457 3693 et
1474 3630 1589 3693 faciem
1606 3630 1759 3694 ecclesiae
1776 3650 1855 3711 prae
1873 3651 1908 3695 66
1926 3630 2074 3695 1616116111
2089 3629 2278 3712 prophetae,
2297 3649 2403 3711 quum

327 3731 336 3817 J
394 3743 444 3801 est
480 3739 515 3800 in
559 3739 600 3802 iis
633 3739 865 3805 antichristum
901 3762 974 3806 esse
1016 3741 1204 3805 sessurum?
1242 3747 1371 3805 montes
1424 3762 1489 3805 uno
1509 3742 1635 3824 impetu
1656 3740 1813 3806 6111616116
1838 3722 2012 3805 Ι61611116111
2034 3741 2260 3823 insurgerent,
2284 3747 2318 3804 et
2338 3739 2402 3802 mi-

393 3847 491 3926 mihi,
521 3855 554 3911 et
575 3849 701 3933 sylvae,
724 3859 757 3915 et
777 3852 884 3930 lacus,
908 3859 941 3917 61
961 3874 1122 3932 carceres,
1146 3860 1179 3917 et
1197 3854 1385 3936 voragines·
1425 3872 1521 3916 naoes
1543 3853 1711 3931 iactarent,
1735 3853 1808 3917 fieri
1828 3873 1896 3916 non
1917 3874 2011 3935 posse
2033 3859 2071 3916 ut
2092 3852 2214 3934 periret
2234 3851 2326 3916 lexa
2349 3872 2402 3916 sa·

395 3966 473 4022 611111
493 3960 644 4040 tutiores,
670 3961 705 4023 in
732 3962 773 4026 116
802 3965 890 4027 enim
916 3964 1096 4046 prophetae
1117 3970 1175 4029 aut
1201 3976 1372 4029 manentes
1425 3962 1567 4042 cerdote,
1595 3964 1766 4030 consilium
1794 3965 1994 4046 asapiente,
2023 3964 2159 4028 verbum
2192 3983 2212 4025 a
2240 3962 2404 4044 propheta

397 4077 454 4134 aut
486 4069 625 4134 demersi
658 4072 905 4155 prophetabant.
956 4074 1045 4155 Qud
1074 4084 1185 4142 autem
1213 4076 1309 4141 hodie
1335 4078 1371 4140 in
1425 4073 1673 4159 (Ier.18,18)?
1717 4075 1887 4141 Adversus
1909 4082 2012 4140 totam
2037 4075 2272 4157 prophetarum
2293 4074 2402 4137 natio·

396 4183 542 4247 cornutis
565 4182 631 4246 suis
655 4183 811 4267 episcopis
833 4185 975 4252 mundus
998 4196 1182 4267 veneratur,
1205 4188 1269 4252 nisi
1290 4209 1372 4271 quo-
1424 4207 1501 4253 nem
1524 4187 1611 4251 solus
1638 4188 1795 4252 Ieremias
1816 4187 1968 4265 mittitur,
1992 4189 2048 4270 qui
2070 4208 2090 4251 a
2108 4187 2253 4250 Domino
2274 4184 2403 4287 denun-

396 4293 486 4360 niam
508 4301 637 4358 sanctos
659 4314 729 4359 esse
751 4296 918 4379 religionis
939 4298 1108 4380 praesules
1125 4307 1275 4364 autumat
1292 4320 1372 4382 quos
1424 4299 1485 4362 tiet
1505 4299 1573 4363 fore
1595 4309 1633 4362 ut
1654 4298 1709 4363 lex
1730 4306 1843 4381 pereat
1864 4319 1884 4362 a
1911 4298 2091 4377 sacerdote,
2114 4298 2284 4364 consilium
2307 4319 2327 4361 a
2348 4319 2403 4362 sa-

397 4404 578 4470 celebribus
601 4405 736 4470 urbibus
757 4407 848 4471 videt
861 4402 1077 4489 praesidere?
1113 4412 1275 4494 Apagesis
1293 4431 1372 4494 ergo
1425 4410 1544 4492 pionte,
1567 4410 1704 4475 verbum
1726 4432 1746 4474 a
1767 4410 1927 4493 propheta
1949 4411 2152 4495 (111111.4,9).
2186 4410 2304 4474 Nonne
2322 4409 2401 4473 talis

397 4521 466 4578 tam
486 4515 653 4599 stupidam
677 4519 945 4584 aestimationem.
990 4519 1083 4601 Quin
1109 4522 1216 4603 potius
1237 4523 1372 4603 permit
1425 4520 1577 4604 splendor
1603 4522 1787 4605 refulgebat
1813 4523 1849 4586 in
1875 4544 1913 4586 eo
1941 4521 2076 4587 coneilio
2103 4521 2189 4602 quod
2217 4521 2399 4603 pontifices,

397 4633 505 4691 tamus
527 4627 589 4693 hoo
610 4630 767 4694 Domino:
793 4638 830 4694 ut
851 4631 980 4712 quando
1002 4633 1071 4715 ipsc
1092 4634 1181 4698 solus
1203 4634 1295 4699 novit
1315 4633 1373 4715 qui
1425 4633 1549 4699 scribae
1576 4648 1609 4698 61
1627 4613 1799 4698 Pharisaei
1828 4633 2043 4716 collegerunt,
2073 4632 2209 4698 consilia
2231 4631 2272 4697 de
2294 4633 2400 4695 inter·

397 4737 449 4800 sui
476 4738 542 4801 sint
574 4738 608 4822 (2
633 4738 715 4806 rim.
736 4744 765 4820 2,
789 4743 859 4826 19),
888 4728 1055 4808 interdum
1087 4745 1187 4809 etiam
1219 4744 1372 4809 ecclesiae
1424 4744 1563 4810 ficiendo
1589 4744 1721 4810 Christo
1750 4746 1912 4826 captaturi
1939 4743 2067 4828 (Ioann.
2096 4748 2149 4823 12,
2182 4742 2257 4828 10)?
2307 4744 2401 4807 Eant

397 4868 476 4913 suae
502 4851 696 4917 exteriorem
722 4854 874 4918 notitiam
899 4856 939 4920 ab
967 4855 1138 4920 hominum
1158 4862 1290 4938 aspectu
1313 4877 1372 4920 au·
1425 4877 1528 4934 nunc,
1562 4856 1597 4919 in
1619 4863 1756 4921 externa
1782 4855 1875 4920 larva
1903 4856 2075 4935 haereant,
2109 4862 2147 4919 ut
2174 4853 2345 4919 Christum
2365 4861 2401 4919 et

328 4975 331 4980 ’
373 4959 492 5059 'ferat‘
533 4960 604 5036 Est,
627 4962 737 5042 fateor,
760 4965 925 5031 horribilis
946 4967 1004 5031 illa
1024 4966 1089 5031 Dei
1110 4967 1255 5032 vindicta
1273 4988 1372 5050 super
1424 4988 1536 5032 omnes
1563 4968 1629 5032 Dei
1656 4968 1831 5050 prophetas
1852 4968 1973 5032 faciant
2001 4967 2223 5032 schismaticos
2230 4990 2238 5046 3
2265 4973 2401 5030 satanae

397 5075 536 5147 terram,
566 5069 623 5137 sed
645 5073 672 5135 si
694 5075 741 5138 ita
761 5093 906 5142 meretur
934 5078 1105 5142 hominum
1127 5079 1290 5160 impietas,
1314 5100 1372 5143 cur
1425 5099 1558 5142 rursum
1595 5079 1763 5143 ministros
1800 5079 1922 5143 faciant
1959 5079 2094 5160 spiritus
2127 5077 2232 5143 sancti
2264 5097 2398 5159 organa.

397 5181 480 5245 istae
508 5182 573 5246 Dei
602 5184 720 5248 ultioni
748 5186 902 5254 obsistere
928 5189 1088 5255 nitimur?
1135 5188 1191 5255 Sic
1214 5191 1371 5254 anteactis
1426 5188 1524 5269 Quod
1541 5190 1569 5252 si
1587 5211 1627 5254 ex
1645 5189 1754 5254 animo
1771 5190 1960 5272 loquuntur,
1979 5187 2196 5272 respondeant
2212 5188 2296 5252 mihi
2313 5189 2401 5253 bona

349 5318 358 5328 ·
398 5292 536 5359 saeculis
569 5293 733 5360 Dominus
771 5297 939 5364 hominum
977 5300 1252 5385 ingratitudinem
1283 5302 1372 5365 ultus
1424 5300 1498 5379 fide,
1521 5301 1655 5366 ubinam
1677 5301 1824 5384 gentium
1843 5323 1881 5366 ac
1903 5301 2049 5366 locorum
2066 5301 2235 5366 eeclesiam
2257 5286 2400 5364 residere

399 5414 457 5469 est.
501 5405 588 5470 Nam
611 5407 687 5488 quia
708 5409 840 5472 veritati
867 5431 945 5475 suae
966 5411 1095 5478 obedire
1123 5412 1310 5492 noluerant,
1340 5418 1373 5476 et
1426 5412 1622 5491 existiment,
1645 5411 2401 5495 61666166111611616661611111661616116166·

1426 5529 1478 5587 tus
1500 5530 1533 5587 et
1555 5523 1721 5589 abdicatus
1743 5533 1793 5589 est
1812 5525 2004 5608 pontificatu
2022 5523 2202 5607 Eugenius,
2224 5522 2420 5606 subrogato

469 5641 618 5713 1)(1611111
634 5646 809 5699 Auxentium.
1426 5637 1462 5699 in
1483 5635 1553 5700 eius
1573 5636 1682 5702 locum
1698 5635 1885 5704 Amedaeo?
1919 5636 2058 5720 Negare,
2076 5634 2129 5700 vel
2149 5634 2177 5699 si
2194 5640 2400 5716 rumpantur,
