5600 6809
431 773 512 835 1097
767 770 857 835 LIB.
880 769 941 834 IV.
985 770 1049 834 DE
1072 767 1309 835 exaustas
1331 767 1498 836 MEDIIS
1521 771 1586 836 AD
1609 768 1841 838 SALUTEM
1885 771 1985 838 off.
2007 770 2088 838 XX.
2233 786 2237 795 '
2353 777 2435 842 1098

428 957 533 1025 dictae
543 957 609 1023 Dei
630 965 856 1040 exsequuntur
873 959 908 1022 iu
926 957 1008 1036 dolo,
1028 956 1134 1022 multo
1153 958 1287 1041 gravius
1304 958 1407 1022 male-
1463 962 1511 1037 13,
1534 957 1567 1043 1)
1589 980 1656 1023 uon
1677 980 1748 1025 esse
1769 965 1963 1042 potestatem
1986 961 2049 1025 nisi
2069 959 2193 1041 aDeo;
2216 968 2350 1045 atquae
2367 983 2437 1029 om·

429 1045 501 1123 dici,
524 1045 580 1127 qui
602 1045 637 1107 in
654 1045 742 1109 iusta
768 1045 938 1109 vocatione
966 1043 1192 1108 fraudulenter
1219 1051 1405 1108 versantur.
1460 1045 1552 1109 nium
1574 1044 1711 1109 minime
1729 1045 1902 1124 arridebat,
1926 1046 2045 1111 eximio
2063 1067 2143 1129 prae
2161 1047 2233 1113 aliis
2250 1047 2437 1117 testimonio

428 1131 544 1213 Itaque
567 1151 667 1213 quum
690 1150 767 1194 suos
787 1130 911 1194 iudices
929 1128 972 1193 ad
989 1131 1133 1194 officium
1155 1128 1318 1194 cohortari
1337 1129 1407 1195 vel·
1460 1130 1687 1195 commendata
1708 1140 1773 1208 est,
1796 1152 1913 1214 nempe
1941 1132 2039 1198 unius
2065 1138 2224 1215 potestas;
2257 1155 2340 1216 qnae
2361 1134 2439 1218 qnia

428 1216 497 1281 lent
524 1216 635 1281 Moses
657 1222 690 1280 et
711 1215 882 1298 Iosaphnt,
912 1215 997 1279 nihil
1027 1215 1215 1279 habuerunt
1243 1216 1407 1280 efficacius
1459 1215 1623 1299 publicam
1656 1219 1802 1281 omnium
1838 1218 2027 1282 servitutem
2058 1240 2167 1284 secum
2195 1220 2273 1298 fert,
2302 1227 2438 1304 excepto

429 1322 493 1384 qno
515 1302 649 1365 illorum
670 1302 797 1366 animos
818 1302 994 1378 afficerent,
1017 1322 1116 1383 qnam
1139 1300 1331 1384 quodprius
1353 1321 1406 1365 re-
1459 1322 1526 1366 nno
1554 1302 1611 1366 illo
1640 1304 1733 1368 cuins
1759 1301 1890 1367 libidini
1913 1304 2023 1368 omnia
2055 1305 2199 1383 subiicit,
2235 1305 2376 1372 heroicis
2404 1313 2439 1371 ot

429 1388 565 1452 tulimus
584 1387 696 1472 (Deut.
720 1390 815 1464 1,16;
835 1390 853 1449 2
872 1388 948 1453 Par.
972 1390 1086 1471 19,6):
1105 1385 1310 1468 videtequid
1328 1407 1407 1469 aga-
1461 1387 1745 1453 excellentioribus
1777 1389 1919 1472 ingeniis
1945 1390 2056 1456 minus
2084 1389 2162 1454 olim
2184 1391 2359 1473 approbari
2379 1413 2438 1475 po·

429 1474 472 1537 tis
479 1497 487 1551 ;
517 1495 583 1537 nen
606 1475 693 1537 enim
715 1493 775 1555 pro
797 1472 930 1537 homine
958 1471 1118 1537 exercetis
1146 1471 1319 1550 indicium,
1349 1471 1408 1537 sed
1460 1474 1531 1538 tuit
1576 1475 1624 1537 At
1645 1474 1817 1556 scriptura,
1840 1493 1905 1557 quo
1927 1475 2048 1557 iniquis
2076 1476 2149 1541 istis
2174 1476 2303 1543 iudiciis
2324 1496 2438 1545 ocolu-

429 1580 489 1642 pro
509 1560 597 1637 Deo,
621 1560 740 1641 quippe
758 1559 814 1641 qui
835 1560 930 1622 iuxta
952 1579 1011 1623 vos
1032 1558 1139 1622 estin
1161 1578 1260 1623 causa
1280 1557 1407 1636 iudicii;
1460 1566 1520 1636 rat,
1545 1558 1675 1624 divinae
1693 1561 1872 1643 sapientiae
1894 1561 2135 1643 providentiam
2152 1583 2222 1627 esse
2243 1562 2439 1629 nominatim

430 1667 519 1710 nunc
540 1644 643 1728 igitur
665 1645 709 1709 sit
731 1665 833 1727 pavor
854 1645 990 1709 Domini
1013 1665 1113 1727 super
1134 1664 1210 1723 vos,
1232 1643 1349 1722 videte,
1374 1650 1408 1708 et
1460 1645 1604 1710 affirmat
1631 1645 1719 1728 quod
1740 1666 1834 1729 reges
1856 1656 2012 1729 regnant,
2036 1655 2070 1711 et
2090 1647 2300 1731 peculiariter
2324 1670 2361 1715 re

431 1732 532 1814 agite,
560 1732 713 1814 quoniam
741 1751 810 1794 uon
830 1737 880 1795 ost
902 1729 971 1794 ulla
998 1730 1197 1813 perversitas
1224 1729 1311 1812 apud
1337 1731 1408 1794 Do·
1460 1731 1615 1795 honorari
1635 1732 1795 1816 praecipit
1816 1731 1928 1816 (Prov.
1949 1735 1978 1811 8,
2001 1736 2053 1811 15;
2080 1734 2204 1799 lPetr.
2224 1737 2253 1812 2,
2276 1734 2339 1820 11).
2383 1774 2385 1779 -

429 1817 556 1881 minum
583 1816 694 1881 Deum
722 1822 881 1881 nostrum.
926 1816 972 1882 Et
993 1815 1057 1880 alio
1078 1815 1149 1881 loco
1172 1815 1274 1899 (Psal.
1295 1819 1351 1894 82,
1374 1814 1407 1900 1)
1547 1820 1576 1880 8.
1593 1886 1603 1905 „
1620 1816 1667 1880 Et
1687 1837 1766 1882 sane
1788 1816 1885 1883 valde
1913 1819 2054 1883 otiosum
2083 1826 2184 1897 esset,
2213 1821 2286 1902 quis
2306 1820 2438 1903 potissi·

431 1902 565 1981 dicitur,
592 1900 703 1967 Deum
731 1903 859 1967 stetisse
886 1901 923 1964 in
950 1921 1118 1986 synagoga
1145 1901 1295 1979 deorum,
1319 1908 1352 1965 et
1372 1902 1408 1965 in
1460 1923 1534 1967 mus
1556 1903 1600 1966 sit
1619 1902 1752 1985 politiae
1772 1904 1806 1967 in
1825 1924 1863 1967 eo
1884 1923 1948 1986 quo
1966 1904 2084 1969 vivunt
2105 1905 2184 1983 loco,
2206 1906 2342 1970 futurus
2370 1912 2439 1973 sta·
2522 1968 2531 1985 ,

430 1988 538 2054 medio
561 1988 697 2053 deorum
719 1987 858 2053 iudicem
884 2008 994 2071 agere;
1023 2008 1086 2069 quo
1107 1987 1149 2051 ad
1171 1987 1312 2051 officium
1337 1987 1408 2051 ani·
1460 1994 1524 2066 tus,
1548 2009 1568 2052 a
1589 1988 1726 2070 privatis
1748 1988 1936 2054 hominibus
1958 1988 2133 2071 disputari:
2156 1991 2274 2073 quibus
2297 1991 2337 2056 de
2359 2011 2438 2057 eon·

410 2072 566 2139 'menter
587 2073 666 2138 dum
688 2071 827 2138 andiunt
848 2071 913 2137 Dei
932 2094 968 2138 se
984 2073 1110 2156 legatos
1130 2093 1210 2149 esse,
1229 2074 1282 2138 cni
1303 2072 1408 2137 admi-
1460 2073 1627 2138 stituenda
1658 2095 1695 2138 re
1724 2074 1833 2156 aliqua
1864 2074 1996 2157 publica
2035 2075 2215 2142 deliberare
2252 2097 2319 2142 non
2351 2076 2436 2144 licet

431 2161 589 2225 mstram
606 2161 794 2242 provinciae
811 2160 973 2223 rationem
990 2159 1163 2240 atquem)
1178 2159 1307 2224 reddere
1321 2178 1409 2240 oper·
1461 2159 1545 2223 Tum
1574 2159 1673 2223 etiam
1704 2160 1895 2243 simpliciter
1916 2160 1949 2225 id
1973 2160 2102 2226 definiri
2129 2163 2193 2227 nisi
2220 2168 2344 2229 temere
2369 2185 2437 2228 nou

431 2251 494 2311 teet
511 2247 588 2332 (Ies.
609 2249 637 2323 3,
661 2246 723 2329 14).
751 2246 798 2309 Et
814 2245 932 2309 merite
950 2244 1038 2333 apud
1055 2265 1110 2309 eos
1127 2243 1307 2327 plurimum
1326 2245 1408 2310 haec
1459 2251 1584 2329 posset,
1616 2266 1719 2327 quum
1746 2267 1868 2330 magna
1894 2246 1993 2311 huius
2029 2247 2260 2331 disputationis
2290 2250 2375 2314 ratio
2401 2250 2438 2315 in

432 2331 610 2397 admonitio
636 2329 746 2396 valere
775 2330 879 2395 debet.
929 2331 1018 2395 Nam
1045 2329 1174 2413 siquid
1203 2331 1406 2413 delinquunt,
1460 2332 1713 2396 circumstantiis
1739 2333 1847 2414 posita
1875 2333 1925 2397 sit.
1969 2332 2016 2397 Et
2038 2333 2066 2398 si
2088 2333 2176 2417 ipsos
2202 2335 2302 2398 etiam
2320 2341 2438 2419 status,

432 2438 500 2482 non
521 2417 709 2482 hominibus
727 2417 823 2481 modo
846 2423 925 2481 sunt
946 2417 1057 2481 iniurii
1074 2437 1155 2498 quos
1177 2416 1333 2482 scelerate
1350 2437 1408 2482 ve·
1460 2417 1543 2481 citra
1569 2417 1847 2496 circumstantias,
1866 2418 1955 2483 inter
1982 2439 2017 2482 se
2044 2438 2225 2502 compares,
2248 2440 2316 2484 nou
2342 2421 2437 2486 facile

431 2510 529 2583 xant,
564 2503 621 2568 sed
653 2503 688 2567 in
720 2504 830 2568 Deum
863 2522 992 2585 qnoque
1024 2502 1134 2584 ipsum
1172 2502 1407 2581 contumeliosi,
1460 2503 1505 2567 sit
1527 2500 1711 2567 discernam
1732 2504 1805 2585 quis
1827 2504 1968 2569 utilitate
2000 2504 2255 2587 praeponderet,
2278 2503 2359 2570 adeo
2381 2527 2436 2571 ae-

431 2589 523 2654 onius
545 2596 752 2655 sacrosancta
773 2588 892 2653 iudicia
910 2587 1070 2671 polluunt
1115 2587 1264 2652 Rursum
1285 2586 1409 2653 habent
1460 2588 1533 2670 quis
1549 2587 1790 2653 conditionibus
1808 2589 2016 2655 contendunt.
2049 2590 2211 2656 Proclivis
2228 2596 2279 2656 est
2296 2613 2316 2656 a
2332 2611 2436 2676 reguo

431 2681 465 2739 et
485 2675 573 2740 unde
595 2696 630 2740 se
650 2674 816 2756 praeclare
838 2674 1054 2752 consolentur,
1079 2673 1157 2738 dum
1179 2694 1290 2740 secum
1310 2695 1408 2756 repu-
1460 2674 1496 2738 in
1517 2673 1729 2757 tyrannidem
1754 2675 1880 2759 lapsus;
1909 2675 1968 2739 sed
1988 2695 2056 2740 non
2078 2675 2182 2741 multo
2210 2674 2374 2742 difficilior
2394 2678 2436 2744 ab

390 2804 408 2823 ..
429 2767 513 2840 tant,
536 2781 603 2826 non
624 2762 660 2825 in
681 2760 836 2843 profanis,
858 2781 919 2824 uec
941 2779 961 2822 a
983 2780 1078 2824 servo
1089 2761 1154 2824 Dei
1176 2760 1290 2825 alienis
1312 2781 1408 2825 occu·
1461 2760 1657 2842 optimutnm
1679 2765 1840 2842 potestate
1857 2761 1893 2824 iu
1914 2781 2095 2843 paucorum
2122 2762 2311 2842 metium,
2330 2762 2436 2828 multo

431 2846 661 2928 patiombusso
674 2845 808 2923 versari,
827 2844 884 2911 sed
901 2845 1105 2910 sanctissimo
1123 2866 1269 2924 munere,
1287 2847 1409 2930 quippe
1460 2866 1538 2911 vero
1563 2845 1754 2923 facillimus,
1778 2867 1798 2910 a
1818 2845 1968 2928 populari
2001 2846 2221 2911 dominatione
2247 2848 2283 2911 in
2305 2848 2436 2914 seditio·

430 2934 485 3015 qui
507 2933 571 2998 Dei
592 2933 755 3015 legatione
776 2932 969 3015 funguntur.
1460 2953 1546 2996 nem.
1595 2929 1757 3013 Equidem
1785 2932 1814 2996 si
1842 2933 1878 2995 in
1906 2953 1941 2996 se
1968 2931 2215 2997 considerentur
2248 2940 2316 2997 tres
2348 2934 2434 3015 illae,

518 3024 545 3082 7.
591 3017 659 3100 Qui
680 3038 759 3084 vero
787 3039 852 3081 uon
869 3023 1047 3082 moventur
1067 3023 1117 3080 tot
1138 3018 1320 3101 scripturae
1341 3023 1408 3082 tes·
1459 3037 1541 3099 quas
1561 3022 1690 3100 ponunt
1709 3016 1910 3100 philosophi,
1940 3017 2109 3100 regiminis
2136 3018 2276 3096 formae,
2298 3018 2436 3084 minime

429 3105 590 3184 timoniis,
625 3103 800 3187 quominus
840 3124 972 3175 sacrum
1003 3102 1066 3168 hoc
1105 3103 1327 3167 ministerium
1355 3103 1408 3166 in·
1459 3103 1648 3186 negaverim
1665 3103 1719 3168 vel
1737 3103 1983 3194 aristocratiam,
2002 3103 2056 3168 vel
2072 3110 2292 3186 temperatum
2309 3125 2351 3169 ex
2364 3105 2436 3188 ipsa

431 3191 548 3255 metari
570 3190 690 3267 ausint,
713 3191 808 3271 qnasi
829 3211 901 3254 rem
919 3210 938 3253 a
955 3187 1114 3273 religione
1131 3195 1166 3253 et
1205 3189 1302 3253 ietate
1319 3188 1407 3252 chri·
1460 3195 1493 3253 et
1524 3189 1639 3272 politia
1667 3195 1806 3268 statum,
1839 3189 1913 3254 aliis
1945 3188 2096 3255 omnibus
2134 3189 2232 3273 louge
2265 3188 2434 3256 excellere.

430 3276 537 3340 stiana
558 3276 806 3352 abhorrentem,
830 3274 909 3358 quid
930 3273 1022 3339 aliud
1044 3296 1144 3357 qnam
1199 3295 1276 3338 eum
1297 3274 1407 3357 ipsum
1461 3274 1534 3338 Non
1555 3274 1592 3340 r'd
1612 3275 1737 3356 quidem
1758 3296 1820 3356 per
1840 3295 1887 3355 ee,
1907 3275 1962 3339 sed
1989 3276 2068 3357 quie
2095 3276 2263 3340 rarissime
2290 3275 2436 3360 watiepd

430 3361 596 3444 sugillant,
620 3361 713 3426 cuins
730 3360 911 3445 ignominia
932 3381 1009 3425 eum
1025 3360 1200 3424 ministerii
1218 3360 1269 3424 sni
1286 3359 1407 3443 probro
1458 3380 1545 3444 repes
1571 3362 1618 3424 ito
1649 3359 1712 3425 eibi
1738 3361 1906 3440 moderari,
1927 3365 1963 3425 at
1982 3381 2147 3443 nunquam
2165 3382 2187 3425 o
2207 3362 2289 3426 iaste
2309 3367 2338 3426 d
2356 3366 2436 3429 recto

429 3469 497 3513 non
525 3467 597 3512 esse
624 3447 798 3512 coniuncta
830 3467 897 3511 non
912 3447 1050 3595 potest?
1099 3448 1150 3511 Ac
1176 3466 1310 3528 prorsus
1337 3466 1406 3510 nou
1458 3447 1611 3527 diseepet
1626 3466 1734 3511 eorum
1750 3447 1911 3527 ostentm,-
1930 3446 2041 3512 deinde
2056 3452 2140 3512 tent
2157 3447 2300 3512 enemim
2316 3451 2345 3511 et
2355 3467 2436 3528 pra·

430 3533 642 3618 magistratus
662 3533 853 3615 reprobant,
876 3553 911 3597 se
954 3533 1066 3597 Deum
1094 3531 1264 3612 abiiciunt,
1286 3553 1328 3596 ue
1350 3553 1405 3597 su·
1457 3533 1567 3597 dentio
1588 3533 1753 3598 iastmctos
1773 3552 1847 3612 esse,
1869 3539 1905 3597 ut
1925 3534 2141 3614 unusquisque
2161 3533 2264 3599 videat
2284 3537 2435 3615 mum

428 3641 488 3703 per
509 3641 544 3684 sc
565 3624 690 3703 regnet
736 3617 774 3684 Si
803 3618 893 3683 enim
924 3617 1013 3683 istud
1041 3639 1118 3684 vere
1145 3614 1186 3683 de
1205 3617 1327 3701 populo
1354 3617 1406 3683 Is·
1458 3619 1541 3683 saec
1559 3624 1613 3683 est.
1648 3617 1743 3684 Fara
1763 3638 1834 3702 ergo
1854 3617 2016 3682 heminam
2035 3620 2150 3683 vitiam
2169 3618 2217 3682 eet
2237 3617 2379 3700 dffedaa
2400 3625 2436 3686 ut
2458 3692 2462 3699 ,

429 3705 498 3770 rael
520 3726 541 3770 a
561 3706 705 3770 Domino
727 3702 852 3770 dictum
874 3710 925 3768 est
944 3704 977 3788 (l
999 3702 1089 3769 Sam.
1108 3707 1144 3780 8,
1163 3703 1209 3789 1),
1233 3703 1320 3788 quod
1343 3702 1406 3769 Sa·
1458 3705 1558 3770 tetius
1574 3705 1616 3769 sit
1633 3723 1670 3768 oe
1686 3704 1790 3786 magis
1804 3703 1961 3768 wabrie
1971 3704 2084 3784 plures
2099 3709 2199 3770 terrem
2213 3704 2434 3787 nemeaea

428 3790 548 3856 mnelis
569 3791 744 3874 imperium
766 3790 1018 3855 detrectassent:
1041 3790 1098 3873 qui
1117 3791 1228 3854 minus
1249 3810 1328 3855 vere
1344 3789 1406 3855 bo-
1458 3795 1494 3854 at
1514 3789 1573 3855 otii
1594 3790 1673 3855 otiis
1692 3793 1800 3854 mrduo
1820 3789 1885 3854 sint
1905 3790 2071 3870 odirdorea
2090 3790 2216 3856 dowoat
2236 3809 2275 3854 cc
2294 3795 2437 3857 morentii

429 3875 481 3941 die
504 3877 544 3942 de
565 3879 606 3942 iis
628 3876 762 3954 dicetur,
783 3876 841 3959 qui
857 3877 893 3940 in
910 3875 1133 3960 praefecturas
1156 3897 1269 3941 omnes
1291 3897 1311 3940 a
1332 3876 1406 3940 Deo
1458 3876 1518 3940 otii
1538 3875 1627 3955 atos,
1648 3894 1686 3939 oe
1705 3875 1736 3939 ei
1757 3875 1830 3956 quir
1844 3875 1923 3958 plus
1944 3896 2041 3958 aequo
2058 3896 2092 3941 ae
2107 3877 2222 3958 efferat,
2237 3875 2352 3956 plures
2370 3878 2436 3942 cira

429 3963 597 4028 institutas
641 3961 833 4029 debacchari
864 3961 928 4027 sibi
958 3961 1179 4045 permittunt?
1223 3963 1272 4026 At
1302 3981 1406 4044 quum
1459 3962 1502 4026 cd
1533 3960 1732 4026 edendam
1762 3961 1832 4026 eae
1863 3961 2024 4026 libidinem
2053 3980 2192 4027 amores
2220 3980 2257 4025 oe
2277 3962 2432 4046 magistri

429 4048 597 4132 discipulis
619 4046 744 4114 dictum
767 4054 817 4113 est
833 4067 854 4111 a
869 4047 1013 4112 Domino
1035 4047 1132 4131 (Luc.
1152 4051 1203 4126 22,
1223 4048 1289 4146 25),
1310 4067 1406 4130 reges
1458 4044 1495 4110 ld
1516 4067 1592 4112 cum
1613 4045 1838 4129 experimento
1859 4047 1931 4129 ipso
1952 4067 2083 4130 semper
2097 4046 2161 4111 fuit
2177 4045 2433 4128 comprobatum,

428 4136 577 4218 gentium
599 4132 760 4198 dominari
781 4133 855 4211 illis,
874 4133 960 4197 inter
976 4133 1064 4216 ipsos
1082 4153 1159 4197 vero
1175 4141 1307 4197 nonita
1324 4152 1405 4211 esse,
1457 4140 1529 4197 tum
1561 4153 1623 4197 sua
1655 4151 1782 4215 quoque
1811 4133 1987 4197 autoritate
2019 4131 2184 4198 Dominus
2217 4132 2433 4214 confirmarit,

428 4221 486 4286 nbi
513 4221 569 4302 qui
595 4218 724 4303 primus
751 4219 807 4297 sit,
837 4219 909 4283 fieri
938 4218 1111 4282 minimum
1146 4225 1308 4300 oporteat,
1342 4218 1406 4284 hae
1457 4238 1558 4300 quum
1576 4217 1814 4283 aristocratiam
1836 4218 1970 4301 politiae
1990 4218 2134 4285 vicinam
2156 4237 2176 4281 a
2198 4214 2243 4279 ud
2264 4215 2433 4284 Israelitas

429 4326 509 4373 voce
531 4305 743 4371 interdictum
765 4311 815 4370 est
836 4303 1037 4370 Christianis
1065 4304 1217 4369 omnibus
1238 4325 1280 4369 ne
1302 4322 1406 4388 regua
1457 4305 1609 4384 instituit,
1628 4324 1731 4387 quum
1791 4304 1873 4368 tima
1894 4303 2081 4369 conditione
2103 4323 2158 4366 eos
2175 4237 2302 4365 babere
2322 4301 2432 4384 vellet,

429 4399 487 4456 aut
512 4391 733 4475 praefecturas
754 4396 933 4473 capessant
978 4387 1010 4454 0
1032 4387 1165 4455 dextros
1190 4389 1403 4473 interpretati
1456 4391 1549 4456 donee
1569 4390 1740 4472 imaginem
1788 4389 1882 4455 tristi
1895 4390 2078 4472 produceret
2094 4389 2129 4451 ir
2145 4386 2281 4452 Doride.
2312 4387 2430 4470 Atque,

428 4476 521 4542 Inter
542 4477 718 4560 discipulos
739 4483 812 4540 orta
828 4482 899 4540 erat
916 4476 1082 4541 contentio
1099 4475 1173 4559 quis
1190 4475 1292 4540 alium
1309 4495 1405 4558 prae·
1456 4483 1495 4540 ut
1515 4475 1657 4542 libenter
1675 4475 1782 4540 fateor
1808 4475 1935 4540 nullum
1957 4495 2029 4540 esse
2051 4471 2299 4557 gubernationis
2326 4493 2433 4556 genus

429 4562 576 4642 celleret;
606 4563 692 4629 hanc
723 4582 845 4628 vanam
872 4561 1083 4626 ambitionem
1116 4568 1156 4624 ut
1186 4568 1406 4645 compesceret
1456 4562 1519 4627 isto
1539 4561 1675 4640 beatius,
1698 4559 1756 4626 ubi
1777 4561 1912 4627 lssrertas
1933 4558 1974 4624 ad
1996 4580 2068 4624 eam
2112 4577 2190 4622 uam
2212 4557 2305 4622 decet
2319 4558 2431 4625 mode-

428 4646 606 4726 Domiuus,
626 4668 740 4713 eorum
756 4648 979 4712 ministerium
995 4668 1062 4712 non
1079 4666 1150 4712 esse
1168 4647 1280 4731 regnis
1297 4647 1406 4713 simile
1456 4649 1618 4712 rationem
1649 4653 1701 4712 est
1731 4647 1925 4729 composita,
1952 4651 1986 4707 et
2013 4643 2055 4708 ad
2079 4637 2085 4661 ¹
2111 4643 2337 4708 ‘nturnitatem
2368 4644 2432 4711 rite

429 4733 546 4810 docuit,
568 4733 603 4796 in
624 4734 743 4814 quibus
763 4735 851 4798 inter
872 4741 1015 4799 caeteros
1038 4755 1124 4798 unus
1145 4733 1274 4798 eminet
1308 4731 1405 4814 Quae
1457 4733 1642 4810 constituta,
1661 4732 1708 4799 sic
1725 4739 1758 4797 et
1774 4731 1979 4798 beatissimos
2000 4749 2116 4794 censeo
2133 4727 2253 4809 quibus
2269 4729 2331 4794 hec
2353 4748 2432 4795 con·

428 4818 566 4895 collatio,
590 4817 668 4899 quid
689 4840 808 4900 quaeso
830 4818 872 4884 ad
893 4820 1110 4904 ignominiam
1132 4820 1244 4903 regiae
1261 4819 1405 4903 digniter
1457 4818 1580 4885 ditione
1607 4820 1672 4884 frui
1697 4818 1786 4896 licet;
1816 4814 1899 4881 etsi
1920 4815 1955 4878 iu
1977 4834 2017 4878 ea
2035 4813 2259 4879 conservanda
2286 4815 2431 4880 retinen·

362 4932 365 4943 ·
429 4905 472 4968 tis
489 4902 587 4969 facit?
606 4903 672 4966 imo
684 4903 763 4984 quid
773 4906 905 4970 omniuo
917 4907 1047 4983 evincit,
1065 4904 1270 4989 nisiregium
1280 4924 1405 4970 munus
1457 4904 1564 4989 daque
1588 4913 1724 4970 strenue
1745 4922 1783 4966 ac
1805 4907 1993 4966 constanter
2020 4898 2186 4978 laborant,
2208 4920 2264 4965 eos
2285 4899 2371 4964 nibil
2390 4899 2432 4965 ab

429 4988 639 5072 apostolicum
661 5007 729 5051 non
751 5009 821 5052 esse
842 4991 1083 5056 ministerium?
1117 4991 1296 5057 Praeterea
1316 4991 1406 5056 iuter
1457 4992 1562 5058 officio
1594 4990 1737 5055 alienum
1779 4986 1887 5051 facere
1919 4985 2068 5050 concedo.
2112 4983 2204 5066 Quin
2235 4987 2335 5050 etiam
2366 4986 2432 5053 hnc

428 5076 516 5158 ipsos
538 5075 760 5158 magistratus,
782 5076 913 5138 tametsi
935 5077 1046 5139 variae
1067 5083 1146 5140 snut
1166 5077 1306 5157 somnae,
1329 5076 1404 5141 nul-
1457 5096 1585 5143 summa
1616 5072 1786 5155 diligentia
1817 5072 1936 5137 intenti
1963 5072 2176 5156 magistratus
2203 5091 2275 5138 esse
2302 5071 2429 5152 debent,

428 5161 498 5225 lum
516 5168 626 5225 tamon
649 5158 824 5223 discrimen
846 5157 908 5224 hac
925 5159 960 5221 in
1001 5167 1071 5222 arte
1089 5167 1147 5236 est,
1165 5164 1246 5242 quin
1263 5183 1322 5244 pro
1339 5162 1404 5226 Dei
1456 5186 1499 5229 ne
1527 5181 1591 5243 qua
1617 5159 1652 5221 in
1677 5165 1770 5239 parte
1794 5157 1995 5236 libertatem,
2029 5157 2122 5223 cuius
2154 5157 2320 5241 praesides
2353 5164 2431 5223 sunt

428 5245 597 5311 ordinibus
615 5242 839 5326 suspiciendae
852 5242 876 5325 ¹)
898 5180 1239 5309 anobisomnessint
1273 5247 1405 5310 Namet
1457 5244 1642 5320 constituti,
1669 5242 1790 5322 minui,
1820 5243 1942 5308 nedum
1969 5243 2088 5312 violari
2112 5245 2289 5327 patiantur.
2334 5240 2430 5307 siin

356 5334 361 5349 “
429 5353 541 5398 omnes
563 5330 661 5395 simul
683 5329 908 5412 complectitur
933 5328 1077 5406 Paulus,
1099 5349 1201 5410 quum
1224 5330 1270 5393 ait
1291 5331 1401 5414 (Rom.
1456 5353 1495 5398 eo
1516 5335 1596 5395 sunt
1616 5329 1784 5413 segniores
1806 5337 1839 5393 et
1858 5349 1977 5412 parum
1998 5328 2138 5407 solliciti,
2160 5328 2277 5413 perfidi
2298 5327 2429 5394 suntin

1456 5415 1562 5483 officio
1593 5423 1628 5479 et
1654 5415 1780 5497 patriae
1812 5437 1891 5481 suae
1921 5413 2114 5500 proditores
2158 5414 2286 5478 Verum
2314 5414 2342 5478 si
2366 5413 2429 5481 hoo

1455 5503 1564 5585 ipsum
1597 5499 1640 5565 ad
1666 5522 1702 5566 se
1731 5501 1948 5581 transferant,
1981 5501 2100 5584 quibus
2131 5497 2297 5564 Dominus
2328 5498 2429 5564 aliam

333 5622 337 5631 .
498 5623 527 5689 1)
545 5621 731 5691 mmm„
743 5617 813 5673 leto
828 5635 898 5700 ⁸⁶45·
916 5633 1007 5700 om,
1024 5633 1080 5674 m,
1097 5614 1280 5699 ΜΝ,
1307 5618 1401 5674 Μ
1456 5587 1703 5687 gubernationis
1723 5587 1865 5670 speciem
1885 5585 2049 5687 attribuit,
2071 5591 2110 5650 nt
2129 5584 2206 5650 iude
2223 5583 2266 5650 ad
2282 5605 2428 5650 eommu-

429 5689 498 5746 1569
515 5694 545 5746 in
562 5698 645 5766 gata,
663 5705 756 5744 emm
773 5690 804 5742 in
821 5689 915 5742 liram
926 5703 1051 5758 menae
1065 5700 1166 5755 supr.
1455 5680 1615 5738 &nonem
1636 5672 1853 5757 expetendam
1874 5672 2105 5751 solllcitenmr,
2124 5691 2192 5736 non
2212 5669 2309 5735 modo
2328 5669 2429 5735 stulte
