5600 6809
404 776 467 837 487
1049 767 1315 836 msrlruulo
1338 769 1443 834 RDL.
1464 767 1644 834 OHRIST.
1670 772 1763 834 1559.
2345 773 2407 834 488

403 966 531 1044 petrata
542 959 656 1042 gratia,
679 979 793 1023 omnes
815 967 927 1023 tamen
945 957 1052 1023 adhuc
1064 959 1273 1040 perpetimur,
1295 978 1380 1038 quae
1432 978 1451 1019 0
1472 979 1541 1035 rex,
1563 958 1720 1020 iniustam
1742 964 1775 1021 et
1791 958 1970 1022 violentam
1991 957 2253 1036 dominationem,
2276 980 2409 1042 oppres·

403 1047 439 1110 in
461 1046 584 1127 peceati
612 1065 751 1127 poenam
773 1046 904 1126 parenti
931 1051 1042 1110 nostro
1070 1043 1213 1108 indictae
1240 1044 1378 1121 fuerant,
1432 1043 1504 1106 sisti
1521 1042 1671 1121 humiles,
1694 1044 1838 1124 spoliasti
1855 1064 2022 1126 pauperes,
2042 1042 2123 1107 dure
2142 1051 2176 1107 et
2195 1045 2307 1126 inique
2324 1053 2409 1109 trac-

404 1132 566 1209 miserias,
600 1131 719 1196 talibus
748 1132 1011 1196 exercitamentis
1034 1129 1202 1194 admoneri
1224 1150 1283 1193 nos
1305 1150 1379 1193 sen·
1432 1128 1510 1192 tasti
1532 1128 1688 1210 populum
1709 1135 1818 1207 tuum:
1845 1150 1903 1211 pro
1932 1130 2061 1193 iniustis
2084 1130 2322 1209 exactionibus,
2351 1151 2410 1212 pro

404 1218 505 1281 timus
538 1238 637 1300 quam
669 1218 814 1300 graviter
840 1218 913 1281 Deo
946 1216 1028 1299 legis
1056 1236 1134 1279 suae
1161 1215 1379 1299 transgressio
1432 1214 1588 1278 violentia
1609 1222 1643 1277 et
1663 1215 1871 1295 oppressione
1892 1236 1979 1280 nunc
1997 1216 2083 1279 refer
2099 1214 2356 1280 misericordiam
2379 1226 2411 1281 et

405 1302 588 1385 displiceat:
618 1323 681 1384 quo
720 1304 857 1367 miserae
890 1310 1020 1366 nostrae
1054 1301 1150 1365 sortis
1182 1300 1380 1365 conscientia
1431 1299 1600 1363 iustitiam.
1636 1298 1797 1365 Similiter
1820 1299 1977 1365 Salomon
1999 1301 2135 1364 caritate
2156 1301 2276 1383 operiri
2298 1302 2410 1366 multi·

404 1387 521 1453 deiecti
549 1396 583 1452 01
609 1388 773 1452 humiliati
803 1388 842 1452 ad
865 1409 978 1451 veram
1003 1385 1238 1451 beatitudinem
1262 1384 1379 1451 arden·
1432 1384 1580 1449 tudinem
1613 1395 1820 1467 peccatorum
1848 1387 1894 1450 ait
1922 1386 2035 1469 (Prov.
2059 1386 2205 1470 10,12);
2232 1408 2299 1451 non
2323 1388 2409 1470 apud

404 1474 471 1539 tius
510 1476 701 1557 aspiremus.
752 1472 974 1538 stultissimus
1004 1493 1081 1536 vero
1114 1473 1213 1536 fucrit
1246 1473 1275 1536 si
1307 1472 1379 1553 quis
1432 1472 1556 1548 Deum,
1590 1471 1648 1535 sed
1675 1471 1762 1536 inter
1790 1472 1939 1536 homines
1968 1473 2062 1555 ipsos.
2109 1470 2165 1537 Sic
2193 1474 2282 1538 enim
2310 1472 2410 1538 habet

405 1560 584 1625 arbitretur
622 1560 801 1641 praesentis
833 1559 920 1623 vitae
954 1558 1156 1623 calamitates
1188 1559 1224 1621 in
1255 1558 1380 1640 peccati
1432 1558 1562 1639 integer
1583 1578 1714 1621 versus:
1743 1557 1854 1621 odium
1883 1558 2004 1622 excitat
2025 1559 2262 1637 contentiones,
2291 1561 2410 1625 caritas

403 1666 526 1710 noxam
548 1666 618 1710 esse
640 1645 732 1709 nobis
754 1645 931 1726 impositas.
965 1643 1006 1708 Id
1027 1643 1109 1707 mihi
1127 1641 1258 1708 videtur
1272 1642 1381 1727 Chry·
1432 1664 1511 1708 vero
1539 1643 1643 1724 operit
1672 1651 1805 1708 cunctas
1831 1644 2029 1725 iniquitates.
2074 1642 2149 1723 Quo
2171 1666 2287 1723 versu,
2320 1667 2410 1709 more

405 1738 567 1796 sostomus
595 1730 751 1809 voluisse,
781 1751 883 1812 quum
912 1731 960 1794 ita
987 1728 1129 1811 scripsit:
1145 1730 1169 1813 ¹)
1198 1729 1227 1794 si
1256 1729 1296 1793 ob
1320 1729 1381 1794 hoc
1434 1749 1506 1804 suo,
1529 1749 1589 1810 per
1610 1728 1806 1807 antithesin,
1833 1729 1921 1793 mala
1948 1751 2031 1812 quac
2053 1751 2095 1794 ex
2116 1729 2199 1795 odiis
2219 1743 2409 1808 nascuntur,

296 1828 298 1832 “
403 1836 524 1900 poenam
557 1817 657 1880 infert
682 1817 774 1880 Deus
806 1821 844 1879 ut
869 1817 905 1878 in
934 1815 1030 1880 malis
1059 1822 1306 1897 perseverantes
1339 1813 1380 1878 ad
1434 1836 1510 1879 cum
1531 1814 1691 1879 fructibus
1712 1815 1858 1879 caritatis
1876 1817 2009 1894 confert,
2033 1816 2067 1878 iu
2086 1814 2174 1880 hunc
2185 1838 2332 1880 sensum:
2356 1817 2412 1899 qui

404 1901 639 1985 poenitentiam
665 1908 773 1980 vocet,
808 1908 939 1965 ostensa
966 1901 1182 1983 poenitentia,
1216 1902 1381 1983 superflua
1432 1900 1519 1965 inter
1541 1921 1576 1964 se
1598 1899 1745 1978 oderunt,
1774 1900 1917 1965 vicissim
1937 1899 2098 1978 mordent,
2121 1909 2270 1984 carpunt,
2294 1923 2419 1985 expro-.

403 1989 470 2052 iam
488 1988 550 2051 erit
568 2008 679 2070 poena.
714 1985 835 2066 Quare,
858 1994 956 2068 prout
976 1987 1232 2068 uniuscuiusque
1249 1987 1380 2069 iugenio
1433 1986 1538 2062 brant,
1561 1986 1716 2064 lacerant,
1739 1986 1848 2049 omnia
1869 1987 1949 2050 vitio
1971 1993 2121 2065 vertunt;
2144 1998 2277 2052 atvero
2299 1989 2354 2069 qui
2376 2009 2411 2052 sc

403 2072 557 2157 expedire
590 2074 698 2151 norit,
731 2075 778 2136 ita
806 2073 895 2135 huno
921 2072 1038 2136 maiori
1064 2073 1253 2154 asperitate,
1286 2072 1381 2135 illum
1433 2071 1585 2155 diligunt,
1606 2071 1711 2135 multa
1727 2070 1815 2135 inter
1835 2092 1869 2136 se
1886 2079 2001 2135 mutuo
2014 2071 2230 2152 dissimulant,
2251 2071 2293 2137 ad
2305 2073 2410 2137 multa

402 2159 594 2242 benigniore
627 2166 748 2223 tractat
779 2157 992 2240 indulgentia.
1049 2157 1161 2238 Itaque
1191 2159 1245 2221 ahi
1277 2159 1381 2222 docere
1433 2158 1617 2235 connivent,
1636 2156 1741 2220 multa
1758 2157 1901 2222 vicissim
1920 2157 2118 2222 condonant:
2137 2178 2205 2222 uon
2222 2158 2308 2240 quad
2327 2158 2410 2222 alter

401 2246 469 2309 cult
494 2266 527 2309 sc
552 2265 613 2308 nan
634 2265 699 2308 csse
721 2245 756 2306 in
772 2245 883 2324 pontis
904 2243 1065 2326 ecipcradis
1086 2244 1298 2321 immodicam,
1328 2264 1380 2307 ea·
1433 2242 1568 2306 alterius
1589 2243 1671 2307 vitia
1692 2243 1815 2324 probet,
1839 2242 1895 2307 sed
1914 2243 2041 2322 tolerat,
2064 2251 2098 2308 ct
2116 2242 2322 2309 admonendo
2341 2265 2408 2307 me·

396 2331 529 2411 probrat
554 2330 634 2393 darc
656 2333 684 2393 et
704 2328 853 2393 obstinato
868 2329 1002 2409 papale,
1028 2329 1108 2408 qnod
1124 2349 1297 2410 percussus
1318 2349 1380 2393 nen
1432 2326 1541 2406 detur,
1573 2328 1683 2410 potius
1715 2349 1814 2410 quam
1843 2328 2032 2393 insectando
2065 2330 2238 2395 exulceret.
2283 2329 2410 2393 Eodem

401 2421 505 2480 tamen
530 2416 630 2496 faciat
654 2413 747 2494 finem
768 2414 923 2495 peccandi
944 2414 1022 2497 (Ier.
1046 2418 1080 2491 5,
1101 2413 1144 2496 3).
1194 2413 1262 2479 Hoc
1287 2433 1380 2478 sensa
1432 2435 1532 2479 sensu
1557 2414 1693 2478 citatum
1720 2413 1829 2477 locum
1857 2413 1945 2479 hunc
1972 2436 1992 2479 a
2019 2415 2119 2480 Petro
2141 2414 2174 2498 (l
2201 2416 2290 2480 Petr.
2315 2421 2350 2492 4,
2374 2418 2409 2493 8;

401 2502 599 2581 carcqaeritar
620 2497 692 2583 (Os.
713 2504 746 2577 7,
766 2501 818 2582 8),
855 2498 1016 2581 Ephraim
1040 2520 1104 2563 esse
1132 2501 1226 2580 qnasi
1253 2499 1379 2581 placen·
1430 2501 1528 2564 Prov.
1551 2498 1604 2576 16,
1625 2497 1659 2581 6)
1682 2499 1766 2562 nihil
1787 2500 2020 2583 ambigendum
2040 2507 2104 2578 est,
2127 2502 2190 2565 uisi
2213 2500 2410 2583 depravatae

403 2592 468 2650 tam
490 2584 529 2648 ab
550 2606 616 2649 nna
632 2589 726 2664 parte
746 2586 907 2662 torridam,
928 2584 967 2649 ah
989 2585 1087 2648 altera
1103 2590 1195 2667 parte
1216 2586 1379 2649 incoctam:
1431 2586 1584 2666 vafreque
1612 2584 1758 2649 detortae
1785 2587 1965 2668 scripturae
1994 2586 2186 2652 insimulare
2214 2609 2291 2651 eum
2318 2587 2410 2652 volu-

403 2671 482 2753 paia
513 2671 627 2734 scilicet
653 2691 713 2733 nan
740 2671 942 2751 penetrabant
967 2671 1002 2733 in
1030 2671 1152 2735 animas
1176 2671 1311 2752 ferulae,
1345 2676 1380 2734 nt
1430 2692 1514 2735 mus.
1558 2669 1623 2735 Ubi
1654 2691 1732 2734 vero
1765 2671 1987 2736 misericordia
2020 2681 2053 2736 et
2085 2673 2287 2756 benignitate
2316 2672 2410 2737 docet

403 2755 492 2821 vitiis
513 2756 640 2820 excoctis
658 2756 796 2836 popalus
817 2758 886 2835 ipsc
905 2776 1007 2835 capae
1027 2757 1134 2820 veniae
1153 2756 1246 2837 piaret.
1293 2754 1380 2821 Certe
1431 2757 1556 2840 expiari
1585 2763 1768 2838 peccatum,
1801 2777 1870 2821 non
1901 2757 2059 2842 intelligit
2089 2758 2155 2824 illis
2187 2779 2297 2824 coram
2328 2758 2409 2823 facie

404 2842 461 2923 qai
482 2843 528 2905 sic
550 2842 699 2922 loquitar,
725 2842 868 2919 ostendit,
894 2841 1028 2906 simulac
1052 2844 1182 2922 quisque
1202 2843 1378 2922 resipuerit,
1431 2842 1567 2907 Domini
1594 2843 1812 2925 compensari,
1842 2849 1879 2907 ut
1906 2843 1965 2906 tali
1993 2845 2211 2909 satisfactione
2234 2851 2370 2925 pacatus
2383 2842 2407 2926 Ι)

403 2947 437 2991 se
461 2947 533 2990 maa
551 2927 620 3009 fore
635 2926 838 3008 placabilem,
864 2927 984 3007 sibique
1005 2932 1114 2992 nostra
1129 2929 1309 3009 permensio
1330 2949 1380 2992 ccc-
1430 2929 1531 3006 Dcus,
1555 2949 1703 3009 poenam,
1724 2949 1822 3011 quam
1839 2929 1962 3010 alioqui
1979 2936 2051 2994 erat
2064 2931 2277 3013 expetiturus,
2294 2928 2406 2992 remit-

401 3012 503 3094 primi
529 3032 618 3092 qnam
651 3018 768 3077 exercet
798 3013 930 3094 ripcrem
962 3012 997 3076 in
1029 3014 1105 3078 cast'
1125 3014 1220 3079 andis
1250 3014 1379 3094 delinit,
1431 3020 1492 3092 tat;
1521 3013 1579 3078 sed
1605 3013 1759 3078 familiari
1785 3015 1967 3098 scripturae
1988 3036 2079 3080 more
2099 3015 2223 3080 indicat
2250 3013 2336 3096 quod
2357 3014 2406 3095 ip-

403 3098 456 3162 cui
486 3097 665 3162 voluntaria
697 3098 840 3162 correctio
859 3104 1035 3163 occarreret.
1090 3035 1231 3179 &nando
1266 3105 1379 3164 tamen
1431 3121 1505 3165 sum
1526 3099 1588 3165 sibi
1608 3100 1787 3182 propitium
1808 3100 1972 3183 reperturi
1993 3102 2073 3179 sint,
2102 3101 2159 3183 qui
2181 3100 2269 3166 vitiis
2290 3120 2328 3165 ac
2349 3119 2406 3162 ne·

404 3201 444 3247 ea
477 3191 527 3246 est
560 3190 672 3246 nostra
700 3183 849 3246 omnium
877 3181 1015 3249 durities
1050 3191 1084 3249 et
1119 3185 1261 3263 ruditas,
1295 3207 1378 3269 quae
1431 3186 1543 3268 quitiis
1562 3186 1725 3268 prioribus
1747 3186 1858 3250 valere
1878 3186 1986 3263 iussis,
2007 3206 2067 3268 per
2087 3186 2244 3269 pietatem
2267 3192 2300 3249 et
2321 3185 2407 3250 veri-

397 3269 610 3350 oastigatione
635 3270 671 3331 in
693 3269 886 3334 universum
914 3290 996 3352 opus
1022 3270 1157 3349 habeat,
1191 3271 1300 3336 visum
1328 3277 1379 3336 est
1429 3278 1532 3335 tatem
1555 3270 1727 3353 adipsum
1749 3278 1994 3337 convertuntur.
2039 3273 2089 3337 Ac
2111 3271 2140 3335 si
2163 3271 2300 3349 diceret,
2322 3271 2407 3333 iram

396 3352 652 3436 prudentissimo
691 3356 777 3437 patri
812 3374 926 3420 omnes
961 3356 1032 3420 sine
1067 3357 1259 3439 exceptione
1292 3378 1377 3422 com·
1428 3357 1566 3422 Domini
1584 3356 1728 3421 residere
1755 3359 1980 3441 acquiescere
2006 3357 2077 3439 eius
2102 3356 2273 3436 iudicium,
2302 3355 2359 3420 ubi
2387 3376 2407 3418 a

397 3440 491 3503 muni
525 3439 655 3523 flagello
687 3462 747 3523 per
780 3447 884 3505 totam
912 3441 1015 3506 vitem
1044 3463 1204 3508 exercere.
1251 3443 1377 3507 Mirum
1428 3444 1562 3527 flagitiis
1584 3443 1706 3507 nostris
1726 3443 1931 3525 quiescimus.
1969 3442 2035 3507 Nec
2051 3463 2122 3507 ocra
2142 3463 2271 3508 cansam
2289 3443 2404 3519 veniae,

399 3532 510 3590 autem
531 3532 580 3589 est
603 3547 663 3590 cur
684 3527 730 3590 sic
757 3527 792 3590 in
809 3549 912 3590 unum
929 3526 1069 3593 Daridis
1091 3528 1278 3611 exemplum
1296 3535 1376 3594 ocu·
1428 3529 1482 3594 sed
1497 3530 1608 3608 potins
1625 3528 1755 3602 modam
1771 3549 1863 3594 aerae
1879 3529 2088 3595 mearam
2109 3529 2262 3594 desmihit
2306 3527 2406 3591 Sicuti

395 3609 445 3676 los
473 3611 660 3690 coniiciant;
683 3617 743 3700 tot
770 3614 929 3696 exemplis
956 3634 1024 3678 non
1044 3621 1313 3696 permoveantur,
1340 3615 1375 3678 in
1425 3615 1600 3696 frequenter
1616 3615 1802 3680 denuntiant
1814 3614 1994 3696 prophetae,
2010 3614 2214 3696 fnrstraDeo
2229 3614 2405 3696 hypocritas

397 3697 514 3781 quibus
608 3697 727 3761 tuitam
756 3706 965 3780 peccatorum
998 3701 1224 3765 remissionem
1257 3700 1377 3765 licebat
1427 3702 1564 3783 inperere
1587 3699 1713 3780 fictitios
1740 3701 1825 3764 ritus
1845 3721 1909 3782 pro
1929 3700 2137 3783 poenitentia,
2164 3721 2255 3782 quem
2281 3699 2406 3765 ohaam

396 3789 549 3864 contemp
563 3783 620 3846 ari.
656 3783 797 3866 Legitur
816 3785 1009 3866 publicanus
1028 3784 1233 3850 descendisse
1256 3791 1375 3850 etern-
1428 3787 1590 3868 intepritas
1617 3805 1688 3849 cnm
1709 3786 1822 3866 officiis
1842 3786 1994 3850 caritatis.
2040 3785 2128 3850 Sicut
2149 3787 2243 3851 etiam
2265 3787 2405 3850 admonet

395 3866 450 3951 plo
472 3868 681 3947 iustificatus;
710 3890 814 3952 poena
835 3870 927 3934 nulla
949 3872 1096 3953 sequitur
1118 3871 1213 3954 (Luc.
1237 3875 1284 3949 18,
1310 3870 1373 3955 14).
1427 3876 1520 3937 anter
1541 3871 1685 3953 epistohze
1705 3872 1749 3935 aa
1770 3871 1928 3936 Hebraeos
1948 3871 2015 3956 (13,
2037 3870 2107 3952 16),
2129 3871 2356 3951 hcroeficentiam
2377 3875 2405 3934 et

396 3953 516 4018 Petrus
539 3952 649 4019 delicti
670 3955 800 4019 reniam
828 3956 970 4021 obtinuit
991 3955 1082 4105 Sibid.
1103 3960 1153 4034 22,
1175 3954 1230 4040 61)
1237 3980 1245 4034 ;
1269 3956 1374 4041 lacry·
1426 3958 1650 4021 humanitatem
1671 3957 1898 4037 cam-merdam,
1925 3951 2080 4022 aaaron
2105 3958 2263 4038 sacrificia
2279 3957 2404 4036 placere

396 4059 468 4103 mas
490 4040 574 4119 eius,
601 4041 707 4122 inquit
726 4041 974 4125 Ambrosius,²)
1010 4042 1137 4125 egimus
1144 4065 1153 4121 ;
1182 4042 1374 4108 satisfactio-
1426 4043 1503 4108 Dea.
1537 4042 1602 4107 Nee
1622 4038 2402 4128 00001000001001.2121100110),
2456 4069 2461 4076 ·

396 4145 473 4190 nem
499 4145 567 4189 non
588 4125 736 4209 legimus.
777 4128 825 4190 Et
849 4126 941 4192 audit
966 4128 1166 4214 paralyticus
1189 4125 1323 4210 (Matth.
1343 4132 1372 4208 9,
1426 4131 1516 4207 dam,
1548 4127 1741 4193 Pharisaeos
1761 4128 1961 4194 adscensus
1986 4129 2069 4210 qnod
2083 4129 2263 4211 perpendis
2284 4130 2402 4189 tentmn

396 4211 447 4295 2):
470 4231 583 4295 surge,
610 4213 824 4277 remittuntur
846 4213 907 4278 tibi
927 4220 1061 4297 peccata
1081 4220 1154 4292 tua;
1181 4233 1286 4295 poena
1307 4236 1374 4279 non
1426 4214 1540 4281 catinis
1562 4215 1670 4279 intenti
1691 4216 1795 4280 cardis
1814 4216 1999 4281 munditiem
2018 4215 2215 4297 ncplipcrent,
2241 4211 2323 4275 iahet
2343 4229 2400 4287 ecs,

395 4297 583 4380 imponitur.
624 4296 748 4363 Omnes
772 4320 855 4380 quae
876 4300 912 4362 in
935 4299 1097 4381 scriptura
1116 4319 1373 4364 commemorari·
1426 4321 1486 4384 qna
1513 4301 1620 4366 omnia
1647 4300 1767 4364 manda
1793 4303 1872 4380 sint,
1898 4300 1975 4365 dare
1995 4300 2213 4381 eleemoynas,
2241 4297 2283 4361 ad
2309 4296 2402 4359 satis·

394 4389 452 4448 tur
478 4381 711 4463 absolutiones,
747 4386 911 4467 gratuitae
946 4384 1183 4449 describuntur.
1228 4385 1283 4449 Ex
1311 4386 1373 4453 hac
1423 4386 1604 4469 saciatdnm
1624 4385 1782 4468 hortatum
1807 4387 1863 4452 sed
1888 4391 2009 4451 tantmn
2030 4386 2113 4450 docet
2133 4382 2238 4464 qualis
2256 4381 2403 4463 prahctnr

395 4468 621 4551 exemplorum
642 4470 826 4553 frequentia
850 4471 965 4553 regula
985 4471 1094 4552 potius
1116 4472 1183 4553 peti
1206 4470 1396 4552 debuerat,
1426 4472 1494 4538 Deo
1525 4472 1703 4537 mmrdities.
1757 4473 1810 4537 De
1848 4493 1929 4556 qua⁴
1949 4469 2137 4553 loquutione
2170 4466 2247 4531 alibi
2282 4473 2402 4530 tracta-

395 4574 494 4637 quarn
526 4556 566 4619 ab
599 4557 695 4621 unico
727 4555 799 4633 illa,
831 4554 919 4638 quod
951 4556 1060 4619 neseio
1093 4555 1173 4638 quid
1207 4557 1373 4640 singulare
1426 4567 1500 4623 tum
1517 4566 1576 4624 est.

395 4640 549 4705 continet.
1513 4648 1563 4709 37:
1608 4642 1778 4724 Quantum
1804 4643 1923 4708 attinet
1942 4640 1985 4706 ad
2005 4641 2113 4705 locum
2134 4639 2247 4704 Lucae
2269 4636 2314 4721 (7,
2334 4640 2400 4723 36),

482 4729 531 4790 36.
577 4725 698 4791 Daniel
721 4747 781 4791 sua
803 4726 1032 4791 exhortatione
1054 4725 1099 4810 (4,
1123 4727 1189 4811 24),
1212 4749 1277 4810 qua
1298 4751 1373 4795 sua-
1425 4752 1536 4811 nemo,
1590 4731 1626 4794 ui
1657 4727 1845 4811 parabolam
1876 4726 1943 4790 illic
1974 4747 1995 4791 a
2025 4725 2169 4790 Domino
2202 4725 2403 4807 propositam

396 4809 494 4876 debat
514 4809 794 4877 Ncbuehadneaer
826 4821 864 4877 ut
887 4820 1021 4896 peccata
1047 4835 1107 4878 sua
1133 4815 1258 4879 iustitia
1287 4816 1373 4881 redi·
1427 4838 1507 4883 sano
1528 4818 1563 4881 iu
1588 4816 1647 4880 'cic
1668 4813 1800 4897 legerit,
1828 4812 1922 4877 nobis
1949 4832 1992 4874 cx
2017 4832 2055 4876 eo
2076 4810 2333 4876 controversiam
2354 4810 2411 4873 fa:

397 4903 504 4961 meret
525 4903 558 4960 et
579 4897 764 4979 iniquitates
787 4918 864 4963 suas
873 4899 1082 4964 miseratione
1094 4921 1283 4982 pauperum,
1307 4923 1374 4970 non
1426 4905 1498 4969 ciet
1542 4900 1741 4965 Pharisaeus
1762 4896 1847 4980 apud
1869 4918 1905 4963 se
1926 4896 2097 4981 cogitabat,
2120 4916 2188 4961 non
2210 4896 2359 4979 cognosci
2382 4915 2402 4959 a

397 4979 502 5048 voluit
518 4980 703 5064 significare
719 4984 879 5049 iustitiam
897 4991 930 5049 01
945 4985 1202 5050 misericordiam
1220 5009 1291 5052 esse
1309 4988 1374 5067 Dei
1425 4989 1570 5054 Domino
1595 4983 1768 5048 mulierem
1794 5004 1893 5066 quam
1919 4989 2014 5048 tanta
2034 4982 2190 5047 facilitate
2219 4981 2261 5045 ad
2288 5001 2324 5045 10
2345 4979 2402 5044 ad·

397 5066 661 5151 propitiationem
702 5078 735 5134 et
772 5090 955 5153 poenarum
986 5071 1244 5152 redemptionem
1275 5071 1375 5157 (absit
1426 5074 1576 5138 misisset.
1622 5066 1793 5133 Sentiebat
1825 5071 1914 5134 enirn
1946 5089 2012 5133 uon
2044 5069 2144 5133 fuisse
2172 5067 2400 5143 admissurum,

398 5151 489 5218 enim
515 5158 553 5216 ut
579 5151 644 5217 alia
664 5174 810 5238 unquam
831 5157 931 5222 fuerit
952 5153 1158 5238 ἀπολύτρωσις
1179 5179 1277 5239 quam
1299 5178 1374 5223 san-
1427 5159 1456 5224 si
1476 5156 1705 5241 peccatricem,
1728 5154 1833 5237 qualis
1856 5161 1941 5233 erat,
1970 5154 2183 5239 cognovisset.
2228 5154 2338 5234 Atque
2360 5171 2401 5215 ex

399 5237 474 5323 guis
491 5238 642 5324 Christi),
665 5240 723 5307 sed
741 5241 824 5306 illud
845 5242 1014 5319 redimere,
1036 5240 1077 5304 ad
1099 5241 1248 5308 homines
1267 5244 1375 5326 potius
1426 5263 1465 5309 eo
1487 5243 1560 5308 colli
1603 5243 1747 5308 batnon
1768 5262 1839 5306 esse
1860 5239 2071 5325 prophetam,
2099 5240 2156 5323 qui
2177 5259 2254 5304 eum
2275 5238 2310 5301 in
2331 5256 2400 5298 mo-

400 5343 498 5406 quam
520 5323 563 5390 ad
583 5326 694 5391 Deum
714 5328 836 5393 retulit.
881 5328 930 5391 Ac
958 5327 986 5389 11
1008 5325 1157 5392 dixisset:
1188 5328 1372 5407 exercuisti,
1427 5327 1539 5392 dumf
1582 5329 1726 5410 'posset
1760 5326 1933 5406 Dominus,
1956 5334 1994 5391 ut
2013 5326 2227 5409 peccatricem
2246 5343 2314 5387 non
2331 5341 2401 5387 esse

1429 5504 1588 5512 ..-—--..
1599 5505 1630 5511 ..-

469 5612 499 5682 1)
516 5615 615 5669 Hamil.
634 5615 659 5670 3.
678 5616 712 5668 (10
729 5615 834 5683 provid
853 5617 888 5669 ad
906 5617 1058 5686 Stagirinm.
1129 5619 1159 5683 2)
1177 5617 1323 5674 3011146.
1341 5620 1376 5674 de
1496 5619 1527 5686 1)
1547 5618 1593 5674 Sic
1610 5620 1675 5675 lan
1691 5621 1780 5675 nostri
1795 5634 1888 5672 omnes
1903 5618 1967 5671 aar
1985 5618 2019 5671 ab
2036 5614 2401 5684 metamorphos

401 5683 549 5752 poenitent
568 5686 652 5738 Petri.
1428 5690 1557 5760 placatus,
1576 5690 1650 5758 qued
1665 5691 1776 5743 omnine
1788 5686 2007 5756 praetumidum.
