5600 6809
403 793 463 853 545
653 786 742 851 LIB.
766 785 829 850 ΙΠ.
873 785 937 850 DE
958 783 1093 852 MODO
1115 783 1465 852 PERCIPOENDAE
1488 783 1678 852 CHRISTI
1699 786 1918 854 euentu.
1962 783 2062 854 CAP.
2084 789 2147 855 XI.
2338 796 2400 858 516

402 977 503 1056 derat,
517 997 556 1041 53
573 979 649 1041 esset
663 973 821 1055 perfectus
837 973 1033 1061 redemptor?
1070 972 1171 1054 Atqui
1187 972 1270 1038 uihil
1286 973 1376 1038 aliud
1427 972 1602 1054 loquutum,
1628 974 1694 1039 5535
1718 979 1753 1038 ut
1775 974 1911 1040 Iudaeos
1932 974 2055 1041 uiribus
2074 979 2145 1042 suis
2163 978 2260 1061 fretos
2280 982 2403 1046 335555-

400 1063 497 1126 ooluit
516 1061 677 1143 propheta,
698 1080 793 1141 quam
808 1057 914 1122 Deum
935 1064 1025 1123 33553
1046 1079 1079 1124 33
1099 1058 1181 1122 uihil
1202 1063 1376 1123 mutuatum
1428 1064 1513 1138 53535,
1532 1059 1622 1123 stulte
1641 1059 1704 1124 3555
1721 1081 1885 1144 555335333
1902 1061 2066 1141 5535555555,
2088 1085 2185 1143 quum
2203 1066 2288 1130 35533
2312 1065 2401 1131 Chri·

401 1168 478 1226 3333,
508 1168 602 1228 aeque
621 1146 722 1227 fuisse
743 1144 807 1209 ullo
828 1144 968 1208 35535555
989 1145 1134 1209 adiutum
1154 1145 1197 1209 ad
1218 1165 1275 1210 353
1295 1144 1377 1209 redi·
1427 1144 1469 1207 sti
1490 1146 1623 1225 spiritus
1650 1166 1719 1209 eam
1739 1147 1827 1212 53553
1848 1146 1998 1225 mutuat,
2025 1168 2087 1211 335
2107 1150 2248 1214 studium
2271 1172 2310 1216 33
2326 1173 2402 1233 pro-

401 1235 535 1298 5535533.
584 1232 670 1312 Quod
697 1230 774 1294 55553
802 1230 903 1293 535553
930 1227 1059 1294 55355535
1086 1231 1222 1312 35353555
1252 1229 1376 1295 Paulus
1422 1230 1498 1311 prio
1519 1235 1652 1294 5353533
1672 1236 1763 1295 uictu.
1808 1231 1908 1311 Atqui
1934 1251 1995 1295 333.
2021 1233 2179 1299 observarit
2199 1238 2234 1300 55
2255 1238 2403 1303 ammae

402 1319 509 1402 (Rom.
531 1322 564 1395 3,
585 1316 656 1401 25),
690 1316 821 1380 35535353
851 1315 938 1379 55553
967 1316 1089 1380 5555333
1115 1317 1150 1379 55
1177 1317 1376 1379 5353355555
1427 1315 1538 1397 5335553
1559 1320 1587 1379 35
1608 1316 1798 1399 3333355533
1814 1317 1960 1394 iustitiae,
1983 1337 2078 1398 quam
2100 1319 2178 1384 55555
2201 1319 2325 1387 Paulus
2346 1324 2402 1388 ad·

400 1424 476 1468 3533
497 1404 644 1467 53355533.
691 1399 752 1466 Sed
773 1401 827 1464 hoc
848 1400 977 1464 53535553
998 1401 1204 1481 3335553535
1225 1401 1302 1464 alibi
1324 1402 1375 1466 do
1427 1401 1513 1464 ducit
1534 1400 1623 1485 (Gal.
1645 1405 1673 1479 3,
1698 1406 1745 1465 11.
1769 1401 1832 1483 12),
1854 1403 1978 1466 excludi
1995 1404 2145 1483 quaelihet
2161 1426 2263 1487 opera
2286 1414 2314 1472 et
2330 1429 2402 1491 quo

400 1493 458 1567 cet,
485 1510 542 1553 533
562 1488 659 1552 33553
679 1487 815 1550 hominis
835 1485 1004 1550 3535535553
1028 1488 1127 1550 iustos
1147 1506 1212 1551 esse
1234 1482 1324 1570 (ibid.
1345 1489 1373 1565 5,
1427 1505 1545 1566 535353
1577 1491 1723 1550 35535535
1752 1486 1848 1550 titulo.
1898 1485 1995 1552 Docet
2024 1491 2108 1554 35555
2138 1492 2294 1556 iustitiam
2326 1495 2403 1576 lepis

404 1574 467 1657 19).
517 1573 661 1654 Denique
693 1572 837 1653 quisquis
867 1570 1022 1651 duplicem
1053 1573 1208 1635 iustitiam
1239 1572 1375 1651 iuuoluit,
1427 1570 1507 1634 haue
1528 1591 1605 1649 3333,
1628 1576 1662 1634 ut
1677 1572 1815 1636 'salutem
1835 1570 1980 1651 35553335,
2002 1575 2057 1654 335
2072 1578 2232 1656 praestitit
2251 1579 2333 1659 3535
2354 1579 2403 1644 535

401 1680 439 1723 53
463 1659 622 1740 quieseant
649 1659 782 1722 miserae
809 1657 933 1721 auimoe
961 1658 997 1720 iu
1024 1678 1113 1721 mera
1139 1663 1167 1721 35
1193 1659 1288 1722 33555
1311 1656 1376 1722 Dei
1428 1657 1523 1736 iuhet,·
1550 1657 1707 1721 iustitiam
1727 1677 1798 1721 5353
1816 1656 1905 1736 fidei,
1930 1658 1961 1720 si
1982 1660 2136 1725 oredimus
2159 1662 2318 1727 Christum
2338 1685 2403 1729 3333

400 1744 632 1823 misericordia,
656 1741 816 1808 Christum
836 1742 983 1824 implexis
1004 1743 1107 1825 355353
1123 1765 1184 1825 per
1204 1743 1377 1807 ludibrium
1427 1747 1584 1806 mortuum
1611 1748 1639 1805 35
1665 1744 1884 1806 resurrexisse.
1928 1742 1983 1808 Ad
2009 1744 2082 1811 5333
2104 1747 2277 1813 uidebimus
2291 1755 2404 1829 postea

399 1835 532 1895 mcum,
1427 1847 1482 1891 353
1504 1827 1575 1906 5353,
1598 1828 1723 1892 5533535
1740 1847 1806 1892 5333
1823 1826 1943 1892 Christi
1959 1827 2110 1911 huuficia,
2128 1833 2402 1913 sordificatioucm

490 1917 536 1978 13.
582 1911 649 1979 Sed
682 1913 835 1995 quoniam
866 1912 952 1977 bona
979 1934 1055 1995 pars
1083 1913 1254 1979 hominum
1280 1914 1374 1979 iusti·
1427 1917 1455 1976 et
1486 1914 1649 1977 iustitiam.
1702 1912 1789 1978 15553
1821 1914 1961 1994 sequitur
1992 1935 2030 1978 53
2061 1918 2246 1997 spiritualia
2278 1921 2403 2000 quidem

400 2001 479 2064 tiam
510 2022 552 2064 ex
584 1999 648 2064 fide
676 2007 710 2063 55
737 1998 888 2080 operibus
921 1999 1132 2081 compositam
1168 2001 1374 2083 imaginatur,
1427 2018 1521 2080 opera
1542 1999 1577 2063 53
1598 1998 1752 2063 5555555355
1772 2000 1885 2076 535553,
1907 1992 1960 2063 uhi
1976 2001 2025 2064 553
2042 2002 2234 2084 5555533555
2253 2005 2330 2086 fidei
2347 2006 2403 2070 55-
2507 2022 2510 2028 ·

399 2093 697 2170 praemonstremus
728 2081 762 2147 id
794 2104 936 2166 quoque,
979 2085 1025 2148 sie
1057 2085 1144 2149 inter
1176 2107 1210 2150 se
1243 2083 1374 2150 differre
1426 2084 1582 2149 scribitur.
1628 2084 1694 2148 Nee
1717 2104 1786 2148 5355
1816 2082 1952 2163 Paulus,
1985 2086 2040 2149 555
2065 2094 2156 2171 crepat
2183 2090 2280 2173 (quod
2300 2111 2402 2170 nuper

398 2170 475 2235 fidei
494 2191 692 2252 operumque
713 2170 888 2247 iustitiam,
912 2176 951 2232 ut
971 2168 1075 2233 altera
1098 2178 1204 2236 stante
1226 2192 1374 2236 necessa·
1426 2168 1534 2253 355555)
1564 2169 1729 2234 Abraham
1760 2168 1870 2233 555353
1900 2189 1957 2234 335
1987 2172 2136 2254 plorietur
2168 2177 2255 2255 apud
2286 2176 2401 2255 Deum,

399 2257 448 2321 rio
465 2256 569 2321 altera
590 2262 765 2321 evertatur.
804 2254 896 2320 Dicit
912 2255 1088 2337 Apostolus
1106 2256 1207 2404 qlPhil.
1222 2260 1250 2334 3,
1266 2256 1315 2340 7),
1339 2279 1373 2322 se
1425 2256 1503 2336 3353
1530 2254 1674 2337 operibus
1701 2257 1806 2318 iustus
1829 2275 1891 2318 533
1917 2261 1974 2335 335,
2007 2259 2153 2342 restriupi
2180 2261 2234 2325 535
2255 2261 2338 2325 53535
2359 2261 2402 2326 ad

399 2342 510 2406 omnia
535 2363 594 2424 pro
617 2341 810 2405 stercoribus
832 2347 999 2422 reputasse
1022 2340 1108 2405 utC
1135 2343 1254 2406 ristum
1275 2342 1374 2407 lucri·
1426 2340 1576 2405 literalem
1596 2345 1624 2404 35
1644 2345 1804 2404 35535335
1830 2340 1979 2406 virtutium
1997 2345 2142 2424 speciem,
2171 2345 2218 2409 535
2239 2345 2329 2410 555355
2350 2366 2403 2410 ar-

399 2428 536 2504 faceret‚
564 2434 597 2491 et
623 2426 659 2489 in
679 2426 735 2489 illo
757 2425 955 2508 reperiretur
976 2448 1041 2490 non
1063 2425 1187 2492 habens
1208 2449 1302 2492 suam
1323 2429 1374 2491 iu·
1426 2427 1514 2491 bitrii
1534 2431 1691 2504 35555335,Ι
1719 2426 1773 2490 335
1800 2427 1945 2507 quamuis
1970 2429 2151 2510 spiritualis
2174 2435 2202 2493 et
2224 2431 2289 2510 [353
2311 2452 2401 2515 cupa

399 2512 524 2576 stitiam
545 2533 627 2593 quae
649 2519 699 2575 est
721 2533 763 2576 53
784 2511 869 2594 lege,
899 2510 956 2576 sed
978 2533 1059 2594 quae
1079 2522 1128 2577 est
1149 2534 1191 2577 ex
1211 2513 1276 2577 fide
1298 2513 1374 2577 Iesu
1426 2511 1489 2576 lica
1507 2512 1605 2592 fuerit
1620 2510 1826 2590 patriarchae
1847 2513 1925 2591 oita,
1950 2533 2011 2577 535
2032 2519 2134 2578 tamen
2155 2521 2314 2597 suppetere
2335 2537 2402 2597 ope·

400 2597 541 2675 Christi,
568 2597 728 2660 iustitiam
749 2618 832 2679 3355
854 2605 904 2660 535
926 2618 967 2661 53
989 2599 1060 2661 Deo
1081 2619 1140 2680 per
1161 2598 1268 2663 fidem.
1313 2599 1374 2662 Vi·
1426 2617 1498 2660 rum
1520 2598 1640 2674 merda,
1663 2617 1742 2676 quac
1763 2596 1813 2661 dli
1835 2599 1989 2662 iustitiam
2011 2619 2116 2663 eoram
2137 2599 2205 2665 Deo
2227 2603 2401 2682 3335553555.

400 2683 457 2746 (153
476 2690 513 2745 55
533 2682 771 2747 contrariorum
792 2702 863 2745 3335
884 2682 939 2746 hic
959 2684 1245 2764 comparationem,
1269 2692 1302 2748 et
1323 2684 1374 2747 in-
1517 2685 1563 2744 15.
1610 2680 1760 2745 Crassius
1775 2683 1876 2761 paulo
1900 2682 2090 2763 Scholastici,
2114 2687 2168 2767 355
2184 2689 2403 2768 praeparatio

400 2767 502 2833 dicari
523 2768 688 2850 propriam
709 2766 871 2832 iustitiam
892 2775 1041 2850 oportere
1063 2790 1122 2851 pro
1140 2769 1293 2835 derelicto
1314 2769 1374 2834 ha·
1427 2789 1481 2833 533
1501 2785 1578 2830 mas
1598 2767 1739 2845 miseeut;
1760 2766 1794 2829 hi
1815 2772 1917 2831 555533
1938 2788 2000 2832 555
2020 2771 2126 2834 miuus
2141 2792 2243 2850 prauo
2264 2773 2403 2854 deputate

400 2854 469 2918 beri
508 2854 549 2918 ab
589 2874 626 2916 ee
663 2853 719 2934 qui
757 2852 837 2917 velit
868 2851 993 2916 Christi
1025 2854 1186 2918 iustitiam
1217 2856 1373 2920 obtinere.
1426 2853 1585 2933 simplices
1604 2855 1633 2914 et
1654 2852 1793 2914 incautos
1813 2853 1969 2931 imhuuut,
1997 2855 2053 2917 355
2075 2861 2242 2936 praetextu
2269 2859 2405 2937 spiritus

400 2938 512 3019 Quare
535 2937 612 3002 alibi
631 2936 740 3022 (Rem.
763 2942 817 3017 10,
837 2937 871 3023 3)
895 2937 980 3003 hunc
997 2938 1127 3004 Iudaeis
1153 2941 1270 3006 ruinae
1297 2963 1374 3006 cau·
1427 2945 1455 3003 et
1473 2939 1604 3021 pratiae,
1624 2936 1871 3001 misericordiam
1890 2936 1962 3017 Dei,
1984 2960 2064 3019 3533
2085 2941 2152 3004 sola
2174 2943 2314 3022 trepidas
2335 2944 2405 3009 355-

399 3045 470 3089 sam
502 3024 602 3088 firisse
636 3023 750 3102 tradit,
790 3021 875 3104 quod
911 3045 1004 3088 suam
1037 3023 1184 3089 volentes
1216 3027 1375 3091 iustitiam
1427 3045 1496 3088 mas
1513 3023 1643 3105 plasme
1663 3027 1779 3102 potest,
1812 3027 1948 3106 53335533.
1995 3025 2063 3088 Nos
2084 3046 2154 3089 5353
2175 3026 2313 3107 fatemur
2334 3048 2404 3093 3355

401 3110 560 3189 stabilire,
600 3109 745 3173 iustitiae
776 3108 841 3172 Dei
874 3130 939 3173 333
971 3111 1103 3174 fuerunt
1136 3111 1280 3177 subiecti.
1336 3110 1374 3177 Si
1430 3110 1539 3188 Paulo,
1561 3107 1730 3187 iustificari
1750 3109 1839 3188 apud
1861 3106 1965 3172 Deum
1987 3110 2064 3192 lepis
2084 3111 2230 3191 faetorem
2252 3113 2306 3175 sed
2328 3115 2404 3192 quia

399 3196 566 3277 propriam
587 3195 746 3259 iustitiam
768 3193 961 3258 stabiliendo
982 3194 1048 3259 Dei
1067 3196 1225 3260 iustitiam
1249 3197 1374 3264 excuti·
1427 3218 1448 3260 3
1469 3197 1546 3278 lepis
1567 3195 1774 3259 553353355353
1800 3194 1886 3277 53533
1907 3195 2195 3274 praesusumus,
2224 3195 2295 3259 hiuc
2322 3197 2404 3262 35555

399 3301 488 3358 mus,
516 3297 553 3344 ut
580 3279 667 3345 hane
693 3300 942 3362 consequamur,
972 3286 1100 3364 oportet
1120 3282 1262 3364 prolecto
1282 3283 1375 3347 illam
1424 3282 1544 3364 pimus,
1576 3299 1657 3361 3533
1688 3280 1825 3343 55555553
1863 3280 1905 3344 ad
1937 3281 2092 3345 5335555355
2126 3282 2229 3345 355353
2267 3281 2404 3346 53535355

399 3366 529 3447 penitus
562 3365 692 3430 aboleri.
736 3363 777 3428 Id
809 3366 916 3447 ipsum
949 3387 1077 3448 quoque
1104 3367 1247 3432 ostendit
1272 3390 1374 3451 quum
1427 3387 1535 3448 opera,
1568 3365 1636 3429 5533
1662 3363 1746 3428 55555
1772 3384 1830 3429 533
1858 3365 1981 3444 535353,
2009 3367 2087 3447 3553
2108 3367 2177 3431 55553
2197 3367 2402 3432 destituimur.

400 3458 500 3534 negat
522 3470 580 3532 per
601 3450 708 3534 legem
729 3450 860 3516 excludi
882 3450 1110 3534 gloriationem
1131 3460 1293 3532 nostram,
1317 3453 1374 3519 sed
1430 3453 1518 3533 Quos
1549 3451 1592 3515 ad
1623 3449 1768 3531 55595533
1794 3451 1944 3531 papistas
1960 3452 2098 3533 pertimt
2124 3452 2173 3516 vel
2197 3452 2403 3534 3555335353,

399 3557 457 3618 per
479 3534 577 3600 fidem
599 3536 709 3619 (Rom.
730 3540 758 3615 3,
778 3535 844 3620 27).
888 3535 985 3602 Unde
1006 3539 1160 3620 sequitur,
1183 3540 1375 3623 quantisper
1427 3537 1598 3620 dupliciter
1616 3535 1669 3599 hic
1686 3535 1859 3600 falluntur:
1879 3545 1912 3600 et
1928 3536 2015 3619 quod
2031 3535 2131 3601 fidem
2147 3537 2312 3620 appellant
2322 3558 2401 3604 eon·

399 3630 510 3686 manet
530 3621 817 3704 quantulacunque
836 3623 1115 3704 operumiustitia,
1137 3645 1270 3690 manere
1280 3626 1374 3690 nobis
1426 3623 1580 3690 scientiae
1596 3620 1834 3700 certitudinem,
1853 3621 1888 3684 in
1898 3621 2116 3704 exspectanda
2135 3624 2238 3688 aDeo
2255 3645 2314 3707 pro
2331 3645 2400 3689 me-

399 3706 591 3770 nonnullam
615 3705 776 3790 gloriandi
792 3708 974 3771 materiam.
1007 3708 1079 3774 Iam
1097 3710 1126 3774 31
1143 3709 1224 3775 fides
1242 3731 1373 3775 omnem
1427 3710 1497 3774 ritis
1515 3706 1673 3784 mercede,
1692 3714 1725 3770 et
1742 3705 1829 3789 quod
1846 3708 1987 3789 gratiam
2003 3707 2069 3772 Dei
2085 3729 2152 3773 non
2169 3709 2331 3792 grauitas
2347 3710 2400 3775 iu·

398 3792 624 3876 gloriationem
645 3791 797 3871 excludit,
820 3805 895 3857 cum
916 3794 1040 3859 iustitia
1055 3793 1132 3859 fidei
1150 3797 1265 3861 3331555
1282 3796 1373 3861 33115
1426 3796 1533 3860 stitiae
1554 3793 1813 3876 imputationem,
1836 3791 1894 3856 sed
1911 3793 2063 3875 spiritum
2084 3791 2126 3858 ad
2143 3793 2290 3858 studium
2306 3816 2400 3862 sane-

398 3885 493 3959 pacto
514 3878 641 3942 iustitia
661 3899 798 3960 operum
819 3885 932 3960 potest
976 3879 1020 3943 In
1041 3880 1129 3946 huna
1150 3902 1283 3947 sensum
1303 3889 1373 3946 tam
1426 3881 1530 3945 titatis
1548 3878 1760 3944 adinventam
1775 3877 2043 3960 interpretantur.
2071 3880 2206 3962 Legunt
2222 3880 2310 3963 apud
2323 3902 2400 3963 apo-

399 3962 485 4027 clare
505 3963 648 4045 loquitur
670 3969 785 4045 quarte
807 3965 910 4046 capite
932 3963 975 4028 ad
991 3966 1168 4046 Romanos,
1189 3974 1228 4032 ut
1244 3967 1373 4033 nullum
1426 3966 1545 4032 stolum
1568 3964 1685 4050 (Hebr.
1708 3967 1755 4042 11,
1775 3961 1824 4046 6);
1852 3962 2059 4029 accedentem
2079 3963 2122 4029 ad
2142 3965 2253 4029 Deum
2273 3973 2401 4049 oportet

399 4048 525 4113 cavillis
553 4055 610 4113 aut
636 4050 958 4131 tergiversationibus
982 4050 1088 4115 locum
1117 4052 1288 4135 relinquat.
1334 4050 1374 4119 Si
1426 4050 1569 4134 primum
1591 4047 1722 4114 credere
1744 4048 1830 4130 quod
1851 4050 1944 4114 Ι)533
1965 4051 2022 4129 315,
2045 4049 2162 4115 deinde
2183 4050 2269 4134 quod
2290 4073 2400 4116 remu·

398 4134 563 4216 operibus,
587 4133 693 4216 inquit
715 4134 824 4219 (Rom.
844 4140 878 4213 4,
898 4135 947 4219 2),
975 4136 1168 4201 iustificatus
1195 4147 1245 4202 est
1265 4138 1372 4203 Abra·
1425 4144 1557 4201 uerator
1583 4136 1627 4200 sit
1655 4134 1885 4217 quaerentibus
1911 4157 1955 4200 35.
2007 4133 2074 4200 Sed
2102 4156 2168 4200 nou
2194 4136 2401 4201 animadver-

399 4220 491 4297 ham,
522 4219 621 4292 habet
648 4219 794 4303 gloriam.
840 4217 1031 4304 Subiungit:
1061 4223 1151 4304 35331
1179 4245 1246 4286 333
1273 4223 1374 4288 habet
1425 4230 1500 4286 tunt
1531 4223 1604 4304 quis
1636 4221 1679 4285 eit
1711 4219 1889 4302 quaerendi
1920 4220 2045 4285 medus.
2088 4221 2131 4284 In
2163 4223 2295 4285 nomine
2323 4241 2400 4286 vero

398 4305 536 4387 gloriam
568 4303 655 4387 apud
685 4304 805 4369 Deum.
860 4305 1070 4388 Consequens
1101 4329 1178 4390 ergo
1210 4317 1273 4387 est,
1307 4331 1373 4374 non
1426 4309 1550 4392 gratiae
1572 4329 1627 4372 533
1645 4305 1849 4383 hallucinari,
1872 4305 1981 4389 palam
2001 4308 2041 4371 fit
2061 4328 2103 4371 53
2125 4326 2238 4370 eorum
2260 4306 2399 4386 scriptis.

399 4389 610 4456 iustificatum
641 4411 711 4455 5335
743 4391 904 4472 operibus.
954 4391 1054 4455 Ponit
1068 4411 1069 4416 ¹
1085 4391 1202 4457 deinde
1233 4394 1373 4459 alterum
1426 4391 1632 4458 Lombardus
1646 4392 1670 4478 ¹)
1710 4392 1798 4457 euim
1836 4391 2099 4457 iustificationum
2137 4412 2196 4473 per
2229 4389 2400 4454 Christum

399 4484 661 4558 argumentuma
678 4476 856 4541 contrariis.
889 4474 1002 4556 Quum
1021 4476 1210 4558 rependitur
1220 4479 1372 4561 operibus
1426 4479 1521 4543 nobis
1543 4477 1654 4543 datam
1674 4476 1800 4543 duobus
1826 4475 1931 4542 modis
1951 4478 2194 4559 interpretatur.
2240 4475 2399 4554 Primum,

399 4582 530 4639 merces,
550 4561 585 4625 id
603 4563 700 4626 11553
718 4560 834 4640 debito,
858 4584 984 4626 33353
1001 4563 1117 4646 gratia.
1152 4564 1247 4629 Fidei
1265 4573 1375 4631 autem
1426 4566 1540 4646 inquit,
1561 4585 1650 4629 mors
1660 4563 1786 4628 Christi
1806 4584 1866 4628 nos
1882 4562 2045 4638 iustificat,
2068 4561 2148 4624 dum
2168 4580 2227 4641 per
2248 4581 2320 4623 eam
2343 4582 2408 4626 ex··

311 4671 318 4688 =
399 4645 555 4711 tribuitur
578 4648 705 4712 iustitia
732 4647 912 4713 seeundum
938 4648 1088 4731 gratiam.
1133 4650 1224 4734 Ergo
1250 4649 1283 4714 id
1308 4673 1374 4716 non
1426 4651 1548 4715 citatur
1573 4651 1691 4715 caritas
1717 4650 1753 4713 in
1774 4648 1925 4713 cordibus
1947 4647 2080 4723 nostris,
2104 4665 2167 4726 335
2195 4645 2272 4708 iusti
2299 4646 2399 4710 effici·

400 4739 449 4792 est
475 4751 517 4793 53
541 4733 668 4796 meritis
695 4754 839 4816 operum.
883 4733 1004 4798 Valeat
1030 4735 1131 4816 igitur
1153 4756 1266 4800 eorum
1287 4759 1374 4802 som·
1427 4757 1517 4815 mur;
1546 4734 1662 4801 deinde
1683 4734 1769 4817 quod
1790 4756 1849 4817 per
1870 4732 2007 4797 eandem
2034 4730 2231 4794 exstinctum
2253 4738 2304 4795 est
2324 4752 2399 4813 peo-

399 4816 504 4891 nium,
537 4818 591 4897 qui
617 4818 774 4883 iustitiam
802 4841 844 4884 ex
871 4818 934 4884 fide
962 4827 996 4884 et
1022 4822 1174 4903 operibus
1201 4824 1375 4888 conflatam
1428 4831 1632 4905 satumque
1655 4821 1880 4902 noseaptivos
1903 4814 2255 4894 distinebatdiabolus,
2278 4816 2400 4882 utiam

398 4900 696 4965 comminisounttlr·
1428 4929 1495 4972 non
1520 4908 1641 4973 habeat
1667 4905 1753 4972 unde
1779 4926 1839 4969 nos
1866 4904 2006 4967 damnet
2050 4900 2152 4964 Vides
2179 4907 2218 4963 ut
2238 4901 2303 4966 Dei
2324 4922 2399 4986 gra-

489 4990 535 5047 15.
584 4985 700 5050 sautu
721 4990 869 5070 effupium
896 4991 1005 5056 555353
1026 5013 1059 5057 33
1074 5000 1191 5075 putaui
1211 4994 1373 5076 sophistae,
1427 4995 1508 5058 tiam
1529 4994 1702 5077 praecipue
1723 4994 1759 5055 in
1776 4988 2004 5054 iustificatione
2026 4986 2216 5065 consideret,
2240 4995 2400 5069 quatenus

342 5092 347 5100 ·
399 5072 455 5151 335
476 5071 538 5134 sihi
560 5091 598 5134 35
615 5072 789 5151 3555553553
805 5075 1023 5154 depravatione
1040 5084 1067 5142 u
1084 5081 1233 5146 53555553
1250 5082 1374 5147 cavillis
1428 5080 1469 5144 ad
1490 5081 1577 5146 bona
1593 5098 1692 5161 opera
1708 5099 1767 5159 per
1784 5075 1918 5156 spiritus
1936 5072 2040 5137 sancti
2058 5071 2199 5155 gratiam
2216 5071 2279 5137 diri
2305 5075 2311 5086 '
2350 5096 2398 5139 ur.

399 5156 541 5222 5553335
566 5155 694 5220 delicias
719 5157 857 5237 5555335·
884 5181 959 5223 uum
979 5182 1074 5242 opera
1095 5155 1261 5247 ehpouuut,
1294 5189 1374 5248 quae
1426 5167 1543 5231 Voluit
1563 5165 1685 5231 scilicet
1706 5160 1885 5244 Augustini
1907 5157 2095 5241 opinionem
2116 5157 2221 5241 sequi;
2245 5179 2279 5223 35
2324 5179 2399 5240 pro·

399 5242 563 5306 literaliter
583 5245 704 5305 tautum
727 5247 754 5305 et
772 5242 861 5306 555355
879 5245 1005 5308 arbitrii
1021 5255 1131 5314 535553
1148 5257 1235 5316 aetra
1257 5251 1374 5317 0555355
1427 5252 1479 5317 331
1500 5253 1655 5333 35335535,
1678 5255 1776 5329 atque
1795 5244 1894 5308 etiam
1917 5252 2043 5309 aresta
2059 5243 2240 5307 imitatione
2257 5243 2400 5307 multum

397 5329 536 5409 35355555
554 5327 677 5409 [355555
696 5325 833 5402 53555533
853 5330 989 5392 5355353
1010 5336 1146 5413 reperiit.
1180 5336 1223 5401 Id
1240 5359 1309 5401 5355
1329 5340 1373 5404 ad
1426 5336 1582 5414 deflectit3
1608 5335 1684 5416 quia
1705 5340 1739 5397 55
1759 5331 1910 5395 35353555
1936 5331 1965 5396 31
1992 5327 2132 5413 331555
2153 5328 2210 5392 5113
2232 5329 2400 5410 perspicue
2462 5336 2466 5342 “

316 5407 326 5428 “
399 5432 492 5494 opera
518 5412 703 5493 spiritualia
731 5417 867 5494 spectare
894 5417 1015 5497 553355.
1058 5417 1113 5482 153
1132 5422 1300 5485 secuudum
1319 5443 1374 5487 333
1427 5420 1637 5496 dictumest,
1660 5416 1986 5500 etquodnenadeo
2007 5416 2174 5498 impurum
2194 5415 2230 5477 in
2251 5413 2306 5477 illo
2329 5420 2403 5479 erat

400 5503 464 5564 tam
488 5499 551 5578 553
579 5518 675 5580 quam
701 5499 844 5581 55355553
874 5499 1063 5580 iustihcatur
1088 5502 1189 5582 55555,
1221 5507 1373 5571 5535353

399 5583 462 5647 sim
476 5587 613 5666 propria
634 5582 737 5666 ipsius
757 5605 866 5665 opera,
885 5584 939 5651 sed
960 5585 1047 5650 5355
1065 5585 1183 5653 (5555355
1203 5594 1232 5654 et
1252 5611 1372 5672 repone
1428 5593 1629 5601 ''Q“

402 5670 532 5737 rctiouis
550 5671 681 5750 [553533.
716 5670 855 5736 Pauhem
878 5673 961 5736 euim
981 5690 1042 5735 535
1063 5673 1130 5738 5553
1150 5672 1189 5739 53
1208 5693 1306 5739 53333
1326 5677 1374 5739 ita
1496 5693 1523 5757 1)
1541 5692 1615 5742 usur.
1633 5690 1657 5743 3.
1676 5699 1744 5745 sent.
1763 5693 1824 5745 dist.
1844 5690 1884 5744 16.
1903 5709 1925 5746 c.
1946 5691 1970 5743 1.

504 5767 616 5852 Caluini
634 5782 727 5844 opera.
763 5772 821 5828 Vol.
836 5773 880 5828 IL
1300 5837 1304 5844 ,
2162 5770 2197 5823 35
