5600 6809
440 766 501 832 539
1086 751 1351 822 INsnannlo
1373 754 1479 820 ΗΕΒ.
1502 751 1683 820 OHRISn.
1709 758 1800 822 1559.
2377 768 2439 830 540

435 972 499 1019 esse
525 951 689 1016 iustitiam.
732 948 833 1029 Atqui
860 948 889 1013 si
917 947 1048 1028 proprie
1074 943 1128 1007 hoc
1156 943 1190 1005 in
1218 942 1413 1005 divinitatem
1465 961 1560 1022 quam
1587 946 1749 1022 assumpta
1778 946 1861 1008 serni
1892 945 2020 1026 hqura?
2075 944 2161 1011 Unde
2188 948 2375 1032 colliqimas,
2403 955 2439 1016 ta

436 1037 583 1117 competit,
600 1035 760 1115 peadiare
781 1055 842 1099 nou
861 1034 919 1097 erit
938 1031 1069 1106 Christo,
1091 1028 1146 1092 sed
1167 1047 1324 1091 33333333
1344 1047 1412 1090 cum
1464 1046 1556 1091 carne
1581 1028 1649 1091 eius
1676 1027 1842 1093 exhibitam
1867 1030 1955 1095 nobis
1981 1052 2046 1096 3333
2077 1033 2240 1097 iustitiam.
2287 1035 2441 1103 Similiter

429 1127 523 1206 patre
550 1127 577 1185 et
605 1121 740 1202 spiritu·
772 1120 896 1200 quando
923 1137 984 1189 333
1012 1116 1079 1180 alio
1113 1118 1157 1177 est
1188 1114 1284 1177 unius
1316 1133 1413 1194 quam
1464 1113 1499 1176 in
1526 1112 1603 1177 aliis
1630 1114 1732 1178 verbis
1754 1115 1848 1198 (quae
1874 1117 2002 1196 saepius
2032 1118 2129 1182 chore
2154 1120 2301 1199 quomodo
2327 1121 2439 1188 Ostan.

435 1207 567 1274 alterius
587 1206 719 1270 iustitia.
764 1203 886 1269 Deinde
907 1201 989 1284 quad
1009 1199 1197 1265 naturaliter
1225 1200 1263 1263 ab
1291 1205 1412 1263 aeterno
1464 1199 1558 1262 drum
1578 1219 1637 1263 non
1652 1200 1774 1278 pudeat
1795 1201 1886 1265 oalde
1906 1202 2020 1282 miror)
2040 1224 2101 1267 uon
2122 1203 2199 1268 olibi
2220 1209 2330 1271 statuit
2349 1209 2440 1274 iusti-

368 1352 372 1357 .
433 1294 505 1376 fuit,
535 1313 596 1356 non
623 1295 796 1374 corrprrceret
824 1290 887 1353 dici
913 1286 1001 1352 nobis
1027 1305 1093 1351 esse
1118 1285 1246 1367 saccom.
1293 1283 1354 1347 Sed
1376 1289 1412 1347 ut
1464 1285 1526 1347 tiae
1546 1284 1660 1363 fontem
1687 1306 1782 1365 quam
1804 1288 1952 1351 incarne
1976 1286 2103 1353 Christi.
2149 1289 2235 1354 Eum
2256 1293 2311 1370 qui
2332 1314 2440 1372 peona,

435 1379 489 1443 hoc
514 1378 635 1455 aomos,
671 1376 773 1441 Deum
801 1375 888 1439 nobis
915 1372 1035 1453 factum
1061 1391 1126 1437 esse
1153 1370 1323 1448 iustitiam,
1357 1370 1411 1450 qui
1463 1374 1529 1432 tum
1550 1388 1611 1432 non
1632 1375 1766 1449 noverat,
1783 1393 1845 1454 pro
1865 1373 1954 1437 rzobis
1968 1379 2130 1452 peccatum
2148 1375 2229 1455 fecit,
2251 1382 2286 1440 ut
2302 1399 2439 1446 esseruas

436 1465 517 1530 illud
545 1463 626 1543 quod
651 1461 867 1541 interpositum
894 1463 938 1522 cst
969 1458 1121 1522 conveniet
1153 1456 1270 1536 facturn
1296 1475 1361 1520 esse
1390 1476 1412 1518 3
1465 1454 1587 1517 iustitia
1619 1454 1684 1519 Dei
1716 1458 1751 1520 in
1782 1458 1844 1522 illo.
1894 1458 2059 1523 Iustitiam
2090 1460 2154 1525 Dei
2186 1463 2307 1540 infiatis
2337 1465 2439 1531 mucis

437 1549 528 1616 Deo?
571 1548 638 1612 Hoc
670 1552 747 1612 certe
773 1544 931 1626 peculiare
964 1549 1008 1608 est
1038 1542 1220 1606 maliotoris
1243 1559 1411 1622 personae:
1462 1539 1572 1604 attollit
1597 1539 1766 1619 Osiander,
1794 1548 1822 1607 et
1848 1544 2041 1626 triumphum
2067 1548 2164 1626 canit,
2197 1550 2290 1628 quasi
2317 1552 2439 1616 evicerit

437 1656 517 1718 quac
537 1636 595 1699 etsi
616 1635 651 1697 iu
672 1654 704 1697 se
725 1631 854 1696 continet
881 1629 1023 1698 divinam
1043 1633 1209 1705 naturam,
1238 1626 1288 1691 hic
1308 1631 1412 1692 tannen
1462 1645 1528 1691 esse
1553 1631 1706 1706 spectrum
1732 1627 1813 1693 illud
1839 1650 1932 1694 suum
1958 1632 2132 1696 essentialis
2157 1634 2315 1713 iustitiam
2342 1657 2438 1717 quum

436 1720 609 1802 insipnitur
623 1719 756 1798 proprio
778 1717 887 1799 eloqio,
910 1735 969 1796 quo
988 1733 1127 1779 scorsum
1148 1734 1169 1777 a
1183 1717 1278 1793 patre
1298 1717 1326 1775 ct
1346 1713 1412 1792 spi·
1462 1710 1548 1794 lanpc
1575 1713 1666 1778 alind
1694 1713 1787 1779 oerbo
1812 1721 1931 1794 sonent,
1965 1717 2063 1781 iustos
2090 1738 2237 1782 essenos
2264 1722 2439 1801 expiatiom

434 1807 502 1871 ritu
522 1805 716 1868 discernitur.
762 1801 908 1866 Ridicule
928 1821 998 1864 aero
1020 1800 1056 1862 in
1076 1800 1162 1863 aerbo
1178 1819 1239 1862 uno
1257 1797 1411 1862 Ieremioc
1458 1817 1519 1877 per
1553 1795 1715 1862 Christum
1743 1799 1838 1881 facta
1888 1800 2052 1866 Iustitiam
2084 1802 2148 1867 Dei
2178 1806 2280 1886 accipi
2306 1828 2370 1888 pro
2402 1830 2439 1874 ea

470 1912 515 1955 or.
528 1893 577 1968 23,
592 1894 610 1952 6
623 1892 717 1966 et33,
733 1887 787 1970 16)
810 1886 990 1966 triumphat,
1013 1885 1066 1948 ubi
1087 1885 1243 1965 promittit
1264 1884 1411 1948 Iehooam
1462 1902 1542 1963 quae
1563 1881 1631 1948 Deo
1645 1884 1811 1964 probatur,
1838 1890 1943 1951 notum
1962 1907 2029 1954 3333
2050 1888 2196 1954 debuemt
2216 1891 2438 1959 elementariis.-

434 1889 503 2059 ldrc
523 1980 662 2040 nostram
682 1973 847 2039 iustitiam.
885 1972 985 2052 Atqui
1006 1969 1088 2034 nihil
1109 1971 1182 2034 iude
1202 1970 1292 2034 aliud
1314 1970 1411 2033 eliciet
1462 1968 1558 2032 sicuti
1584 1969 1671 2048 apud
1699 1969 1849 2035 Ioarmem
1874 1975 2029 2054 confertur
2057 1973 2162 2056 phorio
2187 1975 2253 2043 Dei
2279 1977 2438 2044 hominm

435 2062 501 2126 nisi
534 2059 707 2139 Christum,
740 2059 796 2140 qui
827 2062 934 2122 nostra
965 2060 1008 2119 est
1041 2056 1179 2134 iustitio,
1214 2075 1279 2119 esse
1306 2053 1411 2118 Deum
1460 2053 1579 2136 phariae
1596 2053 1726 2139 (Ioann.
1749 2059 1796 2133 12,
1815 2057 1880 2141 43).
1924 2057 1994 2124 Scio
2013 2060 2171 2126 interdum
2186 2064 2292 2127 uocari
2307 2062 2372 2129 Dei
2387 2066 2437 2131 ia.

316 2148 325 2178 ¹
435 2145 670 2228 manifestatum
695 2147 731 2209 in
757 2164 857 2208 carne.
901 2141 992 2206 Alibi
1018 2141 1182 2206 retulimus
1209 2141 1244 2204 in
1272 2140 1412 2204 concione
1462 2139 1597 2217 sidium,
1624 2142 1716 2204 cuius
1737 2147 1781 2206 est
1803 2144 1869 2222 ipse
1890 2149 1993 2224 ardor,
2021 2151 2049 2210 et
2075 2166 2138 2227 qua
2165 2166 2221 2212 uos
2247 2148 2354 2229 donat;
2381 2151 2436 2216 sed

438 2232 538 2297 Pauli
560 2231 647 2314 (Act.
668 2235 717 2309 20,
738 2230 810 2312 28),
834 2227 938 2293 Deum
966 2227 1028 2292 sibi
1049 2227 1233 2308 acquisiisse
1254 2225 1411 2290 ecclesiam
1462 2224 1516 2288 hoc
1537 2223 1599 2288 loco
1620 2224 1702 2290 nihil
1723 2228 1814 2292 aliud
1835 2230 1975 2313 intelliqi,
1995 2252 2091 2312 quam
2111 2252 2168 2297 nos
2187 2235 2297 2299 mortis
2318 2233 2437 2300 Christi

436 2339 493 2384 suo
514 2313 674 2400 sanpuihc.
720 2315 757 2380 Si
784 2315 856 2396 quis
882 2314 953 2378 inde
981 2312 1112 2399 inferat,
1140 2313 1323 2394 sanquinem
1351 2332 1411 2390 quo
1457 2309 1587 2391 paona
1603 2311 1747 2392 suffultos
1763 2315 1850 2394 apud
1866 2315 1931 2378 Dei
1950 2315 2090 2382 tribuual
2106 2323 2197 2398 stare,
2219 2321 2292 2384 sani
2314 2321 2437 2386 lectores

436 2404 565 2487 apua
584 2407 657 2466 sunt
672 2405 800 2482 peccata
821 2420 885 2464 esse
902 2399 1054 2478 divinum,
1076 2404 1104 2463 et
1125 2398 1253 2463 divinae
1270 2402 1410 2474 naturae,
1462 2416 1510 2459 me
1532 2400 1644 2460 tacende
1672 2405 1846 2479 opnoscunt.
1892 2400 2000 2482 Neque
2021 2404 2057 2466 in
2078 2423 2146 2468 occe
2167 2410 2288 2469 tantum
2308 2412 2353 2476 est
2372 2428 2436 2472 mo-

439 2490 511 2571 quis
533 2493 597 2552 tam
617 2487 743 2569 foedum
765 2505 898 2551 errorem
917 2484 1022 2566 fuat?
1056 2484 1158 2565 Atqui
1180 2483 1234 2546 hoc
1255 2488 1318 2547 tarn
1334 2504 1412 2563 pue-
1462 2481 1565 2559 numi,
1587 2483 1676 2546 modo
1697 2484 1853 2548 nobiscum
1873 2487 1911 2550 dc
1931 2486 1985 2550 hoc
2007 2490 2176 2554 cormontiat
2196 2490 2358 2570 Osiondcr,
2381 2513 2436 2558 uos

438 2575 495 2639 rili
526 2573 638 2638 camlto
666 2593 698 2637 se
728 2572 833 2636 munia
862 2571 1007 2651 adeptum
1033 2590 1098 2634 esse
1125 2573 1219 2650 putat
1249 2567 1410 2645 Osiondcr,
1462 2568 1498 2631 in
1521 2565 1644 2631 Christo
1670 2567 1858 2649 iustificari,
1887 2577 2039 2652 quotanus
2062 2594 2126 2654 pro
2154 2576 2242 2641 nobis
2267 2578 2372 2658 factus
2393 2585 2437 2644 est

438 2663 546 2736 tumet,
577 2659 724 2736 exsultat,
757 2656 930 2737 multasque
956 2656 1095 2738 popinas
1126 2654 1222 2735 farcit
1248 2655 1317 2717 suis
1345 2675 1411 2718 om
1462 2652 1622 2731 eopiatria
1653 2654 1793 2733 uictima,
1830 2658 1912 2737 quod
1940 2680 1963 2722 a
1993 2659 2105 2724 diviua
2136 2662 2206 2726 eius
2237 2669 2353 2728 333333
2385 2665 2436 2729 aa

324 2734 333 2751 '
433 2743 553 2826 pullis,·
584 2764 680 2831 quum
707 2748 808 2807 tamen
835 2742 969 2822 simplea
993 2741 1037 2805 sit
1068 2745 1097 2804 et
1122 2739 1264 2819 apedno
1290 2738 1410 2818 solutio,
1462 2737 1570 2801 horret.
1617 2738 1686 2818 aa
1707 2739 1800 2802 ctiam
1827 2743 1964 2820 ratione,
1991 2745 2045 2808 ubi
2073 2747 2227 2811 iustitiam
2251 2753 2279 2812 et
2303 2752 2436 2815 solutem

441 2828 589 2895 Iehooam
616 2827 753 2910 quiden,
781 2827 836 2891 ubi
861 2826 964 2908 factus
989 2826 1086 2906 suerit
1109 2844 1234 2908 permen
1261 2823 1410 2902 Dam'dis,
1461 2843 1557 2904 quam
1583 2823 1671 2888 nobis
1696 2826 1815 2904 attulit,
1848 2827 2009 2910 obsipnare
2040 2832 2105 2895 uuit
2134 2830 2289 2912 Christus,
2321 2841 2434 2898 certum

437 2914 507 2998 fore
526 2915 657 2995 piorum
678 2914 847 2991 iustitiom;
874 2912 929 2976 sed
956 2932 1015 2992 quo
1042 2931 1150 2989 sensu,
1179 2911 1260 2974 docet
1285 2910 1413 2974 Iesaios
1462 2910 1531 2973 eius
1544 2909 1664 2990 pipnus
1686 2909 1721 2974 in
1742 2929 1835 2977 carue
1855 2934 1916 2978 333
1937 2917 2094 2995 proponit.
2145 2916 2239 2981 Vocat
2258 2920 2380 2997 quidun
2402 2941 2434 2983 se

440 2999 507 3085 (53,
530 2997 598 3082 11).·
625 2999 791 3082 copriitrone
817 2999 869 3062 sui
896 2992 1075 3079 laetificabit
1094 2996 1205 3061 multos
1225 2996 1329 3059 iustus
1348 3015 1411 3060 ser-
1456 3015 1574 3074 ponem
1594 2995 1716 3073 olorum
1737 2997 1791 3062 sed
1811 2999 1936 3063 modum
1956 3001 2115 3081 explicans
2135 3001 2287 3082 adiunpit,
2310 3023 2433 3067 carrum

439 3105 498 3150 333
528 3104 622 3148 uuus.
678 3084 827 3149 Notenms
854 3087 979 3165 patrem
1012 3082 1112 3163 loqui,
1148 3080 1216 3159 ilio
1245 3081 1411 3146 ohribuae
1460 3099 1553 3145 snam
1584 3099 1649 3144 3333
1677 3100 1748 3146 vere
1779 3083 1895 3162 cham,
1933 3090 1962 3148 et
1999 3085 2181 3166 sanpainem
2213 3105 2281 3150 ocre
2312 3092 2431 3167 potruu.

439 3170 632 3251 iunihcandi
651 3174 778 3251 paries,
804 3189 933 3234 causam
961 3169 1086 3246 oddae,
1115 3166 1196 3247 quod
1223 3166 1325 3241 iustus
1353 3167 1410 3245 sit,-
1465 3166 1551 3247 Quae
1576 3165 1658 3229 ratio
1684 3165 1812 3231 docendi
1839 3171 1874 3232 in
1899 3171 2103 3234 sacramentis
2122 3171 2328 3251 perspicitur:
2354 3193 2432 3253 quae

362 3252 396 3303 θ
437 3257 563 3321 nodum
590 3255 636 3320 vel
661 3256 798 3320 medium
819 3256 867 3339 (ut
887 3252 1068 3337 loquuntur)
1089 3252 1188 3318 locare
1214 3251 1250 3315 iu
1270 3252 1411 3317 dodrirm
1460 3252 1518 3316 atsi
1537 3250 1632 3331 fidem
1651 3256 1792 3317 nostram
1813 3253 1856 3317 ad
1875 3258 1971 3318 tobim
1989 3252 2158 3334 Christmn,
2180 3275 2242 3320 non
2262 3257 2433 3322 dimidium

437 3360 501 3424 qua
530 3340 673 3407 Christus
698 3342 892 3424 ooprmscitur.
937 3340 1025 3404 Nom
1050 3358 1150 3403 rocem
1175 3351 1263 3435 ,ψη
1280 3336 1305 3421 ¹)
1332 3358 1409 3418 pas-
1460 3336 1610 3420 diripuit,
1632 3337 1729 3401 simut
1749 3343 1852 3402 tamen
1872 3338 2010 3404 institiae
2030 3345 2058 3405 et
2078 3341 2192 3406 saluts
2212 3343 2377 3408 materiam
2398 3345 2433 3408 iu

438 3427 504 3492 siae
526 3428 664 3509 accipere
689 3427 877 3492 commodius
906 3430 957 3488 cst.
1002 3424 1087 3488 Hinc
1116 3425 1223 3507 colliqo
1252 3422 1410 3488 Christum
1460 3424 1529 3486 eius
1550 3441 1642 3487 carne
1661 3421 1796 3488 residere
1815 3423 1927 3489 docem
1973 3425 2046 3491 Nou
2067 3427 2148 3508 quod
2164 3446 2235 3491 333
2253 3428 2322 3509 ipso
2344 3430 2434 3493 iusti-

437 3532 503 3578 3333
532 3511 650 3594 factum
677 3513 833 3578 iustitiam
864 3511 988 3593 quondo
1019 3509 1102 3575 serni
1133 3510 1264 3590 spccicm
1292 3508 1411 3588 induit,·
1459 3507 1529 3588 fiad
1549 3512 1604 3572 aut
1624 3507 1754 3589 oiniqicet
1779 3529 1883 3574 mersos
1903 3509 2004 3590 homo,
2031 3512 2086 3576 sed
2112 3514 2189 3594 quia
2210 3512 2279 3578 Deo
2300 3515 2433 3594 placuit,

437 3598 569 3664 secundo
590 3617 646 3662 333
664 3599 835 3679 iustificare
861 3601 1011 3677 quotenus
1039 3594 1246 3676 obsequentem
1266 3613 1299 3658 se
1318 3594 1411 3673 patri
1461 3593 1596 3676 quadiu
1616 3613 1649 3658 se
1671 3594 1881 3660 abscunditum
1905 3601 1933 3660 et
1958 3597 2262 3679 incomprehensibile
2288 3605 2370 3679 aot,
2398 3601 2434 3664 in

477 3682 596 3764 aebuit,·
628 3702 666 3747 ao
682 3681 814 3765 proinde
835 3699 896 3747 non
913 3681 1081 3746 secundum
1101 3681 1243 3745 divinam
1263 3683 1411 3744 naturam
1461 3680 1629 3745 mediatore
1644 3678 1757 3760 palam
1774 3681 1883 3762 facere.
1935 3682 2021 3749 Unde
2040 3683 2120 3749 soleo
2140 3684 2249 3764 dicere,
2275 3683 2433 3749 Christum

347 3842 353 3849 ‚
432 3704 600 3833 manans
614 3773 785 3847 praestare,
805 3769 860 3833 scd
874 3787 938 3846 pro
955 3766 1195 3848 dispensationis
1209 3763 1272 3829 sibi
1291 3765 1412 3828 inhrnc
1461 3785 1526 3830 3333
1551 3764 1638 3829 uobis
1665 3767 1760 3846 quasi
1783 3768 1956 3847 expositum
1980 3768 2109 3851 focatem,
2138 3769 2219 3834 unde
2244 3770 2433 3835 hauriamus

438 3857 488 3916 tae
514 3851 643 3917 ratiorie.
681 3853 755 3918 Etsi
778 3855 860 3917 enim
885 3853 971 3917 solus
992 3852 1082 3916 Deus
1104 3851 1176 3931 fons
1192 3855 1236 3916 est
1260 3850 1409 3927 iustitiae,
1462 3851 1543 3931 quod
1561 3850 1680 3931 alioqui
1700 3852 1769 3917 sine
1787 3852 1894 3934 fructu
1914 3855 2078 3920 interdiu
2098 3855 2213 3920 ocarlta
2233 3855 2291 3920 nlla
2313 3861 2340 3920 ot
2360 3877 2434 3937 pro

439 3956 493 4002 nec
514 3938 606 4002 aliter
626 3958 722 4018 quom
741 3939 808 4003 eius
823 3937 1067 4020 participatione
1087 3956 1197 4001 summ
1217 3937 1312 4014 33333,ο
1333 3935 1411 4017 quio
1460 3935 1561 4018 funda
1582 3937 1784 4019 scaturipim,
1806 3958 1887 4021 quae
1906 3941 1943 4005 in
1962 3941 2144 4007 mediatoris
2159 3960 2295 4022 persam
2316 3942 2359 4006 ad
2379 3962 2435 4006 uos

439 4027 542 4088 maen
562 4023 683 4104 infelici
699 4024 832 4089 dissidio
849 4023 888 4088 ab
907 4025 976 4088 eius
996 4023 1120 4086 iustitio
1140 4023 1270 4087 aliermti
1290 4040 1408 4098 sumus,
1462 4022 1596 4105 emerqit.
1647 4020 1715 4087 Hoc
1741 4025 1830 4089 modo
1857 4030 1885 4089 et
1914 4046 2007 4091 sensu
2032 4046 2093 4090 non
2118 4026 2238 4106 infitior
2266 4024 2432 4103 Christum,

438 4128 557 4174 necesso
574 4114 618 4174 est
633 4109 810 4174 3333333333
827 4108 869 4173 ad
884 4108 939 4174 hoc
955 4108 1089 4189 inferius
1105 4106 1281 4186 remedium,
1300 4111 1336 4170 ut
1353 4126 1410 4171 uos
1461 4112 1497 4172 ut
1520 4112 1566 4172 est
1586 4105 1677 4172 Deus
1704 4113 1732 4173 et
1758 4108 1861 4189 homo,
1890 4132 1947 4176 nos
1974 4111 2159 4190 iustificare,
2187 4130 2341 4175 mmmune
2368 4130 2433 4173 esse

442 4191 587 4261 munus
607 4196 717 4259 mortis
732 4199 761 4259 et
781 4194 1016 4259 resurrectionis
1037 4213 1113 4258 suae
1131 4193 1242 4257 uirtute
1257 4191 1410 4272 caethea.
1462 4194 1556 4258 etiam
1575 4192 1629 4258 hoc
1644 4213 1723 4276 opus
1737 4197 1846 4275 patris
1862 4200 1891 4259 et
1906 4197 2039 4276 spiritns
2059 4197 2169 4272 sancti,
2191 4195 2321 4273 denique
2342 4194 2432 4258 iusti-

397 4304 405 4310 ·
526 4285 554 4343 9.
600 4278 638 4344 Si
666 4279 803 4358 obiiciat,
831 4299 908 4360 opus
935 4277 989 4342 hoc
1014 4299 1075 4343 sua
1097 4279 1296 4360 praestantia
1321 4298 1412 4359 supo-
1462 4279 1549 4360 tiam,
1569 4280 1660 4344 cuius
1680 4300 1736 4344 uos
1756 4280 1908 4346 comorhs'
1924 4281 2003 4362 facit
2021 4280 2172 4358 Christus,
2194 4283 2348 4343 ademtam
2368 4299 2432 4343 esse

438 4386 513 4430 rore
529 4365 664 4439 luminis
680 4371 837 4441 uotiuum,
864 4365 990 4444 ideoque
1011 4384 1072 4428 non
1087 4384 1181 4444 posse
1200 4365 1266 4428 nisi
1285 4364 1412 4429 divinae
1462 4364 1527 4430 Dei
1553 4365 1668 4429 ademi
1695 4365 1863 4445 iustitiam,
1896 4367 1983 4431 morlo
2010 4364 2116 4444 firmis
2145 4369 2174 4428 et
2204 4364 2322 4444 apertis
2353 4385 2432 4444 quas

438 4456 572 4516 naturae
594 4450 744 4528 adscribi,
773 4450 869 4531 prius
890 4449 1030 4528 caecedo;
1057 4450 1093 4513 in
1119 4449 1172 4514 hoc
1192 4450 1321 4514 secunda
1342 4449 1411 4514 dico
1463 4451 1558 4515 citam
1579 4451 1755 4515 rationibus
1775 4453 1869 4516 cedat.

439 4556 508 4602 eum
540 4536 649 4601 inscite
681 4534 879 4600 hallucinari.
924 4534 1011 4598 Nam
1043 4536 1101 4598 etsi
1131 4555 1227 4614 neque
1258 4535 1411 4616 sanquine
1552 4540 1599 4600 10.
1652 4534 1753 4600 Porro
1783 4555 1822 4600 ne
1852 4536 1922 4599 suis
1953 4532 2076 4598 cavillis
2105 4534 2241 4613 decipiat
2265 4535 2434 4614 imperitos,

439 4641 496 4687 suo
518 4623 643 4687 animas
664 4627 787 4686 nostras
802 4640 958 4704 purpure,
980 4640 1076 4700 neque
1091 4625 1216 4700 patrem
1236 4640 1293 4684 suo
1314 4619 1411 4684 sacri
1460 4622 1560 4703 fatcor
1580 4620 1634 4685 hoc
1654 4626 1720 4686 tam
1740 4619 1979 4702 incomparabili
2004 4618 2078 4682 bono
2106 4638 2163 4683 nos
2182 4621 2315 4698 privari
2343 4621 2435 4685 donec

436 4707 508 4790 ficio
537 4707 684 4787 placare,
716 4727 813 4789 neque
844 4727 866 4770 a
897 4710 986 4770 reatu
1017 4704 1170 4771 absoluere
1203 4724 1260 4770 nos
1288 4709 1412 4785 poterat
1465 4705 1609 4772 Christus
1628 4711 1729 4771 noster
1754 4705 1820 4786 iat.
1865 4703 2044 4769 (hnimutio
2071 4705 2169 4787 ipitnr
2193 4704 2252 4769 illa
2273 4707 2388 4788 eapitis
2408 4713 2435 4771 ct

442 4791 593 4871 Christus,
615 4813 669 4856 nec
691 4792 821 4874 333333
841 4811 957 4857 munus
978 4792 1145 4856 sacerdotis
1160 4811 1323 4873 perapere,
1345 4790 1412 4855 nisi
1462 4791 1675 4868 manbronun,
1696 4790 1844 4855 halimo
1864 4787 1983 4854 Chresti
2003 4790 2039 4853 in
2059 4789 2202 4855 cordibus
2223 4795 2348 4876 npstrts,
2370 4813 2435 4874 mp-

438 4897 531 4940 uerus
550 4879 662 4956 fuisset
678 4878 775 4956 Deus,
798 4879 874 4960 quia
890 4882 974 4942 tanto
991 4878 1076 4942 oneri
1097 4877 1202 4956 impar
1218 4880 1286 4940 erat
1307 4875 1412 4947 carnis
1463 4878 1541 4941 stica
1561 4876 1691 4956 deniqm
1711 4876 1787 4939 unio
1808 4897 1830 4940 a
1850 4875 1937 4939 noca
1958 4876 1993 4938 iu
2010 4895 2131 4938 sunnio
2150 4876 2254 4958 prada
2275 4879 2432 4956 statuitur,
2498 4909 2511 4923 =

438 4960 590 5043 facultas,
622 4967 737 5027 certum
764 4969 867 5028 tamen
899 4968 942 5027 est
969 4962 1020 5026 his
1044 4962 1185 5026 omnibus
1210 4961 1411 5042 perfunctum
1463 4967 1498 5026 ut
1520 4960 1662 5026 ctutum
1688 4965 1788 5024 noster
1811 4961 1929 5042 factus,
1955 4961 2108 5025 33333333
2134 4961 2247 5042 quibus
2266 4963 2433 5044 praeditus

440 5064 506 5110 3333
539 5047 705 5110 secundum
737 5048 907 5114 humanam
939 5053 1094 5111 natmom.
1142 5046 1296 5126 Quomodo
1329 5045 1412 5108 enim
1463 5051 1507 5111 est
1534 5065 1590 5109 nos
1619 5044 1719 5126 facim
1745 5050 1902 5111 ursona.
1947 5045 2021 5110 Non
2052 5066 2123 5129 erpo
2155 5067 2225 5111 cum
2255 5054 2345 5114 entra
2376 5069 2432 5112 uos

439 5128 603 5210 iustificati
619 5150 728 5198 sununs
748 5135 778 5197 si
799 5134 969 5214 quaeritur,
990 5131 1150 5213 respondet
1169 5129 1303 5208 Paulus,
1323 5127 1413 5193 Chri·
1458 5130 1569 5214 procrd
1591 5130 1801 5212 speculamur,
1828 5137 1863 5195 ut
1890 5132 1977 5196 nobis
2003 5131 2174 5211 irnputetur
2199 5134 2267 5197 eius
2294 5134 2432 5211 iustitia,

440 5216 483 5282 sti
504 5215 673 5280 obedientia
695 5217 854 5300 (Romi,
876 5217 938 5302 19).
983 5218 1039 5282 Au
1065 5235 1135 5280 cero
1162 5215 1253 5281 aliter
1283 5215 1413 5280 obedivit
1463 5217 1518 5282 sed
1550 5216 1626 5296 quia
1657 5217 1763 5296 ipsum
1790 5217 1966 5296 induimus,
1999 5221 2027 5281 a
2054 5218 2145 5282 insiti
2171 5238 2280 5282 sunum
2306 5220 2340 5281 in
2365 5219 2433 5282 eius

1465 5322 1584 5383 corpus,
1604 5322 1702 5365 unum
1722 5303 1853 5384 denique
1873 5323 1929 5368 nos
1948 5322 2051 5368 secum
2072 5303 2192 5384 efficcm
2212 5303 2359 5385 dipnatus
2379 5308 2431 5381 est,

1465 5387 1533 5452 ideo
1554 5387 1693 5452 institiae
1710 5389 1882 5453 societatem
1902 5389 1990 5453 nobis
2010 5408 2080 5453 cum
2101 5409 2134 5452 eo
2160 5407 2225 5452 esse
2248 5388 2432 5468 qloriamur.

448 5452 719 5577 22,1{,)„?,⁰}⁰¹·„¹„⁵{{
740 5451 856 5577 3335}
872 5456 1320 5593 mmmmm
1333 5450 1415 5587 gfff,-
1467 5471 1522 5538 m
1537 5473 1689 5554 rancor
1703 5472 1852 5538 333333
1869 5473 2036 5551 annua,
2056 5473 2150 5553 333
2169 5492 2190 5536 a
2210 5469 2297 5536 nous
2316 5474 2433 5537 unsar

443 5590 558 5657 -1333
576 5592 614 5646 ao
629 5594 755 5660 panau
773 5592 982 5660 pannucea
999 5610 1113 5649 3333·
1135 5594 1234 5664 agna
1256 5591 1356 5646 3333
1371 5591 1415 5645 ne·
1465 5559 1637 5657 ‘witlant
1662 5561 1756 5639 quasi
1779 5558 1936 5624 annuam
1956 5558 2124 5651 spoliem
2145 5558 2214 5621 ture
2237 5577 2308 5634 ⁸1⁴⁰,
2336 5578 2433 5656 cunm

444 5660 565 5714 brainam
582 5665 721 5716 centonem
739 5661 901 5729 omninum.
1467 5644 1600 5710 duunus
1629 5645 1691 5726 fide
1722 5666 1778 5710 nos
1803 5645 1846 5708 ad
1874 5664 1944 5709 eum
1975 5663 2088 5709 333333
2118 5643 2267 5722 acudere,
2302 5649 2337 5708 ut
2367 5665 2434 5709 enus

443 5373 647 5382 ——
