<?xml version="1.0" encoding="UTF-8"?>
<!DOCTYPE html PUBLIC "-//W3C//DTD XHTML 1.0 Transitional//EN"
    "http://www.w3.org/TR/xhtml1/DTD/xhtml1-transitional.dtd">
<html xmlns="http://www.w3.org/1999/xhtml" xml:lang="en" lang="en">
 <head>
  <title>
</title>
<meta http-equiv="Content-Type" content="text/html;charset=utf-8" />
  <meta name='ocr-system' content='tesseract 3.04.00' />
  <meta name='ocr-capabilities' content='ocr_page ocr_carea ocr_par ocr_line ocrx_word'/>
</head>
<body>
  <div class='ocr_page' id='page_1' title='image "./ioanniscalvinio10calvgoog/ioanniscalvinio10calvgoog_0256.png"; bbox 0 0 5600 6809; ppageno 0'>
   <div class='ocr_carea' id='block_1_1' title="bbox 431 734 2426 817">
    <p class='ocr_par' dir='ltr' id='par_1_1' title="bbox 431 734 2426 817">
     <span class='ocr_line' id='line_1_1' title="bbox 431 734 2426 817; baseline -0.002 -1"><span class='ocrx_word' id='word_1_1' title='bbox 431 756 491 817; x_wconf 78' lang='lat'><strong><em>543</em></strong></span> <span class='ocrx_word' id='word_1_2' title='bbox 776 734 779 740; x_wconf 87' lang='grc'>’</span> <span class='ocrx_word' id='word_1_3' title='bbox 1073 743 1338 811; x_wconf 70' lang='grc'><em>3333333310</em></span> <span class='ocrx_word' id='word_1_4' title='bbox 1359 746 1464 811; x_wconf 76' lang='lat' dir='ltr'><strong><em>nnn.</em></strong></span> <span class='ocrx_word' id='word_1_5' title='bbox 1489 744 1668 810; x_wconf 79' lang='lat' dir='ltr'><strong><em>oflnlsu.</em></strong></span> <span class='ocrx_word' id='word_1_6' title='bbox 1697 750 1787 811; x_wconf 80' lang='lat'><strong>1559.</strong></span> <span class='ocrx_word' id='word_1_7' title='bbox 2367 752 2426 812; x_wconf 76' lang='grc'><strong><em>543</em></strong></span> 
     </span>
    </p>
   </div>
   <div class='ocr_carea' id='block_1_2' title="bbox 409 931 2462 4094">
    <p class='ocr_par' dir='ltr' id='par_1_2' title="bbox 409 931 2462 3495">
     <span class='ocr_line' id='line_1_2' title="bbox 430 931 2427 1018; baseline -0.002 -15"><span class='ocrx_word' id='word_1_8' title='bbox 430 959 518 1005; x_wconf 88' lang='lat' dir='ltr'><strong><em>onere</em></strong></span> <span class='ocrx_word' id='word_1_9' title='bbox 544 936 746 1016; x_wconf 75' lang='lat' dir='ltr'><strong><em>iniquitatum</em></strong></span> <span class='ocrx_word' id='word_1_10' title='bbox 771 939 909 1017; x_wconf 76' lang='grc'><em>93333333,</em></span> <span class='ocrx_word' id='word_1_11' title='bbox 939 939 966 996; x_wconf 88' lang='grc'><strong><em>33</em></strong></span> <span class='ocrx_word' id='word_1_12' title='bbox 994 934 1109 996; x_wconf 81' lang='lat' dir='ltr'><strong><em>littorea</em></strong></span> <span class='ocrx_word' id='word_1_13' title='bbox 1137 932 1259 995; x_wconf 84' lang='lat' dir='ltr'><strong><em>victrice</em></strong></span> <span class='ocrx_word' id='word_1_14' title='bbox 1285 931 1404 1011; x_wconf 68' lang='lat' dir='ltr'><strong><em>fiducia</em></strong></span> <span class='ocrx_word' id='word_1_15' title='bbox 1448 933 1510 1011; x_wconf 68' lang='lat' dir='ltr'><strong><em>‚quii</em></strong></span> <span class='ocrx_word' id='word_1_16' title='bbox 1542 952 1575 996; x_wconf 90' lang='lat' dir='ltr'><strong><em>se</em></strong></span> <span class='ocrx_word' id='word_1_17' title='bbox 1608 933 1674 995; x_wconf 88' lang='lat' dir='ltr'><strong><em>ideo</em></strong></span> <span class='ocrx_word' id='word_1_18' title='bbox 1706 932 1803 995; x_wconf 89' lang='lat' dir='ltr'><strong><em>lucem</em></strong></span> <span class='ocrx_word' id='word_1_19' title='bbox 1836 933 1946 996; x_wconf 88' lang='lat' dir='ltr'><strong><em>muudi</em></strong></span> <span class='ocrx_word' id='word_1_20' title='bbox 1977 935 2115 1013; x_wconf 91' lang='lat' dir='ltr'><strong><em>appellat</em></strong></span> <span class='ocrx_word' id='word_1_21' title='bbox 2148 935 2275 1015; x_wconf 83' lang='lat' dir='ltr'><strong><em>(Iounn.</em></strong></span> <span class='ocrx_word' id='word_1_22' title='bbox 2301 938 2329 1012; x_wconf 82' lang='lat'><strong><em>8,</em></strong></span> <span class='ocrx_word' id='word_1_23' title='bbox 2363 937 2427 1018; x_wconf 84' lang='lat'>12).</span> 
     </span>
     <span class='ocr_line' id='line_1_3' title="bbox 429 1016 2428 1105; baseline -0.002 -16"><span class='ocrx_word' id='word_1_24' title='bbox 429 1026 585 1105; x_wconf 80' lang='lat' dir='ltr'><strong><em>emcrpuut</em></strong></span> <span class='ocrx_word' id='word_1_25' title='bbox 611 1041 711 1101; x_wconf 90' lang='lat' dir='ltr'><strong><em>snpra</em></strong></span> <span class='ocrx_word' id='word_1_26' title='bbox 739 1040 841 1084; x_wconf 84' lang='grc'><em>3333333</em></span> <span class='ocrx_word' id='word_1_27' title='bbox 868 1024 974 1083; x_wconf 84' lang='grc'><em>3333333.</em></span> <span class='ocrx_word' id='word_1_28' title='bbox 1029 1018 1116 1098; x_wconf 75' lang='lat' dir='ltr'><strong><em>Quod</em></strong></span> <span class='ocrx_word' id='word_1_29' title='bbox 1148 1022 1249 1080; x_wconf 78' lang='lat' dir='ltr'><strong><em>aretem</em></strong></span> <span class='ocrx_word' id='word_1_30' title='bbox 1280 1017 1405 1081; x_wconf 84' lang='lat' dir='ltr'><strong><em>obiectat</em></strong></span> <span class='ocrx_word' id='word_1_31' title='bbox 1458 1016 1555 1080; x_wconf 77' lang='lat' dir='ltr'><strong><em>Stulte</em></strong></span> <span class='ocrx_word' id='word_1_32' title='bbox 1575 1018 1668 1080; x_wconf 91' lang='lat' dir='ltr'><strong><em>etiam</em></strong></span> <span class='ocrx_word' id='word_1_33' title='bbox 1690 1017 1728 1080; x_wconf 89' lang='lat' dir='ltr'><strong><em>ab</em></strong></span> <span class='ocrx_word' id='word_1_34' title='bbox 1750 1039 1782 1081; x_wconf 89' lang='lat' dir='ltr'><strong><em>eo</em></strong></span> <span class='ocrx_word' id='word_1_35' title='bbox 1805 1018 1961 1096; x_wconf 89' lang='lat' dir='ltr'><strong><em>obiicitur,</em></strong></span> <span class='ocrx_word' id='word_1_36' title='bbox 1984 1021 2179 1100; x_wconf 75' lang='lat' dir='ltr'><strong><em>iustificandi</em></strong></span> <span class='ocrx_word' id='word_1_37' title='bbox 2201 1022 2342 1085; x_wconf 84' lang='lat' dir='ltr'><strong><em>uirtutem</em></strong></span> <span class='ocrx_word' id='word_1_38' title='bbox 2364 1026 2428 1085; x_wconf 77' lang='lat' dir='ltr'><strong><em>tant</em></strong></span> 
     </span>
     <span class='ocr_line' id='line_1_4' title="bbox 432 1102 2428 1187; baseline -0.002 -12"><span class='ocrx_word' id='word_1_39' title='bbox 432 1109 599 1185; x_wconf 86' lang='lat' dir='ltr'><strong><em>Osiandcr,</em></strong></span> <span class='ocrx_word' id='word_1_40' title='bbox 628 1107 858 1171; x_wconf 74' lang='lat' dir='ltr'><strong><em>dissentaneum</em></strong></span> <span class='ocrx_word' id='word_1_41' title='bbox 884 1125 949 1169; x_wconf 89' lang='lat' dir='ltr'><strong><em>csse</em></strong></span> <span class='ocrx_word' id='word_1_42' title='bbox 977 1127 998 1167; x_wconf 87' lang='lat' dir='ltr'><strong><em>a</em></strong></span> <span class='ocrx_word' id='word_1_43' title='bbox 1026 1108 1141 1167; x_wconf 78' lang='grc'><em>3333333333</em></span> <span class='ocrx_word' id='word_1_44' title='bbox 1163 1102 1241 1179; x_wconf 88' lang='lat' dir='ltr'><strong><em>Dei,</em></strong></span> <span class='ocrx_word' id='word_1_45' title='bbox 1269 1104 1305 1166; x_wconf 90' lang='lat' dir='ltr'><strong><em>in</em></strong></span> <span class='ocrx_word' id='word_1_46' title='bbox 1333 1123 1404 1166; x_wconf 91' lang='lat' dir='ltr'><strong><em>cum</em></strong></span> <span class='ocrx_word' id='word_1_47' title='bbox 1456 1103 1573 1185; x_wconf 79' lang='lat' dir='ltr'><strong><em>anpelis</em></strong></span> <span class='ocrx_word' id='word_1_48' title='bbox 1590 1123 1684 1182; x_wconf 76' lang='lat' dir='ltr'><strong><em>aream</em></strong></span> <span class='ocrx_word' id='word_1_49' title='bbox 1701 1102 1876 1167; x_wconf 89' lang='lat' dir='ltr'><strong><em>hominibus</em></strong></span> <span class='ocrx_word' id='word_1_50' title='bbox 1893 1104 1978 1186; x_wconf 77' lang='lat' dir='ltr'><strong><em>lonpc</em></strong></span> <span class='ocrx_word' id='word_1_51' title='bbox 1994 1107 2184 1185; x_wconf 84' lang='lat' dir='ltr'><strong><em>superiorem</em></strong></span> <span class='ocrx_word' id='word_1_52' title='bbox 2201 1128 2282 1184; x_wconf 72' lang='lat' dir='ltr'><strong><em>esse,</em></strong></span> <span class='ocrx_word' id='word_1_53' title='bbox 2304 1109 2428 1187; x_wconf 78' lang='lat' dir='ltr'><strong><em>querulo</em></strong></span> 
     </span>
     <span class='ocr_line' id='line_1_5' title="bbox 429 1187 2429 1272; baseline -0.001 -13"><span class='ocrx_word' id='word_1_54' title='bbox 429 1196 545 1260; x_wconf 80' lang='lat' dir='ltr'><strong><em>recidit.</em></strong></span> <span class='ocrx_word' id='word_1_55' title='bbox 602 1192 687 1255; x_wconf 77' lang='lat' dir='ltr'><strong><em>Nm</em></strong></span> <span class='ocrx_word' id='word_1_56' title='bbox 718 1192 775 1255; x_wconf 90' lang='lat' dir='ltr'><strong><em>etsi</em></strong></span> <span class='ocrx_word' id='word_1_57' title='bbox 807 1191 927 1272; x_wconf 87' lang='lat' dir='ltr'><strong><em>duplici</em></strong></span> <span class='ocrx_word' id='word_1_58' title='bbox 958 1189 1082 1253; x_wconf 84' lang='lat' dir='ltr'><strong><em>iustitia</em></strong></span> <span class='ocrx_word' id='word_1_59' title='bbox 1113 1195 1263 1268; x_wconf 74' lang='lat' dir='ltr'><strong><em>tartaream</em></strong></span> <span class='ocrx_word' id='word_1_60' title='bbox 1290 1189 1404 1268; x_wconf 86' lang='lat' dir='ltr'><strong><em>pellita</em></strong></span> <span class='ocrx_word' id='word_1_61' title='bbox 1455 1187 1508 1253; x_wconf 87' lang='lat' dir='ltr'><strong><em>hoc</em></strong></span> <span class='ocrx_word' id='word_1_62' title='bbox 1530 1209 1591 1252; x_wconf 89' lang='lat' dir='ltr'><strong><em>nou</em></strong></span> <span class='ocrx_word' id='word_1_63' title='bbox 1613 1209 1650 1250; x_wconf 76' lang='lat' dir='ltr'><strong><em>ese</em></strong></span> <span class='ocrx_word' id='word_1_64' title='bbox 1670 1189 1820 1270; x_wconf 77' lang='lat' dir='ltr'><strong><em>dipuitate</em></strong></span> <span class='ocrx_word' id='word_1_65' title='bbox 1840 1195 1998 1255; x_wconf 86' lang='lat' dir='ltr'><strong><em>creaturae</em></strong></span> <span class='ocrx_word' id='word_1_66' title='bbox 2019 1193 2211 1271; x_wconf 77' lang='lat' dir='ltr'><strong><em>ccc-iusquam,</em></strong></span> <span class='ocrx_word' id='word_1_67' title='bbox 2234 1193 2289 1256; x_wconf 90' lang='lat' dir='ltr'><strong><em>sed</em></strong></span> <span class='ocrx_word' id='word_1_68' title='bbox 2309 1214 2348 1256; x_wconf 84' lang='lat' dir='ltr'><strong><em>er</em></strong></span> <span class='ocrx_word' id='word_1_69' title='bbox 2366 1191 2429 1257; x_wconf 86' lang='lat' dir='ltr'><strong><em>Dei</em></strong></span> 
     </span>
     <span class='ocr_line' id='line_1_6' title="bbox 429 1274 2425 1359; baseline -0.001 -14"><span class='ocrx_word' id='word_1_70' title='bbox 429 1287 508 1345; x_wconf 86' lang='lat' dir='ltr'><strong><em>ueste</em></strong></span> <span class='ocrx_word' id='word_1_71' title='bbox 530 1284 652 1344; x_wconf 84' lang='lat' dir='ltr'><strong><em>sanctos</em></strong></span> <span class='ocrx_word' id='word_1_72' title='bbox 681 1277 781 1355; x_wconf 82' lang='lat' dir='ltr'><strong><em>uestit,</em></strong></span> <span class='ocrx_word' id='word_1_73' title='bbox 796 1294 799 1299; x_wconf 81' lang='grc'><strong>’</strong></span> <span class='ocrx_word' id='word_1_74' title='bbox 806 1276 902 1356; x_wconf 87' lang='lat' dir='ltr'><strong><em>fateri</em></strong></span> <span class='ocrx_word' id='word_1_75' title='bbox 923 1280 1026 1338; x_wconf 85' lang='grc'><em>333333</em></span> <span class='ocrx_word' id='word_1_76' title='bbox 1047 1274 1181 1356; x_wconf 83' lang='lat' dir='ltr'><strong><em>cupitur,</em></strong></span> <span class='ocrx_word' id='word_1_77' title='bbox 1209 1276 1275 1339; x_wconf 89' lang='lat' dir='ltr'><strong><em>sine</em></strong></span> <span class='ocrx_word' id='word_1_78' title='bbox 1297 1294 1403 1354; x_wconf 88' lang='lat' dir='ltr'><strong><em>pccca-</em></strong></span> <span class='ocrx_word' id='word_1_79' title='bbox 1455 1275 1648 1337; x_wconf 87' lang='lat' dir='ltr'><strong><em>ordinatione</em></strong></span> <span class='ocrx_word' id='word_1_80' title='bbox 1672 1275 1790 1355; x_wconf 83' lang='lat' dir='ltr'><strong><em>perutet.</em></strong></span> <span class='ocrx_word' id='word_1_81' title='bbox 1836 1275 1873 1338; x_wconf 85' lang='lat' dir='ltr'><strong><em>Si</em></strong></span> <span class='ocrx_word' id='word_1_82' title='bbox 1895 1277 2015 1356; x_wconf 82' lang='lat' dir='ltr'><strong><em>anpelis</em></strong></span> <span class='ocrx_word' id='word_1_83' title='bbox 2036 1277 2128 1341; x_wconf 89' lang='lat' dir='ltr'><strong><em>libeat</em></strong></span> <span class='ocrx_word' id='word_1_84' title='bbox 2149 1277 2217 1341; x_wconf 89' lang='lat' dir='ltr'><strong><em>Deo</em></strong></span> <span class='ocrx_word' id='word_1_85' title='bbox 2237 1279 2425 1359; x_wconf 76' lang='lat' dir='ltr'><strong><em>satisfacere,</em></strong></span> 
     </span>
     <span class='ocr_line' id='line_1_7' title="bbox 429 1358 2429 1441; baseline -0.001 -10"><span class='ocrx_word' id='word_1_86' title='bbox 429 1373 530 1431; x_wconf 87' lang='lat' dir='ltr'><strong><em>tarum</em></strong></span> <span class='ocrx_word' id='word_1_87' title='bbox 571 1365 750 1427; x_wconf 78' lang='lat' dir='ltr'><strong><em>remissione</em></strong></span> <span class='ocrx_word' id='word_1_88' title='bbox 782 1362 933 1425; x_wconf 69' lang='lat' dir='ltr'><strong><em>ruminum</em></strong></span> <span class='ocrx_word' id='word_1_89' title='bbox 966 1359 1091 1441; x_wconf 87' lang='lat' dir='ltr'><strong><em>placere</em></strong></span> <span class='ocrx_word' id='word_1_90' title='bbox 1121 1359 1196 1424; x_wconf 88' lang='lat' dir='ltr'><strong><em>Deo.</em></strong></span> <span class='ocrx_word' id='word_1_91' title='bbox 1253 1360 1341 1440; x_wconf 77' lang='lat' dir='ltr'><strong><em>Quod</em></strong></span> <span class='ocrx_word' id='word_1_92' title='bbox 1372 1360 1403 1422; x_wconf 89' lang='lat' dir='ltr'><strong><em>si</em></strong></span> <span class='ocrx_word' id='word_1_93' title='bbox 1455 1359 1534 1422; x_wconf 79' lang='lat' dir='ltr'><strong><em>uilut</em></strong></span> <span class='ocrx_word' id='word_1_94' title='bbox 1557 1358 1729 1438; x_wconf 80' lang='lat' dir='ltr'><strong><em>proficient,</em></strong></span> <span class='ocrx_word' id='word_1_95' title='bbox 1753 1360 1829 1439; x_wconf 77' lang='lat' dir='ltr'><strong><em>auia</em></strong></span> <span class='ocrx_word' id='word_1_96' title='bbox 1851 1382 1911 1423; x_wconf 91' lang='lat' dir='ltr'><strong><em>non</em></strong></span> <span class='ocrx_word' id='word_1_97' title='bbox 1933 1368 2006 1426; x_wconf 90' lang='lat' dir='ltr'><strong><em>sunt</em></strong></span> <span class='ocrx_word' id='word_1_98' title='bbox 2025 1363 2068 1425; x_wconf 90' lang='lat' dir='ltr'><strong><em>ad</em></strong></span> <span class='ocrx_word' id='word_1_99' title='bbox 2090 1363 2143 1426; x_wconf 92' lang='lat' dir='ltr'><strong><em>hoc</em></strong></span> <span class='ocrx_word' id='word_1_100' title='bbox 2162 1365 2317 1427; x_wconf 88' lang='lat' dir='ltr'><strong><em>destinati.</em></strong></span> <span class='ocrx_word' id='word_1_101' title='bbox 2362 1365 2429 1429; x_wconf 88' lang='lat' dir='ltr'><strong><em>Ho-</em></strong></span> 
     </span>
     <span class='ocr_line' id='line_1_8' title="bbox 429 1443 2429 1532; baseline -0.002 -16"><span class='ocrx_word' id='word_1_102' title='bbox 429 1472 535 1516; x_wconf 86' lang='lat' dir='ltr'><strong><em>eerum</em></strong></span> <span class='ocrx_word' id='word_1_103' title='bbox 563 1455 620 1526; x_wconf 85' lang='lat' dir='ltr'><strong><em>cst,</em></strong></span> <span class='ocrx_word' id='word_1_104' title='bbox 651 1449 759 1512; x_wconf 86' lang='lat' dir='ltr'><strong><em>saltem</em></strong></span> <span class='ocrx_word' id='word_1_105' title='bbox 785 1448 923 1511; x_wconf 79' lang='lat' dir='ltr'><strong><em>corrccdot</em></strong></span> <span class='ocrx_word' id='word_1_106' title='bbox 952 1446 1119 1511; x_wconf 88' lang='lat' dir='ltr'><strong><em>secundum</em></strong></span> <span class='ocrx_word' id='word_1_107' title='bbox 1145 1449 1249 1509; x_wconf 87' lang='lat' dir='ltr'><strong><em>ratam</em></strong></span> <span class='ocrx_word' id='word_1_108' title='bbox 1276 1450 1403 1525; x_wconf 87' lang='lat' dir='ltr'><strong><em>purtem</em></strong></span> <span class='ocrx_word' id='word_1_109' title='bbox 1454 1446 1534 1508; x_wconf 88' lang='lat' dir='ltr'><strong><em>mini</em></strong></span> <span class='ocrx_word' id='word_1_110' title='bbox 1555 1449 1655 1508; x_wconf 78' lang='lat' dir='ltr'><strong><em>andern</em></strong></span> <span class='ocrx_word' id='word_1_111' title='bbox 1679 1443 1800 1509; x_wconf 86' lang='lat' dir='ltr'><strong><em>Christo</em></strong></span> <span class='ocrx_word' id='word_1_112' title='bbox 1829 1446 1882 1508; x_wconf 91' lang='lat' dir='ltr'><strong><em>hoc</em></strong></span> <span class='ocrx_word' id='word_1_113' title='bbox 1903 1448 2062 1528; x_wconf 78' lang='lat' dir='ltr'><strong><em>sinpulore</em></strong></span> <span class='ocrx_word' id='word_1_114' title='bbox 2088 1447 2165 1528; x_wconf 84' lang='lat' dir='ltr'><strong><em>fuit,</em></strong></span> <span class='ocrx_word' id='word_1_115' title='bbox 2192 1451 2246 1529; x_wconf 82' lang='lat' dir='ltr'><strong><em>qui</em></strong></span> <span class='ocrx_word' id='word_1_116' title='bbox 2273 1450 2332 1532; x_wconf 76' lang='lat' dir='ltr'><strong><em>lep-i</em></strong></span> <span class='ocrx_word' id='word_1_117' title='bbox 2359 1451 2429 1514; x_wconf 79' lang='lat' dir='ltr'><strong><em>sub</em></strong></span> 
     </span>
     <span class='ocr_line' id='line_1_9' title="bbox 429 1531 2428 1616; baseline -0.002 -14"><span class='ocrx_word' id='word_1_118' title='bbox 429 1536 646 1616; x_wconf 83' lang='lat' dir='ltr'><strong><em>imputationis</em></strong></span> <span class='ocrx_word' id='word_1_119' title='bbox 668 1534 716 1615; x_wconf 86' lang='lat' dir='ltr'><strong><em>(t</em></strong></span> <span class='ocrx_word' id='word_1_120' title='bbox 737 1532 918 1616; x_wconf 74' lang='lat' dir='ltr'><strong><em>loquuntur)</em></strong></span> <span class='ocrx_word' id='word_1_121' title='bbox 941 1534 1039 1594; x_wconf 89' lang='lat' dir='ltr'><strong><em>iustos</em></strong></span> <span class='ocrx_word' id='word_1_122' title='bbox 1060 1531 1175 1594; x_wconf 87' lang='lat' dir='ltr'><strong><em>conseri</em></strong></span> <span class='ocrx_word' id='word_1_123' title='bbox 1198 1531 1253 1610; x_wconf 82' lang='lat' dir='ltr'><strong><em>qui</em></strong></span> <span class='ocrx_word' id='word_1_124' title='bbox 1275 1552 1308 1594; x_wconf 91' lang='lat' dir='ltr'><strong><em>re</em></strong></span> <span class='ocrx_word' id='word_1_125' title='bbox 1329 1532 1403 1610; x_wconf 90' lang='lat' dir='ltr'><strong><em>ipsa</em></strong></span> <span class='ocrx_word' id='word_1_126' title='bbox 1453 1532 1548 1596; x_wconf 88' lang='lat' dir='ltr'><strong><em>iectus</em></strong></span> <span class='ocrx_word' id='word_1_127' title='bbox 1565 1535 1609 1593; x_wconf 90' lang='lat' dir='ltr'><strong><em>est</em></strong></span> <span class='ocrx_word' id='word_1_128' title='bbox 1625 1535 1660 1592; x_wconf 89' lang='lat' dir='ltr'><strong><em>nt</em></strong></span> <span class='ocrx_word' id='word_1_129' title='bbox 1676 1551 1731 1596; x_wconf 90' lang='lat' dir='ltr'><strong><em>nos</em></strong></span> <span class='ocrx_word' id='word_1_130' title='bbox 1748 1552 1769 1593; x_wconf 93' lang='lat' dir='ltr'><strong><em>a</em></strong></span> <span class='ocrx_word' id='word_1_131' title='bbox 1786 1532 1996 1597; x_wconf 79' lang='lat' dir='ltr'><strong><em>maledictione</em></strong></span> <span class='ocrx_word' id='word_1_132' title='bbox 2013 1534 2090 1616; x_wconf 82' lang='lat' dir='ltr'><strong><em>lepis</em></strong></span> <span class='ocrx_word' id='word_1_133' title='bbox 2106 1536 2274 1599; x_wconf 86' lang='lat' dir='ltr'><strong><em>redimeret.</em></strong></span> <span class='ocrx_word' id='word_1_134' title='bbox 2320 1535 2428 1598; x_wconf 85' lang='lat' dir='ltr'><strong><em>Nimis</em></strong></span> 
     </span>
     <span class='ocr_line' id='line_1_10' title="bbox 429 1615 2428 1702; baseline -0.002 -15"><span class='ocrx_word' id='word_1_135' title='bbox 429 1644 490 1687; x_wconf 89' lang='lat' dir='ltr'><strong><em>nou</em></strong></span> <span class='ocrx_word' id='word_1_136' title='bbox 512 1626 592 1685; x_wconf 84' lang='grc'><em>33333.</em></span> <span class='ocrx_word' id='word_1_137' title='bbox 639 1620 800 1699; x_wconf 74' lang='lat' dir='ltr'><strong><em>Quomque</em></strong></span> <span class='ocrx_word' id='word_1_138' title='bbox 825 1622 925 1681; x_wconf 89' lang='lat' dir='ltr'><strong><em>autem</em></strong></span> <span class='ocrx_word' id='word_1_139' title='bbox 947 1617 1083 1682; x_wconf 80' lang='lat' dir='ltr'><strong><em>entcrulet</em></strong></span> <span class='ocrx_word' id='word_1_140' title='bbox 1104 1620 1245 1696; x_wconf 87' lang='lat' dir='ltr'><strong><em>peccator</em></strong></span> <span class='ocrx_word' id='word_1_141' title='bbox 1267 1621 1402 1695; x_wconf 79' lang='lat' dir='ltr'><strong><em>accepta</em></strong></span> <span class='ocrx_word' id='word_1_142' title='bbox 1453 1617 1547 1680; x_wconf 88' lang='lat' dir='ltr'><strong><em>etiam</em></strong></span> <span class='ocrx_word' id='word_1_143' title='bbox 1573 1615 1708 1696; x_wconf 90' lang='lat' dir='ltr'><strong><em>improbe</em></strong></span> <span class='ocrx_word' id='word_1_144' title='bbox 1735 1616 1944 1681; x_wconf 81' lang='lat' dir='ltr'><strong><em>calumniatur</em></strong></span> <span class='ocrx_word' id='word_1_145' title='bbox 1971 1639 2021 1683; x_wconf 92' lang='lat' dir='ltr'><strong><em>eos</em></strong></span> <span class='ocrx_word' id='word_1_146' title='bbox 2048 1621 2103 1699; x_wconf 73' lang='lat' dir='ltr'><strong><em>qui</em></strong></span> <span class='ocrx_word' id='word_1_147' title='bbox 2128 1626 2239 1702; x_wconf 75' lang='lat' dir='ltr'><strong><em>erepant</em></strong></span> <span class='ocrx_word' id='word_1_148' title='bbox 2270 1619 2428 1685; x_wconf 74' lang='lat' dir='ltr'><strong><em>Christum</em></strong></span> 
     </span>
     <span class='ocr_line' id='line_1_11' title="bbox 429 1701 2427 1785; baseline -0.001 -13"><span class='ocrx_word' id='word_1_149' title='bbox 429 1710 541 1773; x_wconf 87' lang='lat' dir='ltr'><strong><em>tionem</em></strong></span> <span class='ocrx_word' id='word_1_150' title='bbox 574 1705 653 1767; x_wconf 80' lang='lat' dir='ltr'><strong><em>leone</em></strong></span> <span class='ocrx_word' id='word_1_151' title='bbox 683 1705 868 1785; x_wconf 82' lang='lat' dir='ltr'><strong><em>pratuitam,</em></strong></span> <span class='ocrx_word' id='word_1_152' title='bbox 904 1723 984 1783; x_wconf 78' lang='lat' dir='ltr'><strong><em>quac</em></strong></span> <span class='ocrx_word' id='word_1_153' title='bbox 1016 1701 1202 1785; x_wconf 77' lang='lat' dir='ltr'><strong><em>subrepatur</em></strong></span> <span class='ocrx_word' id='word_1_154' title='bbox 1234 1702 1268 1764; x_wconf 89' lang='lat' dir='ltr'><strong><em>in</em></strong></span> <span class='ocrx_word' id='word_1_155' title='bbox 1302 1703 1400 1765; x_wconf 89' lang='lat' dir='ltr'><strong><em>locum</em></strong></span> <span class='ocrx_word' id='word_1_156' title='bbox 1453 1701 1621 1766; x_wconf 79' lang='lat' dir='ltr'><strong><em>secundnm</em></strong></span> <span class='ocrx_word' id='word_1_157' title='bbox 1642 1701 1785 1766; x_wconf 86' lang='lat' dir='ltr'><strong><em>diuinam</em></strong></span> <span class='ocrx_word' id='word_1_158' title='bbox 1804 1708 1952 1768; x_wconf 87' lang='lat' dir='ltr'><strong><em>naturam</em></strong></span> <span class='ocrx_word' id='word_1_159' title='bbox 1973 1725 2038 1769; x_wconf 90' lang='lat' dir='ltr'><strong><em>esse</em></strong></span> <span class='ocrx_word' id='word_1_160' title='bbox 2066 1706 2153 1769; x_wconf 89' lang='lat' dir='ltr'><strong><em>nobis</em></strong></span> <span class='ocrx_word' id='word_1_161' title='bbox 2181 1707 2348 1784; x_wconf 85' lang='lat' dir='ltr'><strong><em>iustitiam,</em></strong></span> <span class='ocrx_word' id='word_1_162' title='bbox 2381 1729 2427 1771; x_wconf 91' lang='lat' dir='ltr'><strong><em>re-</em></strong></span> 
     </span>
     <span class='ocr_line' id='line_1_12' title="bbox 430 1787 2427 1873; baseline 0 -16"><span class='ocrx_word' id='word_1_163' title='bbox 430 1791 593 1857; x_wconf 69' lang='grc' dir='ltr'><em>33333333εὲ</em></span> <span class='ocrx_word' id='word_1_164' title='bbox 624 1790 808 1866; x_wconf 73' lang='lat' dir='ltr'><strong><em>callemus,</em></strong></span> <span class='ocrx_word' id='word_1_165' title='bbox 842 1810 884 1851; x_wconf 85' lang='grc'><strong><em>33</em></strong></span> <span class='ocrx_word' id='word_1_166' title='bbox 906 1809 944 1851; x_wconf 82' lang='lat' dir='ltr'><strong><em>en</em></strong></span> <span class='ocrx_word' id='word_1_167' title='bbox 965 1789 1084 1851; x_wconf 71' lang='lat' dir='ltr'><strong><em>iconia?</em></strong></span> <span class='ocrx_word' id='word_1_168' title='bbox 1128 1787 1304 1869; x_wconf 78' lang='lat' dir='ltr'><strong><em>Arnbipuus</em></strong></span> <span class='ocrx_word' id='word_1_169' title='bbox 1327 1808 1401 1866; x_wconf 77' lang='lat' dir='ltr'><strong><em>pro</em></strong></span> <span class='ocrx_word' id='word_1_170' title='bbox 1454 1787 1592 1866; x_wconf 75' lang='lat' dir='ltr'><strong><em>linque-rc</em></strong></span> <span class='ocrx_word' id='word_1_171' title='bbox 1617 1807 1714 1851; x_wconf 84' lang='grc'><em>333333</em></span> <span class='ocrx_word' id='word_1_172' title='bbox 1743 1793 1862 1851; x_wconf 79' lang='lat' dir='ltr'><strong><em>teritum</em></strong></span> <span class='ocrx_word' id='word_1_173' title='bbox 1887 1795 2014 1870; x_wconf 87' lang='lat' dir='ltr'><strong><em>partem</em></strong></span> <span class='ocrx_word' id='word_1_174' title='bbox 2039 1792 2077 1856; x_wconf 90' lang='lat' dir='ltr'><strong><em>de</em></strong></span> <span class='ocrx_word' id='word_1_175' title='bbox 2104 1788 2240 1868; x_wconf 86' lang='lat' dir='ltr'><strong><em>Christo,</em></strong></span> <span class='ocrx_word' id='word_1_176' title='bbox 2274 1797 2303 1856; x_wconf 91' lang='lat' dir='ltr'><strong><em>ct</em></strong></span> <span class='ocrx_word' id='word_1_177' title='bbox 2331 1793 2427 1873; x_wconf 80' lang='lat' dir='ltr'><strong><em>(quod</em></strong></span> 
     </span>
     <span class='ocr_line' id='line_1_13' title="bbox 427 1872 2426 1961; baseline -0.001 -18"><span class='ocrx_word' id='word_1_178' title='bbox 427 1879 503 1961; x_wconf 86' lang='lat' dir='ltr'><strong><em>fecto</em></strong></span> <span class='ocrx_word' id='word_1_179' title='bbox 525 1882 552 1941; x_wconf 92' lang='lat' dir='ltr'><strong><em>et</em></strong></span> <span class='ocrx_word' id='word_1_180' title='bbox 573 1876 727 1940; x_wconf 74' lang='lat' dir='ltr'><strong><em>vacillans</em></strong></span> <span class='ocrx_word' id='word_1_181' title='bbox 751 1877 783 1938; x_wconf 90' lang='lat' dir='ltr'><strong><em>in</em></strong></span> <span class='ocrx_word' id='word_1_182' title='bbox 805 1874 883 1937; x_wconf 72' lang='lat' dir='ltr'><strong><em>llario</em></strong></span> <span class='ocrx_word' id='word_1_183' title='bbox 904 1879 931 1938; x_wconf 92' lang='lat' dir='ltr'><strong><em>ct</em></strong></span> <span class='ocrx_word' id='word_1_184' title='bbox 952 1875 987 1936; x_wconf 90' lang='lat' dir='ltr'><strong><em>iu</em></strong></span> <span class='ocrx_word' id='word_1_185' title='bbox 1004 1874 1082 1936; x_wconf 83' lang='lat' dir='ltr'><strong><em>luam</em></strong></span> <span class='ocrx_word' id='word_1_186' title='bbox 1101 1878 1225 1952; x_wconf 84' lang='lat' dir='ltr'><strong><em>portem</em></strong></span> <span class='ocrx_word' id='word_1_187' title='bbox 1242 1872 1399 1953; x_wconf 86' lang='lat' dir='ltr'><strong><em>pcrulcbit:</em></strong></span> <span class='ocrx_word' id='word_1_188' title='bbox 1452 1874 1588 1937; x_wconf 87' lang='lat' dir='ltr'><strong><em>deterius</em></strong></span> <span class='ocrx_word' id='word_1_189' title='bbox 1605 1872 1662 1955; x_wconf 89' lang='lat' dir='ltr'><strong><em>est)</em></strong></span> <span class='ocrx_word' id='word_1_190' title='bbox 1679 1874 1781 1953; x_wconf 89' lang='lat' dir='ltr'><strong><em>facere</em></strong></span> <span class='ocrx_word' id='word_1_191' title='bbox 1797 1875 1875 1939; x_wconf 89' lang='lat' dir='ltr'><strong><em>duos</em></strong></span> <span class='ocrx_word' id='word_1_192' title='bbox 1891 1875 1977 1955; x_wconf 90' lang='lat' dir='ltr'><strong><em>deos,·</em></strong></span> <span class='ocrx_word' id='word_1_193' title='bbox 1994 1877 2079 1956; x_wconf 73' lang='lat' dir='ltr'><strong><em>quiri,</em></strong></span> <span class='ocrx_word' id='word_1_194' title='bbox 2097 1877 2154 1940; x_wconf 84' lang='lat' dir='ltr'><strong><em>etsi</em></strong></span> <span class='ocrx_word' id='word_1_195' title='bbox 2168 1878 2305 1959; x_wconf 83' lang='lat' dir='ltr'><strong><em>fatentur</em></strong></span> <span class='ocrx_word' id='word_1_196' title='bbox 2321 1876 2426 1942; x_wconf 88' lang='lat' dir='ltr'><strong><em>Deum</em></strong></span> 
     </span>
     <span class='ocr_line' id='line_1_14' title="bbox 429 1958 2426 2046; baseline 0.002 -20"><span class='ocrx_word' id='word_1_197' title='bbox 429 1964 505 2046; x_wconf 79' lang='lat' dir='ltr'><strong><em>quia</em></strong></span> <span class='ocrx_word' id='word_1_198' title='bbox 531 1982 590 2026; x_wconf 90' lang='lat' dir='ltr'><strong><em>nou</em></strong></span> <span class='ocrx_word' id='word_1_199' title='bbox 623 1961 723 2026; x_wconf 75' lang='lat' dir='ltr'><strong><em>tinebit</em></strong></span> <span class='ocrx_word' id='word_1_200' title='bbox 755 1966 905 2042; x_wconf 79' lang='lat' dir='ltr'><strong><em>quantum</em></strong></span> <span class='ocrx_word' id='word_1_201' title='bbox 937 1960 980 2022; x_wconf 91' lang='lat' dir='ltr'><strong><em>ad</em></strong></span> <span class='ocrx_word' id='word_1_202' title='bbox 1011 1959 1162 2039; x_wconf 67' lang='lat' dir='ltr'><strong><em>fiduciam</em></strong></span> <span class='ocrx_word' id='word_1_203' title='bbox 1193 1959 1400 2022; x_wconf 86' lang='lat' dir='ltr'><strong><em>necessarium</em></strong></span> <span class='ocrx_word' id='word_1_204' title='bbox 1453 1958 1592 2022; x_wconf 85' lang='lat' dir='ltr'><strong><em>habitare</em></strong></span> <span class='ocrx_word' id='word_1_205' title='bbox 1611 1960 1645 2021; x_wconf 91' lang='lat' dir='ltr'><strong><em>in</em></strong></span> <span class='ocrx_word' id='word_1_206' title='bbox 1663 1959 1758 2037; x_wconf 83' lang='lat' dir='ltr'><strong><em>riobis,</em></strong></span> <span class='ocrx_word' id='word_1_207' title='bbox 1780 1960 1947 2023; x_wconf 79' lang='lat' dir='ltr'><strong><em>reclamant</em></strong></span> <span class='ocrx_word' id='word_1_208' title='bbox 1968 1967 2069 2026; x_wconf 82' lang='grc'><em>333333</em></span> <span class='ocrx_word' id='word_1_209' title='bbox 2086 1982 2147 2025; x_wconf 92' lang='lat' dir='ltr'><strong><em>non</em></strong></span> <span class='ocrx_word' id='word_1_210' title='bbox 2164 1983 2229 2027; x_wconf 89' lang='lat' dir='ltr'><strong><em>esse</em></strong></span> <span class='ocrx_word' id='word_1_211' title='bbox 2250 1983 2306 2029; x_wconf 88' lang='lat' dir='ltr'><strong><em>nos</em></strong></span> <span class='ocrx_word' id='word_1_212' title='bbox 2327 1965 2426 2029; x_wconf 87' lang='lat' dir='ltr'><strong><em>iustos</em></strong></span> 
     </span>
     <span class='ocr_line' id='line_1_15' title="bbox 429 2043 2426 2129; baseline -0.001 -14"><span class='ocrx_word' id='word_1_213' title='bbox 429 2049 488 2115; x_wconf 89' lang='lat' dir='ltr'><strong><em>erit</em></strong></span> <span class='ocrx_word' id='word_1_214' title='bbox 513 2048 651 2111; x_wconf 72' lang='lat' dir='ltr'><strong><em>iustitiae</em></strong></span> <span class='ocrx_word' id='word_1_215' title='bbox 679 2047 741 2111; x_wconf 91' lang='lat' dir='ltr'><strong><em>sibi</em></strong></span> <span class='ocrx_word' id='word_1_216' title='bbox 767 2067 894 2109; x_wconf 84' lang='grc'><em>3333333.</em></span> <span class='ocrx_word' id='word_1_217' title='bbox 938 2045 1025 2109; x_wconf 89' lang='lat' dir='ltr'><strong><em>Bene</em></strong></span> <span class='ocrx_word' id='word_1_218' title='bbox 1045 2049 1090 2108; x_wconf 92' lang='lat' dir='ltr'><strong><em>cst</em></strong></span> <span class='ocrx_word' id='word_1_219' title='bbox 1111 2044 1192 2122; x_wconf 78' lang='lat' dir='ltr'><strong><em>quod</em></strong></span> <span class='ocrx_word' id='word_1_220' title='bbox 1213 2043 1307 2105; x_wconf 80' lang='lat' dir='ltr'><strong><em>liuius</em></strong></span> <span class='ocrx_word' id='word_1_221' title='bbox 1328 2063 1400 2106; x_wconf 88' lang='lat' dir='ltr'><strong><em>cau-</em></strong></span> <span class='ocrx_word' id='word_1_222' title='bbox 1453 2045 1575 2107; x_wconf 87' lang='lat' dir='ltr'><strong><em>institiu</em></strong></span> <span class='ocrx_word' id='word_1_223' title='bbox 1595 2043 1665 2108; x_wconf 86' lang='lat' dir='ltr'><strong><em>Dei.</em></strong></span> <span class='ocrx_word' id='word_1_224' title='bbox 1703 2044 1810 2124; x_wconf 81' lang='lat' dir='ltr'><strong><em>Neque</em></strong></span> <span class='ocrx_word' id='word_1_225' title='bbox 1830 2047 1913 2108; x_wconf 86' lang='lat' dir='ltr'><strong><em>cuim</em></strong></span> <span class='ocrx_word' id='word_1_226' title='bbox 1933 2048 1964 2109; x_wconf 92' lang='lat' dir='ltr'><strong><em>si</em></strong></span> <span class='ocrx_word' id='word_1_227' title='bbox 1988 2045 2152 2125; x_wconf 74' lang='lat' dir='ltr'><strong><em>Christum,</em></strong></span> <span class='ocrx_word' id='word_1_228' title='bbox 2175 2054 2325 2129; x_wconf 70' lang='lat' dir='ltr'><strong><em>quomens</em></strong></span> <span class='ocrx_word' id='word_1_229' title='bbox 2345 2070 2426 2113; x_wconf 81' lang='lat' dir='ltr'><strong><em>neor·</em></strong></span> 
     </span>
     <span class='ocr_line' id='line_1_16' title="bbox 429 2128 2462 2213; baseline 0 -14"><span class='ocrx_word' id='word_1_230' title='bbox 429 2155 483 2199; x_wconf 91' lang='lat' dir='ltr'><strong><em>sae</em></strong></span> <span class='ocrx_word' id='word_1_231' title='bbox 504 2153 564 2197; x_wconf 90' lang='lat' dir='ltr'><strong><em>non</em></strong></span> <span class='ocrx_word' id='word_1_232' title='bbox 586 2139 630 2197; x_wconf 89' lang='lat' dir='ltr'><strong><em>cst</em></strong></span> <span class='ocrx_word' id='word_1_233' title='bbox 652 2131 774 2209; x_wconf 81' lang='lat' dir='ltr'><strong><em>arbiter,</em></strong></span> <span class='ocrx_word' id='word_1_234' title='bbox 797 2134 852 2211; x_wconf 75' lang='lat' dir='ltr'><strong><em>arci</em></strong></span> <span class='ocrx_word' id='word_1_235' title='bbox 875 2131 940 2194; x_wconf 88' lang='lat' dir='ltr'><strong><em>Deo</em></strong></span> <span class='ocrx_word' id='word_1_236' title='bbox 962 2131 1055 2213; x_wconf 82' lang='lat' dir='ltr'><strong><em>lepem</em></strong></span> <span class='ocrx_word' id='word_1_237' title='bbox 1076 2130 1162 2193; x_wconf 92' lang='lat' dir='ltr'><strong><em>ocllet</em></strong></span> <span class='ocrx_word' id='word_1_238' title='bbox 1178 2128 1398 2208; x_wconf 86' lang='lat' dir='ltr'><strong><em>praescribere.</em></strong></span> <span class='ocrx_word' id='word_1_239' title='bbox 1452 2135 1510 2192; x_wconf 91' lang='lat' dir='ltr'><strong><em>tem</em></strong></span> <span class='ocrx_word' id='word_1_240' title='bbox 1532 2131 1640 2205; x_wconf 79' lang='lat' dir='ltr'><strong><em>scrbiit,</em></strong></span> <span class='ocrx_word' id='word_1_241' title='bbox 1670 2134 1703 2191; x_wconf 90' lang='lat' dir='ltr'><strong><em>ut</em></strong></span> <span class='ocrx_word' id='word_1_242' title='bbox 1731 2131 1898 2195; x_wconf 88' lang='lat' dir='ltr'><strong><em>destrueret</em></strong></span> <span class='ocrx_word' id='word_1_243' title='bbox 1922 2153 1991 2196; x_wconf 90' lang='lat' dir='ltr'><strong><em>cum</em></strong></span> <span class='ocrx_word' id='word_1_244' title='bbox 2013 2133 2066 2213; x_wconf 80' lang='lat' dir='ltr'><strong><em>qui</em></strong></span> <span class='ocrx_word' id='word_1_245' title='bbox 2088 2132 2215 2197; x_wconf 89' lang='lat' dir='ltr'><strong><em>habebat</em></strong></span> <span class='ocrx_word' id='word_1_246' title='bbox 2236 2137 2346 2199; x_wconf 80' lang='lat' dir='ltr'><strong><em>inertis</em></strong></span> <span class='ocrx_word' id='word_1_247' title='bbox 2367 2136 2426 2198; x_wconf 89' lang='lat' dir='ltr'><strong><em>im·</em></strong></span> <span class='ocrx_word' id='word_1_248' title='bbox 2457 2165 2462 2172; x_wconf 97' lang='lat'>·</span> 
     </span>
     <span class='ocr_line' id='line_1_17' title="bbox 433 2213 2424 2300; baseline -0.002 -14"><span class='ocrx_word' id='word_1_249' title='bbox 433 2219 594 2286; x_wconf 79' lang='lat' dir='ltr'><strong><em>Caeterum</em></strong></span> <span class='ocrx_word' id='word_1_250' title='bbox 615 2219 696 2282; x_wconf 88' lang='lat' dir='ltr'><strong><em>illud</em></strong></span> <span class='ocrx_word' id='word_1_251' title='bbox 718 2218 811 2281; x_wconf 91' lang='lat' dir='ltr'><strong><em>stabit</em></strong></span> <span class='ocrx_word' id='word_1_252' title='bbox 835 2218 951 2298; x_wconf 80' lang='lat' dir='ltr'><strong><em>finient:</em></strong></span> <span class='ocrx_word' id='word_1_253' title='bbox 980 2215 1213 2295; x_wconf 84' lang='lat' dir='ltr'><strong><em>utiustificcris</em></strong></span> <span class='ocrx_word' id='word_1_254' title='bbox 1235 2216 1400 2278; x_wconf 75' lang='lat' dir='ltr'><strong><em>inserena</em></strong></span> <span class='ocrx_word' id='word_1_255' title='bbox 1449 2215 1575 2294; x_wconf 84' lang='lat' dir='ltr'><strong><em>perium</em></strong></span> <span class='ocrx_word' id='word_1_256' title='bbox 1598 2213 1713 2297; x_wconf 85' lang='lat' dir='ltr'><strong><em>(Hebr.</em></strong></span> <span class='ocrx_word' id='word_1_257' title='bbox 1734 2219 1767 2293; x_wconf 84' lang='lat'><strong><em>2,</em></strong></span> <span class='ocrx_word' id='word_1_258' title='bbox 1796 2216 1864 2298; x_wconf 73' lang='lat' dir='ltr'><strong><em>ll),</em></strong></span> <span class='ocrx_word' id='word_1_259' title='bbox 1894 2238 2037 2282; x_wconf 86' lang='lat' dir='ltr'><strong><em>uocarnus</em></strong></span> <span class='ocrx_word' id='word_1_260' title='bbox 2063 2224 2202 2283; x_wconf 77' lang='lat' dir='ltr'><strong><em>auctorem</em></strong></span> <span class='ocrx_word' id='word_1_261' title='bbox 2229 2220 2322 2298; x_wconf 87' lang='lat' dir='ltr'><strong><em>uitae,</em></strong></span> <span class='ocrx_word' id='word_1_262' title='bbox 2349 2241 2424 2300; x_wconf 92' lang='lat' dir='ltr'><strong><em>pra-</em></strong></span> 
     </span>
     <span class='ocr_line' id='line_1_18' title="bbox 429 2298 2423 2386; baseline 0 -16"><span class='ocrx_word' id='word_1_263' title='bbox 429 2307 522 2370; x_wconf 88' lang='lat' dir='ltr'><strong><em>nibus</em></strong></span> <span class='ocrx_word' id='word_1_264' title='bbox 548 2304 626 2381; x_wconf 92' lang='lat' dir='ltr'><strong><em>tuis,</em></strong></span> <span class='ocrx_word' id='word_1_265' title='bbox 659 2308 687 2366; x_wconf 91' lang='lat' dir='ltr'><strong><em>et</em></strong></span> <span class='ocrx_word' id='word_1_266' title='bbox 719 2305 826 2367; x_wconf 71' lang='lat' dir='ltr'><strong><em>vuineas</em></strong></span> <span class='ocrx_word' id='word_1_267' title='bbox 852 2302 1127 2383; x_wconf 74' lang='lat' dir='ltr'><strong><em>quinniudicaris</em></strong></span> <span class='ocrx_word' id='word_1_268' title='bbox 1152 2300 1255 2380; x_wconf 83' lang='lat' dir='ltr'><strong><em>(Psul,</em></strong></span> <span class='ocrx_word' id='word_1_269' title='bbox 1279 2304 1328 2375; x_wconf 87' lang='lat'><strong><em>51,</em></strong></span> <span class='ocrx_word' id='word_1_270' title='bbox 1355 2298 1399 2381; x_wconf 83' lang='grc'><strong><em>6).</em></strong></span> <span class='ocrx_word' id='word_1_271' title='bbox 1452 2301 1539 2364; x_wconf 76' lang='lat' dir='ltr'><strong><em>tirius</em></strong></span> <span class='ocrx_word' id='word_1_272' title='bbox 1559 2305 1653 2363; x_wconf 86' lang='lat' dir='ltr'><strong><em>lotum</em></strong></span> <span class='ocrx_word' id='word_1_273' title='bbox 1675 2301 1787 2380; x_wconf 90' lang='lat' dir='ltr'><strong><em>ipsum,</em></strong></span> <span class='ocrx_word' id='word_1_274' title='bbox 1813 2308 1844 2365; x_wconf 89' lang='lat' dir='ltr'><strong><em>ut</em></strong></span> <span class='ocrx_word' id='word_1_275' title='bbox 1866 2309 1910 2366; x_wconf 89' lang='lat' dir='ltr'><strong><em>est</em></strong></span> <span class='ocrx_word' id='word_1_276' title='bbox 1926 2303 2015 2368; x_wconf 85' lang='lat' dir='ltr'><strong><em>Deus</em></strong></span> <span class='ocrx_word' id='word_1_277' title='bbox 2034 2305 2070 2366; x_wconf 89' lang='lat' dir='ltr'><strong><em>in</em></strong></span> <span class='ocrx_word' id='word_1_278' title='bbox 2089 2324 2180 2368; x_wconf 82' lang='grc'><em>3333333</em></span> <span class='ocrx_word' id='word_1_279' title='bbox 2196 2304 2423 2386; x_wconf 79' lang='lat' dir='ltr'><strong><em>rnarrifestatus,</em></strong></span> 
     </span>
     <span class='ocr_line' id='line_1_19' title="bbox 433 2385 2425 2473; baseline 0 -18"><span class='ocrx_word' id='word_1_280' title='bbox 433 2392 573 2472; x_wconf 60' lang='lat' dir='ltr'><strong><em>Quidue</em></strong></span> <span class='ocrx_word' id='word_1_281' title='bbox 612 2394 714 2453; x_wconf 88' lang='lat' dir='ltr'><strong><em>autem</em></strong></span> <span class='ocrx_word' id='word_1_282' title='bbox 753 2389 951 2471; x_wconf 82' lang='lat' dir='ltr'><strong><em>arropantiae</em></strong></span> <span class='ocrx_word' id='word_1_283' title='bbox 988 2406 1032 2450; x_wconf 82' lang='lat' dir='ltr'><strong><em>ese</em></strong></span> <span class='ocrx_word' id='word_1_284' title='bbox 1063 2387 1213 2450; x_wconf 79' lang='lat' dir='ltr'><strong><em>(lairenare</em></strong></span> <span class='ocrx_word' id='word_1_285' title='bbox 1244 2405 1401 2450; x_wconf 89' lang='lat' dir='ltr'><strong><em>summum</em></strong></span> <span class='ocrx_word' id='word_1_286' title='bbox 1450 2385 1640 2465; x_wconf 79' lang='lat' dir='ltr'><strong><em>fraudamus</em></strong></span> <span class='ocrx_word' id='word_1_287' title='bbox 1660 2385 1714 2449; x_wconf 91' lang='lat' dir='ltr'><strong><em>hoc</em></strong></span> <span class='ocrx_word' id='word_1_288' title='bbox 1735 2387 1863 2466; x_wconf 88' lang='lat' dir='ltr'><strong><em>honore;</em></strong></span> <span class='ocrx_word' id='word_1_289' title='bbox 1886 2389 1940 2453; x_wconf 91' lang='lat' dir='ltr'><strong><em>sed</em></strong></span> <span class='ocrx_word' id='word_1_290' title='bbox 1968 2394 2088 2453; x_wconf 85' lang='grc'><em>33333333</em></span> <span class='ocrx_word' id='word_1_291' title='bbox 2110 2390 2332 2473; x_wconf 77' lang='lat' dir='ltr'><strong><em>distinpnimns</em></strong></span> <span class='ocrx_word' id='word_1_292' title='bbox 2353 2413 2425 2472; x_wconf 77' lang='lat' dir='ltr'><strong><em>ocra</em></strong></span> 
     </span>
     <span class='ocr_line' id='line_1_20' title="bbox 430 2471 2425 2558; baseline -0.001 -17"><span class='ocrx_word' id='word_1_293' title='bbox 430 2477 563 2541; x_wconf 88' lang='lat' dir='ltr'><strong><em>indicem</em></strong></span> <span class='ocrx_word' id='word_1_294' title='bbox 585 2495 681 2555; x_wconf 73' lang='lat' dir='ltr'><strong><em>qurum</em></strong></span> <span class='ocrx_word' id='word_1_295' title='bbox 699 2475 801 2558; x_wconf 80' lang='lat' dir='ltr'><strong><em>pratis</em></strong></span> <span class='ocrx_word' id='word_1_296' title='bbox 824 2474 967 2549; x_wconf 81' lang='lat' dir='ltr'><strong><em>absoluit,</em></strong></span> <span class='ocrx_word' id='word_1_297' title='bbox 995 2493 1033 2534; x_wconf 87' lang='lat' dir='ltr'><strong><em>ne</em></strong></span> <span class='ocrx_word' id='word_1_298' title='bbox 1054 2473 1153 2534; x_wconf 42' lang='lat' dir='ltr'><strong><em>‘calcat</em></strong></span> <span class='ocrx_word' id='word_1_299' title='bbox 1175 2471 1256 2535; x_wconf 87' lang='lat' dir='ltr'><strong><em>illud</em></strong></span> <span class='ocrx_word' id='word_1_300' title='bbox 1277 2491 1400 2551; x_wconf 85' lang='lat' dir='ltr'><strong><em>respon-</em></strong></span> <span class='ocrx_word' id='word_1_301' title='bbox 1451 2473 1604 2536; x_wconf 89' lang='lat' dir='ltr'><strong><em>modoad</em></strong></span> <span class='ocrx_word' id='word_1_302' title='bbox 1630 2491 1686 2534; x_wconf 90' lang='lat' dir='ltr'><strong><em>nos</em></strong></span> <span class='ocrx_word' id='word_1_303' title='bbox 1708 2475 1870 2552; x_wconf 76' lang='lat' dir='ltr'><strong><em>perveniat</em></strong></span> <span class='ocrx_word' id='word_1_304' title='bbox 1895 2474 2018 2537; x_wconf 88' lang='lat' dir='ltr'><strong><em>iustitia</em></strong></span> <span class='ocrx_word' id='word_1_305' title='bbox 2040 2474 2118 2554; x_wconf 88' lang='lat' dir='ltr'><strong><em>Dei,</em></strong></span> <span class='ocrx_word' id='word_1_306' title='bbox 2147 2482 2182 2539; x_wconf 89' lang='grc'><strong><em>33</em></strong></span> <span class='ocrx_word' id='word_1_307' title='bbox 2207 2497 2244 2540; x_wconf 87' lang='grc'><strong><em>33</em></strong></span> <span class='ocrx_word' id='word_1_308' title='bbox 2267 2479 2425 2558; x_wconf 88' lang='lat' dir='ltr'><strong><em>fruamur.</em></strong></span> 
     </span>
     <span class='ocr_line' id='line_1_21' title="bbox 430 2555 2424 2643; baseline 0.001 -18"><span class='ocrx_word' id='word_1_309' title='bbox 430 2582 515 2627; x_wconf 89' lang='lat' dir='ltr'><strong><em>sum:</em></strong></span> <span class='ocrx_word' id='word_1_310' title='bbox 536 2559 700 2623; x_wconf 89' lang='lat' dir='ltr'><strong><em>miserebor</em></strong></span> <span class='ocrx_word' id='word_1_311' title='bbox 723 2561 811 2623; x_wconf 86' lang='lat' dir='ltr'><strong><em>cuias</em></strong></span> <span class='ocrx_word' id='word_1_312' title='bbox 831 2557 1020 2623; x_wconf 78' lang='lat' dir='ltr'><strong><em>miserebor?</em></strong></span> <span class='ocrx_word' id='word_1_313' title='bbox 1043 2556 1161 2640; x_wconf 82' lang='lat' dir='ltr'><strong><em>(Exod.</em></strong></span> <span class='ocrx_word' id='word_1_314' title='bbox 1182 2560 1232 2633; x_wconf 88' lang='lat'><strong><em>33,</em></strong></span> <span class='ocrx_word' id='word_1_315' title='bbox 1256 2557 1317 2640; x_wconf 83' lang='lat'>19).</span> <span class='ocrx_word' id='word_1_316' title='bbox 1357 2555 1400 2619; x_wconf 84' lang='lat' dir='ltr'><strong><em>Et</em></strong></span> <span class='ocrx_word' id='word_1_317' title='bbox 1452 2555 1494 2619; x_wconf 86' lang='lat' dir='ltr'><strong><em>In</em></strong></span> <span class='ocrx_word' id='word_1_318' title='bbox 1516 2577 1573 2637; x_wconf 76' lang='lat' dir='ltr'><strong><em>areo</em></strong></span> <span class='ocrx_word' id='word_1_319' title='bbox 1595 2557 1692 2621; x_wconf 82' lang='lat' dir='ltr'><strong><em>riinris</em></strong></span> <span class='ocrx_word' id='word_1_320' title='bbox 1711 2559 1797 2638; x_wconf 88' lang='lat' dir='ltr'><strong><em>foede</em></strong></span> <span class='ocrx_word' id='word_1_321' title='bbox 1817 2559 1928 2638; x_wconf 86' lang='lat' dir='ltr'><strong><em>lapsus</em></strong></span> <span class='ocrx_word' id='word_1_322' title='bbox 1949 2565 1993 2624; x_wconf 89' lang='lat' dir='ltr'><strong><em>cst</em></strong></span> <span class='ocrx_word' id='word_1_323' title='bbox 2018 2558 2179 2625; x_wconf 80' lang='lat' dir='ltr'><strong><em>Osiaruler.</em></strong></span> <span class='ocrx_word' id='word_1_324' title='bbox 2225 2563 2333 2643; x_wconf 81' lang='lat' dir='ltr'><strong><em>Neque</em></strong></span> <span class='ocrx_word' id='word_1_325' title='bbox 2354 2584 2424 2627; x_wconf 86' lang='lat' dir='ltr'><strong><em>uero</em></strong></span> 
     </span>
     <span class='ocr_line' id='line_1_22' title="bbox 429 2642 2423 2728; baseline 0.001 -17"><span class='ocrx_word' id='word_1_326' title='bbox 429 2653 532 2712; x_wconf 87' lang='lat' dir='ltr'><strong><em>tarueu</em></strong></span> <span class='ocrx_word' id='word_1_327' title='bbox 561 2645 663 2709; x_wconf 83' lang='lat' dir='ltr'><strong><em>Masis</em></strong></span> <span class='ocrx_word' id='word_1_328' title='bbox 689 2646 876 2722; x_wconf 83' lang='lat' dir='ltr'><strong><em>intercessio,</em></strong></span> <span class='ocrx_word' id='word_1_329' title='bbox 910 2663 1004 2723; x_wconf 78' lang='lat' dir='ltr'><strong><em>quam</em></strong></span> <span class='ocrx_word' id='word_1_330' title='bbox 1036 2642 1093 2707; x_wconf 89' lang='lat' dir='ltr'><strong><em>hac</em></strong></span> <span class='ocrx_word' id='word_1_331' title='bbox 1121 2663 1188 2706; x_wconf 90' lang='lat' dir='ltr'><strong><em>ooce</em></strong></span> <span class='ocrx_word' id='word_1_332' title='bbox 1220 2644 1400 2722; x_wconf 81' lang='lat' dir='ltr'><strong><em>compescuit</em></strong></span> <span class='ocrx_word' id='word_1_333' title='bbox 1452 2661 1612 2724; x_wconf 77' lang='lat' dir='ltr'><strong><em>neparnus,</em></strong></span> <span class='ocrx_word' id='word_1_334' title='bbox 1640 2643 1720 2722; x_wconf 75' lang='lat' dir='ltr'><strong><em>qma</em></strong></span> <span class='ocrx_word' id='word_1_335' title='bbox 1741 2644 1827 2708; x_wconf 82' lang='lat' dir='ltr'><strong><em>nobis</em></strong></span> <span class='ocrx_word' id='word_1_336' title='bbox 1848 2646 1883 2708; x_wconf 89' lang='lat' dir='ltr'><strong><em>in</em></strong></span> <span class='ocrx_word' id='word_1_337' title='bbox 1905 2644 2025 2710; x_wconf 86' lang='lat' dir='ltr'><strong><em>Christo</em></strong></span> <span class='ocrx_word' id='word_1_338' title='bbox 2046 2649 2160 2728; x_wconf 90' lang='lat' dir='ltr'><strong><em>palam</em></strong></span> <span class='ocrx_word' id='word_1_339' title='bbox 2181 2654 2225 2711; x_wconf 86' lang='grc'><strong><em>333</em></strong></span> <span class='ocrx_word' id='word_1_340' title='bbox 2246 2649 2423 2725; x_wconf 73' lang='lat' dir='ltr'><strong><em>exhibitum,</em></strong></span> 
     </span>
     <span class='ocr_line' id='line_1_23' title="bbox 431 2727 2424 2814; baseline -0.001 -17"><span class='ocrx_word' id='word_1_341' title='bbox 431 2732 534 2809; x_wconf 85' lang='lat' dir='ltr'><strong><em>Deus,</em></strong></span> <span class='ocrx_word' id='word_1_342' title='bbox 561 2752 622 2795; x_wconf 87' lang='lat' dir='ltr'><strong><em>rum</em></strong></span> <span class='ocrx_word' id='word_1_343' title='bbox 647 2751 680 2795; x_wconf 90' lang='lat' dir='ltr'><strong><em>eo</em></strong></span> <span class='ocrx_word' id='word_1_344' title='bbox 707 2731 900 2796; x_wconf 83' lang='lat' dir='ltr'><strong><em>tendebatur</em></strong></span> <span class='ocrx_word' id='word_1_345' title='bbox 922 2730 1141 2809; x_wconf 89' lang='lat' dir='ltr'><strong><em>cuiparceret,</em></strong></span> <span class='ocrx_word' id='word_1_346' title='bbox 1168 2728 1222 2792; x_wconf 90' lang='lat' dir='ltr'><strong><em>scd</em></strong></span> <span class='ocrx_word' id='word_1_347' title='bbox 1243 2733 1277 2790; x_wconf 91' lang='lat' dir='ltr'><strong><em>ut</em></strong></span> <span class='ocrx_word' id='word_1_348' title='bbox 1298 2747 1400 2791; x_wconf 83' lang='grc'><em>33333333</em></span> <span class='ocrx_word' id='word_1_349' title='bbox 1451 2727 1490 2791; x_wconf 92' lang='lat' dir='ltr'><strong><em>ab</em></strong></span> <span class='ocrx_word' id='word_1_350' title='bbox 1511 2748 1631 2792; x_wconf 89' lang='lat' dir='ltr'><strong><em>arcuna</em></strong></span> <span class='ocrx_word' id='word_1_351' title='bbox 1653 2727 1716 2791; x_wconf 86' lang='lat' dir='ltr'><strong><em>Dei</em></strong></span> <span class='ocrx_word' id='word_1_352' title='bbox 1739 2734 1767 2792; x_wconf 91' lang='lat' dir='ltr'><strong><em>et</em></strong></span> <span class='ocrx_word' id='word_1_353' title='bbox 1785 2731 1893 2812; x_wconf 80' lang='lat' dir='ltr'><strong><em>pratia</em></strong></span> <span class='ocrx_word' id='word_1_354' title='bbox 1914 2737 1942 2795; x_wconf 89' lang='lat' dir='ltr'><strong><em>et</em></strong></span> <span class='ocrx_word' id='word_1_355' title='bbox 1963 2732 2074 2796; x_wconf 82' lang='lat' dir='ltr'><strong><em>virtute</em></strong></span> <span class='ocrx_word' id='word_1_356' title='bbox 2094 2755 2240 2814; x_wconf 75' lang='lat' dir='ltr'><strong><em>retonare5</em></strong></span> <span class='ocrx_word' id='word_1_357' title='bbox 2271 2755 2365 2813; x_wconf 75' lang='lat' dir='ltr'><strong><em>ireque</em></strong></span> <span class='ocrx_word' id='word_1_358' title='bbox 2387 2735 2424 2797; x_wconf 90' lang='lat' dir='ltr'><strong><em>dc</em></strong></span> 
     </span>
     <span class='ocr_line' id='line_1_24' title="bbox 424 2813 2424 2899; baseline -0.001 -17"><span class='ocrx_word' id='word_1_359' title='bbox 424 2818 558 2899; x_wconf 89' lang='lat' dir='ltr'><strong><em>pariter,</em></strong></span> <span class='ocrx_word' id='word_1_360' title='bbox 585 2816 695 2882; x_wconf 85' lang='lat' dir='ltr'><strong><em>abolito</em></strong></span> <span class='ocrx_word' id='word_1_361' title='bbox 716 2821 812 2892; x_wconf 88' lang='lat' dir='ltr'><strong><em>reatu,</em></strong></span> <span class='ocrx_word' id='word_1_362' title='bbox 839 2815 983 2895; x_wconf 79' lang='lat' dir='ltr'><strong><em>quamuis</em></strong></span> <span class='ocrx_word' id='word_1_363' title='bbox 1009 2813 1131 2878; x_wconf 77' lang='lat' dir='ltr'><strong><em>obruerii</em></strong></span> <span class='ocrx_word' id='word_1_364' title='bbox 1157 2814 1267 2894; x_wconf 90' lang='lat' dir='ltr'><strong><em>culpae</em></strong></span> <span class='ocrx_word' id='word_1_365' title='bbox 1291 2816 1397 2890; x_wconf 89' lang='lat' dir='ltr'><strong><em>essent,</em></strong></span> <span class='ocrx_word' id='word_1_366' title='bbox 1451 2834 1483 2876; x_wconf 88' lang='lat' dir='ltr'><strong><em>co</em></strong></span> <span class='ocrx_word' id='word_1_367' title='bbox 1500 2833 1681 2896; x_wconf 83' lang='lat' dir='ltr'><strong><em>pupuamus</em></strong></span> <span class='ocrx_word' id='word_1_368' title='bbox 1701 2816 1780 2894; x_wconf 73' lang='lat' dir='ltr'><strong><em>quein</em></strong></span> <span class='ocrx_word' id='word_1_369' title='bbox 1801 2817 1938 2895; x_wconf 89' lang='lat' dir='ltr'><strong><em>iustitia,</em></strong></span> <span class='ocrx_word' id='word_1_370' title='bbox 1967 2839 2061 2897; x_wconf 81' lang='lat' dir='ltr'><strong><em>quam</em></strong></span> <span class='ocrx_word' id='word_1_371' title='bbox 2083 2820 2170 2882; x_wconf 88' lang='lat' dir='ltr'><strong><em>nobis</em></strong></span> <span class='ocrx_word' id='word_1_372' title='bbox 2193 2819 2336 2882; x_wconf 84' lang='lat' dir='ltr'><strong><em>Christus</em></strong></span> <span class='ocrx_word' id='word_1_373' title='bbox 2357 2839 2424 2881; x_wconf 92' lang='lat' dir='ltr'><strong><em>con-</em></strong></span> 
     </span>
     <span class='ocr_line' id='line_1_25' title="bbox 430 2897 2423 2984; baseline -0.001 -17"><span class='ocrx_word' id='word_1_374' title='bbox 430 2902 601 2968; x_wconf 87' lang='lat' dir='ltr'><strong><em>absoloeret.</em></strong></span> <span class='ocrx_word' id='word_1_375' title='bbox 635 2901 683 2966; x_wconf 81' lang='lat' dir='ltr'><strong><em>Ac</em></strong></span> <span class='ocrx_word' id='word_1_376' title='bbox 703 2921 760 2965; x_wconf 91' lang='lat' dir='ltr'><strong><em>nos</em></strong></span> <span class='ocrx_word' id='word_1_377' title='bbox 780 2901 903 2981; x_wconf 79' lang='lat' dir='ltr'><strong><em>quidem</em></strong></span> <span class='ocrx_word' id='word_1_378' title='bbox 922 2900 1071 2978; x_wconf 88' lang='lat' dir='ltr'><strong><em>dicimus,</em></strong></span> <span class='ocrx_word' id='word_1_379' title='bbox 1096 2899 1162 2963; x_wconf 88' lang='lat' dir='ltr'><strong><em>ideo</em></strong></span> <span class='ocrx_word' id='word_1_380' title='bbox 1183 2899 1313 2980; x_wconf 75' lang='lat' dir='ltr'><strong><em>sepultis</em></strong></span> <span class='ocrx_word' id='word_1_381' title='bbox 1332 2917 1399 2977; x_wconf 89' lang='lat' dir='ltr'><strong><em>pec·</em></strong></span> <span class='ocrx_word' id='word_1_382' title='bbox 1449 2897 1523 2978; x_wconf 75' lang='lat' dir='ltr'><strong><em>fert,</em></strong></span> <span class='ocrx_word' id='word_1_383' title='bbox 1553 2901 1676 2962; x_wconf 88' lang='lat' dir='ltr'><strong><em>iustitia</em></strong></span> <span class='ocrx_word' id='word_1_384' title='bbox 1696 2899 1760 2964; x_wconf 89' lang='lat' dir='ltr'><strong><em>Dei</em></strong></span> <span class='ocrx_word' id='word_1_385' title='bbox 1780 2902 1834 2980; x_wconf 89' lang='lat' dir='ltr'><strong><em>sit,</em></strong></span> <span class='ocrx_word' id='word_1_386' title='bbox 1863 2923 1942 2982; x_wconf 81' lang='lat' dir='ltr'><strong><em>quae</em></strong></span> <span class='ocrx_word' id='word_1_387' title='bbox 1962 2903 2001 2967; x_wconf 92' lang='lat' dir='ltr'><strong><em>ab</em></strong></span> <span class='ocrx_word' id='word_1_388' title='bbox 2023 2905 2090 2984; x_wconf 82' lang='lat' dir='ltr'><strong><em>ipso</em></strong></span> <span class='ocrx_word' id='word_1_389' title='bbox 2111 2904 2337 2983; x_wconf 61' lang='lat' dir='ltr'><strong><em>proficiscim-</em></strong></span> <span class='ocrx_word' id='word_1_390' title='bbox 2368 2904 2423 2966; x_wconf 89' lang='lat' dir='ltr'><strong><em>sed</em></strong></span> 
     </span>
     <span class='ocr_line' id='line_1_26' title="bbox 428 2984 2422 3068; baseline -0.002 -14"><span class='ocrx_word' id='word_1_391' title='bbox 428 2990 508 3054; x_wconf 86' lang='lat' dir='ltr'><strong><em>catis</em></strong></span> <span class='ocrx_word' id='word_1_392' title='bbox 525 2986 691 3068; x_wconf 85' lang='lat' dir='ltr'><strong><em>iustificari</em></strong></span> <span class='ocrx_word' id='word_1_393' title='bbox 708 3006 811 3050; x_wconf 89' lang='lat' dir='ltr'><strong><em>coram</em></strong></span> <span class='ocrx_word' id='word_1_394' title='bbox 828 2985 895 3050; x_wconf 89' lang='lat' dir='ltr'><strong><em>Deo</em></strong></span> <span class='ocrx_word' id='word_1_395' title='bbox 908 2985 1063 3067; x_wconf 83' lang='lat' dir='ltr'><strong><em>perditos:</em></strong></span> <span class='ocrx_word' id='word_1_396' title='bbox 1084 2986 1163 3064; x_wconf 79' lang='lat' dir='ltr'><strong><em>quia</em></strong></span> <span class='ocrx_word' id='word_1_397' title='bbox 1181 2984 1229 3068; x_wconf 89' lang='grc'><strong><em>(33</em></strong></span> <span class='ocrx_word' id='word_1_398' title='bbox 1239 2988 1399 3063; x_wconf 88' lang='lat' dir='ltr'><strong><em>peecatum</em></strong></span> <span class='ocrx_word' id='word_1_399' title='bbox 1450 2990 1622 3049; x_wconf 78' lang='lat' dir='ltr'><strong><em>comtanler</em></strong></span> <span class='ocrx_word' id='word_1_400' title='bbox 1647 2986 1729 3050; x_wconf 89' lang='lat' dir='ltr'><strong><em>illud</em></strong></span> <span class='ocrx_word' id='word_1_401' title='bbox 1757 2992 1905 3067; x_wconf 85' lang='lat' dir='ltr'><strong><em>tenemus,</em></strong></span> <span class='ocrx_word' id='word_1_402' title='bbox 1934 2989 2021 3052; x_wconf 86' lang='lat' dir='ltr'><strong><em>nobis</em></strong></span> <span class='ocrx_word' id='word_1_403' title='bbox 2042 2991 2076 3051; x_wconf 90' lang='lat' dir='ltr'><strong><em>in</em></strong></span> <span class='ocrx_word' id='word_1_404' title='bbox 2097 2994 2190 3051; x_wconf 83' lang='lat' dir='ltr'><strong><em>nwrte</em></strong></span> <span class='ocrx_word' id='word_1_405' title='bbox 2216 2994 2243 3050; x_wconf 90' lang='grc'><strong><em>33</em></strong></span> <span class='ocrx_word' id='word_1_406' title='bbox 2270 3007 2422 3051; x_wconf 80' lang='lat' dir='ltr'><strong><em>resurrce</em></strong></span> 
     </span>
     <span class='ocr_line' id='line_1_27' title="bbox 428 3068 2420 3156; baseline -0.002 -18"><span class='ocrx_word' id='word_1_407' title='bbox 428 3075 498 3139; x_wconf 91' lang='lat' dir='ltr'><strong><em>odio</em></strong></span> <span class='ocrx_word' id='word_1_408' title='bbox 529 3071 631 3156; x_wconf 79' lang='lat' dir='ltr'><strong><em>liabet)</em></strong></span> <span class='ocrx_word' id='word_1_409' title='bbox 668 3092 730 3136; x_wconf 89' lang='lat' dir='ltr'><strong><em>non</em></strong></span> <span class='ocrx_word' id='word_1_410' title='bbox 761 3075 861 3153; x_wconf 86' lang='lat' dir='ltr'><strong><em>potest</em></strong></span> <span class='ocrx_word' id='word_1_411' title='bbox 891 3091 1000 3135; x_wconf 90' lang='lat' dir='ltr'><strong><em>amare</em></strong></span> <span class='ocrx_word' id='word_1_412' title='bbox 1032 3070 1097 3135; x_wconf 89' lang='lat' dir='ltr'><strong><em>nisi</em></strong></span> <span class='ocrx_word' id='word_1_413' title='bbox 1134 3090 1211 3150; x_wconf 80' lang='lat' dir='ltr'><strong><em>quas</em></strong></span> <span class='ocrx_word' id='word_1_414' title='bbox 1241 3068 1397 3148; x_wconf 85' lang='lat' dir='ltr'><strong><em>iustificat.</em></strong></span> <span class='ocrx_word' id='word_1_415' title='bbox 1451 3071 1531 3135; x_wconf 90' lang='lat' dir='ltr'><strong><em>tione</em></strong></span> <span class='ocrx_word' id='word_1_416' title='bbox 1554 3069 1672 3134; x_wconf 77' lang='lat' dir='ltr'><strong><em>Christi</em></strong></span> <span class='ocrx_word' id='word_1_417' title='bbox 1698 3091 1762 3135; x_wconf 88' lang='lat' dir='ltr'><strong><em>esse</em></strong></span> <span class='ocrx_word' id='word_1_418' title='bbox 1789 3073 1943 3138; x_wconf 88' lang='lat' dir='ltr'><strong><em>iustitiam</em></strong></span> <span class='ocrx_word' id='word_1_419' title='bbox 1969 3075 2120 3136; x_wconf 78' lang='lat' dir='ltr'><strong><em>dodam.</em></strong></span> <span class='ocrx_word' id='word_1_420' title='bbox 2168 3072 2279 3137; x_wconf 82' lang='lat' dir='ltr'><strong><em>Onudto</em></strong></span> <span class='ocrx_word' id='word_1_421' title='bbox 2300 3072 2420 3151; x_wconf 84' lang='lat' dir='ltr'><strong><em>pudon-</em></strong></span> 
     </span>
     <span class='ocr_line' id='line_1_28' title="bbox 409 3152 2420 3241; baseline -0.002 -16"><span class='ocrx_word' id='word_1_422' title='bbox 409 3158 492 3225; x_wconf 29' lang='lat' dir='ltr'><strong><em>&gt;Sed</em></strong></span> <span class='ocrx_word' id='word_1_423' title='bbox 519 3157 593 3223; x_wconf 90' lang='lat' dir='ltr'><strong><em>haee</em></strong></span> <span class='ocrx_word' id='word_1_424' title='bbox 620 3162 664 3221; x_wconf 90' lang='lat' dir='ltr'><strong><em>est</em></strong></span> <span class='ocrx_word' id='word_1_425' title='bbox 690 3156 848 3222; x_wconf 89' lang='lat' dir='ltr'><strong><em>mirabilis</em></strong></span> <span class='ocrx_word' id='word_1_426' title='bbox 874 3155 1068 3237; x_wconf 72' lang='lat' dir='ltr'><strong><em>testificandi</em></strong></span> <span class='ocrx_word' id='word_1_427' title='bbox 1094 3156 1191 3233; x_wconf 91' lang='lat' dir='ltr'><strong><em>ratio,</em></strong></span> <span class='ocrx_word' id='word_1_428' title='bbox 1217 3161 1252 3218; x_wconf 91' lang='grc'><strong><em>33</em></strong></span> <span class='ocrx_word' id='word_1_429' title='bbox 1282 3152 1399 3219; x_wconf 87' lang='lat' dir='ltr'><strong><em>Christi</em></strong></span> <span class='ocrx_word' id='word_1_430' title='bbox 1451 3156 1525 3220; x_wconf 92' lang='lat' dir='ltr'><strong><em>dom</em></strong></span> <span class='ocrx_word' id='word_1_431' title='bbox 1546 3156 1634 3219; x_wconf 88' lang='lat' dir='ltr'><strong><em>illam</em></strong></span> <span class='ocrx_word' id='word_1_432' title='bbox 1656 3157 1790 3221; x_wconf 82' lang='lat' dir='ltr'><strong><em>looomm</em></strong></span> <span class='ocrx_word' id='word_1_433' title='bbox 1811 3160 1993 3241; x_wconf 76' lang='lat' dir='ltr'><strong><em>compernem,</em></strong></span> <span class='ocrx_word' id='word_1_434' title='bbox 2023 3179 2086 3238; x_wconf 79' lang='lat' dir='ltr'><strong><em>qua</em></strong></span> <span class='ocrx_word' id='word_1_435' title='bbox 2107 3159 2173 3220; x_wconf 87' lang='lat' dir='ltr'><strong><em>sine</em></strong></span> <span class='ocrx_word' id='word_1_436' title='bbox 2194 3158 2307 3221; x_wconf 89' lang='lat' dir='ltr'><strong><em>delectu</em></strong></span> <span class='ocrx_word' id='word_1_437' title='bbox 2328 3163 2420 3238; x_wconf 77' lang='lat' dir='ltr'><strong><em>atque</em></strong></span> 
     </span>
     <span class='ocr_line' id='line_1_29' title="bbox 423 3241 2421 3324; baseline -0.001 -17"><span class='ocrx_word' id='word_1_438' title='bbox 423 3245 552 3319; x_wconf 52' lang='lat' dir='ltr'><strong><em>xinstitia</em></strong></span> <span class='ocrx_word' id='word_1_439' title='bbox 573 3245 640 3307; x_wconf 88' lang='lat' dir='ltr'><strong><em>tecti</em></strong></span> <span class='ocrx_word' id='word_1_440' title='bbox 660 3263 722 3308; x_wconf 87' lang='lat' dir='ltr'><strong><em>uon</em></strong></span> <span class='ocrx_word' id='word_1_441' title='bbox 748 3243 929 3307; x_wconf 79' lang='lat' dir='ltr'><strong><em>celtorreunt</em></strong></span> <span class='ocrx_word' id='word_1_442' title='bbox 953 3241 1107 3306; x_wconf 90' lang='lat' dir='ltr'><strong><em>iudicium</em></strong></span> <span class='ocrx_word' id='word_1_443' title='bbox 1127 3260 1187 3322; x_wconf 80' lang='lat' dir='ltr'><strong><em>qno</em></strong></span> <span class='ocrx_word' id='word_1_444' title='bbox 1208 3241 1297 3322; x_wconf 75' lang='lat' dir='ltr'><strong><em>clipei</em></strong></span> <span class='ocrx_word' id='word_1_445' title='bbox 1317 3244 1397 3319; x_wconf 88' lang='lat' dir='ltr'><strong><em>suut,</em></strong></span> <span class='ocrx_word' id='word_1_446' title='bbox 1450 3242 1545 3306; x_wconf 87' lang='lat' dir='ltr'><strong><em>etiam</em></strong></span> <span class='ocrx_word' id='word_1_447' title='bbox 1564 3243 1633 3305; x_wconf 89' lang='lat' dir='ltr'><strong><em>sine</em></strong></span> <span class='ocrx_word' id='word_1_448' title='bbox 1652 3244 1807 3307; x_wconf 79' lang='lat' dir='ltr'><strong><em>conemuni</em></strong></span> <span class='ocrx_word' id='word_1_449' title='bbox 1825 3263 1918 3308; x_wconf 92' lang='lat' dir='ltr'><strong><em>sensu</em></strong></span> <span class='ocrx_word' id='word_1_450' title='bbox 1939 3244 2077 3308; x_wconf 86' lang='lat' dir='ltr'><strong><em>oneravit</em></strong></span> <span class='ocrx_word' id='word_1_451' title='bbox 2097 3244 2226 3320; x_wconf 88' lang='lat' dir='ltr'><strong><em>lectores,</em></strong></span> <span class='ocrx_word' id='word_1_452' title='bbox 2248 3243 2421 3324; x_wconf 73' lang='lat' dir='ltr'><strong><em>ubicunque</em></strong></span> 
     </span>
     <span class='ocr_line' id='line_1_30' title="bbox 427 3327 2420 3412; baseline -0.003 -16"><span class='ocrx_word' id='word_1_453' title='bbox 427 3332 552 3396; x_wconf 83' lang='lat' dir='ltr'><strong><em>ddum</em></strong></span> <span class='ocrx_word' id='word_1_454' title='bbox 573 3349 606 3395; x_wconf 96' lang='grc'><strong><em>33</em></strong></span> <span class='ocrx_word' id='word_1_455' title='bbox 627 3328 711 3410; x_wconf 89' lang='lat' dir='ltr'><strong><em>ipsos</em></strong></span> <span class='ocrx_word' id='word_1_456' title='bbox 733 3329 840 3394; x_wconf 88' lang='lat' dir='ltr'><strong><em>merito</em></strong></span> <span class='ocrx_word' id='word_1_457' title='bbox 860 3328 1026 3406; x_wconf 86' lang='lat' dir='ltr'><strong><em>damnant,</em></strong></span> <span class='ocrx_word' id='word_1_458' title='bbox 1058 3327 1135 3390; x_wconf 88' lang='lat' dir='ltr'><strong><em>insti</em></strong></span> <span class='ocrx_word' id='word_1_459' title='bbox 1162 3331 1249 3390; x_wconf 81' lang='lat' dir='ltr'><strong><em>entra</em></strong></span> <span class='ocrx_word' id='word_1_460' title='bbox 1275 3347 1308 3390; x_wconf 90' lang='lat' dir='ltr'><strong><em>se</em></strong></span> <span class='ocrx_word' id='word_1_461' title='bbox 1334 3346 1399 3390; x_wconf 88' lang='lat' dir='ltr'><strong><em>cen·</em></strong></span> <span class='ocrx_word' id='word_1_462' title='bbox 1448 3327 1485 3407; x_wconf 70' lang='lat' dir='ltr'><strong><em>fil</em></strong></span> <span class='ocrx_word' id='word_1_463' title='bbox 1511 3327 1649 3391; x_wconf 89' lang='lat' dir='ltr'><strong><em>iustitiae</em></strong></span> <span class='ocrx_word' id='word_1_464' title='bbox 1675 3330 1799 3406; x_wconf 75' lang='lat' dir='ltr'><strong><em>unietur,</em></strong></span> <span class='ocrx_word' id='word_1_465' title='bbox 1828 3328 1933 3393; x_wconf 87' lang='lat' dir='ltr'><strong><em>debere</em></strong></span> <span class='ocrx_word' id='word_1_466' title='bbox 1957 3328 2036 3393; x_wconf 87' lang='lat' dir='ltr'><strong><em>hane</em></strong></span> <span class='ocrx_word' id='word_1_467' title='bbox 2061 3329 2253 3394; x_wconf 75' lang='lat' dir='ltr'><strong><em>essentialem</em></strong></span> <span class='ocrx_word' id='word_1_468' title='bbox 2279 3329 2420 3412; x_wconf 76' lang='lat' dir='ltr'><strong><em>intellipi.</em></strong></span> 
     </span>
     <span class='ocr_line' id='line_1_31' title="bbox 428 3411 2422 3495; baseline -0.002 -14"><span class='ocrx_word' id='word_1_469' title='bbox 428 3420 564 3482; x_wconf 88' lang='lat' dir='ltr'><strong><em>scantur.</em></strong></span> <span class='ocrx_word' id='word_1_470' title='bbox 1453 3411 1554 3476; x_wconf 83' lang='lat' dir='ltr'><strong><em>Sicuti</em></strong></span> <span class='ocrx_word' id='word_1_471' title='bbox 1593 3412 1645 3475; x_wconf 89' lang='lat' dir='ltr'><strong><em>nbi</em></strong></span> <span class='ocrx_word' id='word_1_472' title='bbox 1673 3412 1783 3478; x_wconf 85' lang='lat' dir='ltr'><strong><em>David</em></strong></span> <span class='ocrx_word' id='word_1_473' title='bbox 1815 3413 1877 3478; x_wconf 82' lang='lat' dir='ltr'><strong><em>Dei</em></strong></span> <span class='ocrx_word' id='word_1_474' title='bbox 1916 3415 2070 3478; x_wconf 87' lang='lat' dir='ltr'><strong><em>iustitiam</em></strong></span> <span class='ocrx_word' id='word_1_475' title='bbox 2104 3416 2145 3478; x_wconf 91' lang='lat' dir='ltr'><strong><em>ad</em></strong></span> <span class='ocrx_word' id='word_1_476' title='bbox 2183 3414 2329 3495; x_wconf 86' lang='lat' dir='ltr'><strong><em>ferendas</em></strong></span> <span class='ocrx_word' id='word_1_477' title='bbox 2360 3414 2422 3478; x_wconf 89' lang='lat' dir='ltr'><strong><em>sibi</em></strong></span> 
     </span>
    </p>

    <p class='ocr_par' dir='ltr' id='par_1_3' title="bbox 425 3498 2423 4094">
     <span class='ocr_line' id='line_1_32' title="bbox 519 3498 2423 3582; baseline -0.001 -18"><span class='ocrx_word' id='word_1_478' title='bbox 519 3504 565 3566; x_wconf 86' lang='lat'><strong><em>12.</em></strong></span> <span class='ocrx_word' id='word_1_479' title='bbox 611 3499 760 3565; x_wconf 87' lang='lat' dir='ltr'><strong><em>Monendi</em></strong></span> <span class='ocrx_word' id='word_1_480' title='bbox 780 3504 883 3564; x_wconf 86' lang='lat' dir='ltr'><strong><em>tumen</em></strong></span> <span class='ocrx_word' id='word_1_481' title='bbox 902 3504 976 3563; x_wconf 89' lang='lat' dir='ltr'><strong><em>sunt</em></strong></span> <span class='ocrx_word' id='word_1_482' title='bbox 996 3499 1131 3575; x_wconf 79' lang='lat' dir='ltr'><strong><em>ledores,</em></strong></span> <span class='ocrx_word' id='word_1_483' title='bbox 1160 3502 1194 3561; x_wconf 85' lang='lat' dir='ltr'><strong><em>ul</em></strong></span> <span class='ocrx_word' id='word_1_484' title='bbox 1222 3498 1265 3562; x_wconf 90' lang='lat' dir='ltr'><strong><em>ad</em></strong></span> <span class='ocrx_word' id='word_1_485' title='bbox 1293 3501 1399 3577; x_wconf 72' lang='grc'><em>333333-</em></span> <span class='ocrx_word' id='word_1_486' title='bbox 1449 3499 1610 3580; x_wconf 83' lang='lat' dir='ltr'><strong><em>suppetias</em></strong></span> <span class='ocrx_word' id='word_1_487' title='bbox 1636 3498 1794 3579; x_wconf 88' lang='lat' dir='ltr'><strong><em>implorat,</em></strong></span> <span class='ocrx_word' id='word_1_488' title='bbox 1823 3520 1918 3579; x_wconf 81' lang='lat' dir='ltr'><strong><em>quum</em></strong></span> <span class='ocrx_word' id='word_1_489' title='bbox 1945 3501 1980 3563; x_wconf 90' lang='lat' dir='ltr'><strong><em>id</em></strong></span> <span class='ocrx_word' id='word_1_490' title='bbox 2004 3500 2104 3581; x_wconf 86' lang='lat' dir='ltr'><strong><em>faciat</em></strong></span> <span class='ocrx_word' id='word_1_491' title='bbox 2127 3501 2206 3582; x_wconf 89' lang='lat' dir='ltr'><strong><em>plus</em></strong></span> <span class='ocrx_word' id='word_1_492' title='bbox 2232 3501 2354 3576; x_wconf 87' lang='lat' dir='ltr'><strong><em>centies,</em></strong></span> <span class='ocrx_word' id='word_1_493' title='bbox 2382 3505 2423 3564; x_wconf 92' lang='lat' dir='ltr'><strong><em>tot</em></strong></span> 
     </span>
     <span class='ocr_line' id='line_1_33' title="bbox 429 3583 2423 3668; baseline -0.003 -15"><span class='ocrx_word' id='word_1_494' title='bbox 429 3589 529 3666; x_wconf 80' lang='lat' dir='ltr'><strong><em>rium,</em></strong></span> <span class='ocrx_word' id='word_1_495' title='bbox 558 3586 638 3668; x_wconf 78' lang='lat' dir='ltr'><strong><em>quod</em></strong></span> <span class='ocrx_word' id='word_1_496' title='bbox 657 3606 690 3651; x_wconf 91' lang='lat' dir='ltr'><strong><em>se</em></strong></span> <span class='ocrx_word' id='word_1_497' title='bbox 711 3585 783 3651; x_wconf 91' lang='lat' dir='ltr'><strong><em>illos</em></strong></span> <span class='ocrx_word' id='word_1_498' title='bbox 803 3584 901 3650; x_wconf 88' lang='lat' dir='ltr'><strong><em>celare</em></strong></span> <span class='ocrx_word' id='word_1_499' title='bbox 921 3585 1000 3650; x_wconf 88' lang='lat' dir='ltr'><strong><em>nolle</em></strong></span> <span class='ocrx_word' id='word_1_500' title='bbox 1022 3585 1132 3663; x_wconf 84' lang='lat' dir='ltr'><strong><em>iactat,</em></strong></span> <span class='ocrx_word' id='word_1_501' title='bbox 1164 3583 1269 3649; x_wconf 88' lang='lat' dir='ltr'><strong><em>scdulo</em></strong></span> <span class='ocrx_word' id='word_1_502' title='bbox 1291 3583 1399 3647; x_wconf 80' lang='lat' dir='ltr'><strong><em>adum-</em></strong></span> <span class='ocrx_word' id='word_1_503' title='bbox 1449 3585 1615 3649; x_wconf 80' lang='lat' dir='ltr'><strong><em>semcrdias</em></strong></span> <span class='ocrx_word' id='word_1_504' title='bbox 1642 3603 1836 3665; x_wconf 87' lang='lat' dir='ltr'><strong><em>corrumpere</em></strong></span> <span class='ocrx_word' id='word_1_505' title='bbox 1861 3606 1923 3649; x_wconf 87' lang='lat' dir='ltr'><strong><em>nou</em></strong></span> <span class='ocrx_word' id='word_1_506' title='bbox 1951 3587 2071 3650; x_wconf 88' lang='lat' dir='ltr'><strong><em>dubitat</em></strong></span> <span class='ocrx_word' id='word_1_507' title='bbox 2102 3586 2266 3652; x_wconf 90' lang='lat' dir='ltr'><strong><em>Osiandcr.</em></strong></span> <span class='ocrx_word' id='word_1_508' title='bbox 2312 3585 2423 3648; x_wconf 88' lang='lat' dir='ltr'><strong><em>Nihilo</em></strong></span> 
     </span>
     <span class='ocr_line' id='line_1_34' title="bbox 429 3668 2423 3754; baseline -0.003 -16"><span class='ocrx_word' id='word_1_509' title='bbox 429 3679 505 3739; x_wconf 84' lang='grc'><em>33333.</em></span> <span class='ocrx_word' id='word_1_510' title='bbox 556 3671 726 3754; x_wconf 76' lang='lat' dir='ltr'><strong><em>Postquam</em></strong></span> <span class='ocrx_word' id='word_1_511' title='bbox 751 3671 834 3737; x_wconf 89' lang='lat' dir='ltr'><strong><em>enim</em></strong></span> <span class='ocrx_word' id='word_1_512' title='bbox 861 3670 918 3734; x_wconf 90' lang='lat' dir='ltr'><strong><em>diu</em></strong></span> <span class='ocrx_word' id='word_1_513' title='bbox 943 3675 971 3735; x_wconf 91' lang='lat' dir='ltr'><strong><em>et</em></strong></span> <span class='ocrx_word' id='word_1_514' title='bbox 990 3670 1115 3750; x_wconf 79' lang='lat' dir='ltr'><strong><em>prolixe</em></strong></span> <span class='ocrx_word' id='word_1_515' title='bbox 1142 3668 1305 3746; x_wconf 74' lang='grc'><em>3333333133,</em></span> <span class='ocrx_word' id='word_1_516' title='bbox 1337 3688 1398 3732; x_wconf 88' lang='lat' dir='ltr'><strong><em>uon</em></strong></span> <span class='ocrx_word' id='word_1_517' title='bbox 1449 3671 1544 3733; x_wconf 79' lang='lat' dir='ltr'><strong><em>diam</em></strong></span> <span class='ocrx_word' id='word_1_518' title='bbox 1561 3669 1689 3749; x_wconf 77' lang='lat' dir='ltr'><strong><em>firmius</em></strong></span> <span class='ocrx_word' id='word_1_519' title='bbox 1710 3670 1854 3750; x_wconf 80' lang='lat' dir='ltr'><strong><em>estquod</em></strong></span> <span class='ocrx_word' id='word_1_520' title='bbox 1874 3671 2012 3748; x_wconf 68' lang='lat' dir='ltr'><strong><em>abnatat,</em></strong></span> <span class='ocrx_word' id='word_1_521' title='bbox 2035 3673 2192 3736; x_wconf 88' lang='lat' dir='ltr'><strong><em>iustitiam</em></strong></span> <span class='ocrx_word' id='word_1_522' title='bbox 2207 3672 2336 3752; x_wconf 87' lang='lat' dir='ltr'><strong><em>proprie</em></strong></span> <span class='ocrx_word' id='word_1_523' title='bbox 2357 3671 2423 3735; x_wconf 90' lang='lat' dir='ltr'><strong><em>dici</em></strong></span> 
     </span>
     <span class='ocr_line' id='line_1_35' title="bbox 430 3754 2422 3839; baseline -0.003 -15"><span class='ocrx_word' id='word_1_524' title='bbox 430 3758 498 3824; x_wconf 89' lang='lat' dir='ltr'><strong><em>sola</em></strong></span> <span class='ocrx_word' id='word_1_525' title='bbox 525 3758 726 3838; x_wconf 83' lang='lat' dir='ltr'><strong><em>imputatione</em></strong></span> <span class='ocrx_word' id='word_1_526' title='bbox 748 3757 890 3822; x_wconf 86' lang='lat' dir='ltr'><strong><em>institiae</em></strong></span> <span class='ocrx_word' id='word_1_527' title='bbox 915 3754 1034 3822; x_wconf 86' lang='lat' dir='ltr'><strong><em>Christi</em></strong></span> <span class='ocrx_word' id='word_1_528' title='bbox 1056 3775 1111 3819; x_wconf 90' lang='lat' dir='ltr'><strong><em>nos</em></strong></span> <span class='ocrx_word' id='word_1_529' title='bbox 1137 3754 1276 3836; x_wconf 84' lang='lat' dir='ltr'><strong><em>fauorem</em></strong></span> <span class='ocrx_word' id='word_1_530' title='bbox 1300 3772 1399 3818; x_wconf 88' lang='lat' dir='ltr'><strong><em>conse·</em></strong></span> <span class='ocrx_word' id='word_1_531' title='bbox 1450 3759 1573 3819; x_wconf 88' lang='lat' dir='ltr'><strong><em>etrecte</em></strong></span> <span class='ocrx_word' id='word_1_532' title='bbox 1601 3776 1664 3835; x_wconf 79' lang='lat' dir='ltr'><strong><em>qua</em></strong></span> <span class='ocrx_word' id='word_1_533' title='bbox 1686 3755 1728 3818; x_wconf 88' lang='lat' dir='ltr'><strong><em>acl</em></strong></span> <span class='ocrx_word' id='word_1_534' title='bbox 1748 3759 1824 3820; x_wconf 87' lang='lat' dir='ltr'><strong><em>reate</em></strong></span> <span class='ocrx_word' id='word_1_535' title='bbox 1849 3757 2002 3839; x_wconf 75' lang='lat' dir='ltr'><strong><em>apendum</em></strong></span> <span class='ocrx_word' id='word_1_536' title='bbox 2022 3777 2192 3837; x_wconf 76' lang='lat' dir='ltr'><strong><em>movemur,</em></strong></span> <span class='ocrx_word' id='word_1_537' title='bbox 2223 3757 2323 3821; x_wconf 89' lang='lat' dir='ltr'><strong><em>solum</em></strong></span> <span class='ocrx_word' id='word_1_538' title='bbox 2351 3776 2422 3820; x_wconf 86' lang='lat' dir='ltr'><strong><em>vcro</em></strong></span> 
     </span>
     <span class='ocr_line' id='line_1_36' title="bbox 430 3838 2420 3926; baseline -0.002 -20"><span class='ocrx_word' id='word_1_539' title='bbox 430 3844 486 3926; x_wconf 75' lang='lat' dir='ltr'><strong><em>pai</em></strong></span> <span class='ocrx_word' id='word_1_540' title='bbox 505 3842 592 3922; x_wconf 88' lang='lat' dir='ltr'><strong><em>apud</em></strong></span> <span class='ocrx_word' id='word_1_541' title='bbox 612 3841 731 3920; x_wconf 88' lang='lat' dir='ltr'><strong><em>Deum,</em></strong></span> <span class='ocrx_word' id='word_1_542' title='bbox 761 3842 837 3924; x_wconf 78' lang='lat' dir='ltr'><strong><em>quia</em></strong></span> <span class='ocrx_word' id='word_1_543' title='bbox 858 3840 913 3906; x_wconf 89' lang='lat' dir='ltr'><strong><em>hoc</em></strong></span> <span class='ocrx_word' id='word_1_544' title='bbox 934 3843 963 3905; x_wconf 91' lang='lat' dir='ltr'><strong><em>ei</em></strong></span> <span class='ocrx_word' id='word_1_545' title='bbox 984 3839 1173 3921; x_wconf 87' lang='lat' dir='ltr'><strong><em>impossibile</em></strong></span> <span class='ocrx_word' id='word_1_546' title='bbox 1194 3844 1270 3904; x_wconf 87' lang='lat' dir='ltr'><strong><em>esset</em></strong></span> <span class='ocrx_word' id='word_1_547' title='bbox 1289 3838 1399 3903; x_wconf 88' lang='lat' dir='ltr'><strong><em>habere</em></strong></span> <span class='ocrx_word' id='word_1_548' title='bbox 1451 3839 1555 3908; x_wconf 86' lang='lat' dir='ltr'><strong><em>Deum</em></strong></span> <span class='ocrx_word' id='word_1_549' title='bbox 1576 3842 1700 3920; x_wconf 88' lang='lat' dir='ltr'><strong><em>operari</em></strong></span> <span class='ocrx_word' id='word_1_550' title='bbox 1721 3841 1756 3904; x_wconf 90' lang='lat' dir='ltr'><strong><em>in</em></strong></span> <span class='ocrx_word' id='word_1_551' title='bbox 1782 3841 1870 3905; x_wconf 87' lang='lat' dir='ltr'><strong><em>nobis</em></strong></span> <span class='ocrx_word' id='word_1_552' title='bbox 1897 3848 1925 3907; x_wconf 88' lang='lat' dir='ltr'><strong><em>ct</em></strong></span> <span class='ocrx_word' id='word_1_553' title='bbox 1951 3843 2026 3907; x_wconf 83' lang='lat' dir='ltr'><strong><em>nelle</em></strong></span> <span class='ocrx_word' id='word_1_554' title='bbox 2051 3848 2078 3906; x_wconf 88' lang='lat' dir='ltr'><strong><em>ct</em></strong></span> <span class='ocrx_word' id='word_1_555' title='bbox 2100 3843 2249 3925; x_wconf 83' lang='lat' dir='ltr'><strong><em>perficere</em></strong></span> <span class='ocrx_word' id='word_1_556' title='bbox 2270 3842 2371 3926; x_wconf 91' lang='lat' dir='ltr'><strong><em>(Phil.</em></strong></span> <span class='ocrx_word' id='word_1_557' title='bbox 2392 3846 2420 3919; x_wconf 79' lang='lat'><strong><em>2,</em></strong></span> 
     </span>
     <span class='ocr_line' id='line_1_37' title="bbox 425 3925 2423 4013; baseline -0.002 -20"><span class='ocrx_word' id='word_1_558' title='bbox 425 3948 487 4013; x_wconf 90' lang='lat' dir='ltr'><strong><em>pro</em></strong></span> <span class='ocrx_word' id='word_1_559' title='bbox 515 3927 608 3991; x_wconf 89' lang='lat' dir='ltr'><strong><em>iustis</em></strong></span> <span class='ocrx_word' id='word_1_560' title='bbox 633 3928 689 4008; x_wconf 81' lang='lat' dir='ltr'><strong><em>qui</em></strong></span> <span class='ocrx_word' id='word_1_561' title='bbox 716 3946 777 3991; x_wconf 86' lang='grc'><em>3333</em></span> <span class='ocrx_word' id='word_1_562' title='bbox 802 3933 874 3991; x_wconf 87' lang='lat' dir='ltr'><strong><em>sunt</em></strong></span> <span class='ocrx_word' id='word_1_563' title='bbox 900 3926 985 4012; x_wconf 89' lang='lat' dir='ltr'><strong><em>(utor</em></strong></span> <span class='ocrx_word' id='word_1_564' title='bbox 1018 3927 1087 3991; x_wconf 84' lang='lat' dir='ltr'><strong><em>cius</em></strong></span> <span class='ocrx_word' id='word_1_565' title='bbox 1117 3925 1246 4008; x_wconf 76' lang='lat' dir='ltr'><strong><em>uubis),</em></strong></span> <span class='ocrx_word' id='word_1_566' title='bbox 1276 3925 1399 3989; x_wconf 89' lang='lat' dir='ltr'><strong><em>tandem</em></strong></span> <span class='ocrx_word' id='word_1_567' title='bbox 1455 3927 1516 4011; x_wconf 88' lang='grc'><em>13).</em></span> <span class='ocrx_word' id='word_1_568' title='bbox 1562 3926 1669 4005; x_wconf 75' lang='lat' dir='ltr'><strong><em>Neque</em></strong></span> <span class='ocrx_word' id='word_1_569' title='bbox 1700 3927 1783 3991; x_wconf 89' lang='lat' dir='ltr'><strong><em>enim</em></strong></span> <span class='ocrx_word' id='word_1_570' title='bbox 1807 3948 1956 4010; x_wconf 74' lang='grc'><em>33933333</em></span> <span class='ocrx_word' id='word_1_571' title='bbox 1982 3930 2059 4009; x_wconf 80' lang='lat' dir='ltr'><strong><em>quin</em></strong></span> <span class='ocrx_word' id='word_1_572' title='bbox 2085 3931 2226 4011; x_wconf 90' lang='lat' dir='ltr'><strong><em>reformet</em></strong></span> <span class='ocrx_word' id='word_1_573' title='bbox 2251 3950 2307 3993; x_wconf 89' lang='lat' dir='ltr'><strong><em>nos</em></strong></span> <span class='ocrx_word' id='word_1_574' title='bbox 2334 3927 2423 3991; x_wconf 75' lang='lat' dir='ltr'><strong><em>Deris</em></strong></span> 
     </span>
     <span class='ocr_line' id='line_1_38' title="bbox 431 4009 2422 4094; baseline -0.003 -14"><span class='ocrx_word' id='word_1_575' title='bbox 431 4012 584 4081; x_wconf 77' lang='lat' dir='ltr'><strong><em>mecludit</em></strong></span> <span class='ocrx_word' id='word_1_576' title='bbox 603 4009 760 4076; x_wconf 79' lang='lat' dir='ltr'><strong><em>Clrristum</em></strong></span> <span class='ocrx_word' id='word_1_577' title='bbox 782 4033 843 4076; x_wconf 88' lang='lat' dir='ltr'><strong><em>uon</em></strong></span> <span class='ocrx_word' id='word_1_578' title='bbox 864 4011 1017 4077; x_wconf 88' lang='lat' dir='ltr'><strong><em>humanae</em></strong></span> <span class='ocrx_word' id='word_1_579' title='bbox 1037 4015 1177 4090; x_wconf 77' lang='lat' dir='ltr'><strong><em>natiuae,</em></strong></span> <span class='ocrx_word' id='word_1_580' title='bbox 1199 4010 1253 4076; x_wconf 89' lang='lat' dir='ltr'><strong><em>sed</em></strong></span> <span class='ocrx_word' id='word_1_581' title='bbox 1273 4010 1399 4075; x_wconf 87' lang='lat' dir='ltr'><strong><em>diuinae</em></strong></span> <span class='ocrx_word' id='word_1_582' title='bbox 1450 4013 1567 4093; x_wconf 88' lang='lat' dir='ltr'><strong><em>spiritu</em></strong></span> <span class='ocrx_word' id='word_1_583' title='bbox 1583 4031 1641 4076; x_wconf 90' lang='lat' dir='ltr'><strong><em>sua</em></strong></span> <span class='ocrx_word' id='word_1_584' title='bbox 1659 4013 1693 4075; x_wconf 89' lang='lat' dir='ltr'><strong><em>iu</em></strong></span> <span class='ocrx_word' id='word_1_585' title='bbox 1710 4013 1791 4077; x_wconf 82' lang='lat' dir='ltr'><strong><em>oilae</em></strong></span> <span class='ocrx_word' id='word_1_586' title='bbox 1808 4016 2000 4080; x_wconf 82' lang='lat' dir='ltr'><strong><em>sanctitatem</em></strong></span> <span class='ocrx_word' id='word_1_587' title='bbox 2017 4022 2045 4079; x_wconf 91' lang='lat' dir='ltr'><strong><em>et</em></strong></span> <span class='ocrx_word' id='word_1_588' title='bbox 2062 4015 2224 4092; x_wconf 82' lang='lat' dir='ltr'><strong><em>iustitiam,</em></strong></span> <span class='ocrx_word' id='word_1_589' title='bbox 2246 4014 2300 4077; x_wconf 89' lang='lat' dir='ltr'><strong><em>sed</em></strong></span> <span class='ocrx_word' id='word_1_590' title='bbox 2315 4014 2422 4094; x_wconf 90' lang='lat' dir='ltr'><strong><em>primo</em></strong></span> 
     </span>
    </p>
   </div>
   <div class='ocr_carea' id='block_1_3' title="bbox 303 4097 2421 4182">
    <p class='ocr_par' dir='ltr' id='par_1_4' title="bbox 303 4097 2421 4182">
     <span class='ocr_line' id='line_1_39' title="bbox 303 4097 2421 4182; baseline -0.004 -14"><span class='ocrx_word' id='word_1_591' title='bbox 303 4140 307 4145; x_wconf 96' lang='lat'>-</span> <span class='ocrx_word' id='word_1_592' title='bbox 428 4102 567 4180; x_wconf 85' lang='lat' dir='ltr'><strong><em>respectu</em></strong></span> <span class='ocrx_word' id='word_1_593' title='bbox 597 4097 704 4162; x_wconf 77' lang='grc'><em>3133333</em></span> <span class='ocrx_word' id='word_1_594' title='bbox 730 4099 817 4163; x_wconf 89' lang='lat' dir='ltr'><strong><em>nobis</em></strong></span> <span class='ocrx_word' id='word_1_595' title='bbox 843 4118 908 4163; x_wconf 90' lang='lat' dir='ltr'><strong><em>esse</em></strong></span> <span class='ocrx_word' id='word_1_596' title='bbox 932 4099 969 4163; x_wconf 87' lang='lat' dir='ltr'><strong><em>in</em></strong></span> <span class='ocrx_word' id='word_1_597' title='bbox 995 4098 1165 4177; x_wconf 68' lang='lat' dir='ltr'><strong><em>iustitiam·</em></strong></span> <span class='ocrx_word' id='word_1_598' title='bbox 1197 4101 1225 4160; x_wconf 86' lang='lat' dir='ltr'><strong><em>et</em></strong></span> <span class='ocrx_word' id='word_1_599' title='bbox 1256 4098 1400 4178; x_wconf 77' lang='lat' dir='ltr'><strong><em>quamuis</em></strong></span> <span class='ocrx_word' id='word_1_600' title='bbox 1450 4098 1616 4163; x_wconf 87' lang='lat' dir='ltr'><strong><em>ridendum</em></strong></span> <span class='ocrx_word' id='word_1_601' title='bbox 1638 4102 1682 4162; x_wconf 90' lang='lat' dir='ltr'><strong><em>est</em></strong></span> <span class='ocrx_word' id='word_1_602' title='bbox 1704 4097 1842 4180; x_wconf 88' lang='lat' dir='ltr'><strong><em>faciatue</em></strong></span> <span class='ocrx_word' id='word_1_603' title='bbox 1862 4100 1916 4165; x_wconf 90' lang='lat' dir='ltr'><strong><em>hoc</em></strong></span> <span class='ocrx_word' id='word_1_604' title='bbox 1938 4121 2049 4182; x_wconf 89' lang='lat' dir='ltr'><strong><em>perse</em></strong></span> <span class='ocrx_word' id='word_1_605' title='bbox 2071 4101 2258 4176; x_wconf 85' lang='lat' dir='ltr'><strong><em>immediate,</em></strong></span> <span class='ocrx_word' id='word_1_606' title='bbox 2288 4120 2330 4161; x_wconf 90' lang='lat' dir='ltr'><strong><em>an</em></strong></span> <span class='ocrx_word' id='word_1_607' title='bbox 2353 4117 2421 4160; x_wconf 88' lang='lat' dir='ltr'><strong><em>roro</em></strong></span> 
     </span>
    </p>
   </div>
   <div class='ocr_carea' id='block_1_4' title="bbox 424 4182 2423 5636">
    <p class='ocr_par' dir='ltr' id='par_1_5' title="bbox 424 4182 2423 5636">
     <span class='ocr_line' id='line_1_40' title="bbox 429 4182 2420 4267; baseline -0.003 -17"><span class='ocrx_word' id='word_1_608' title='bbox 429 4184 503 4250; x_wconf 86' lang='lat' dir='ltr'><strong><em>haec</em></strong></span> <span class='ocrx_word' id='word_1_609' title='bbox 533 4202 595 4249; x_wconf 84' lang='lat' dir='ltr'><strong><em>nen</em></strong></span> <span class='ocrx_word' id='word_1_610' title='bbox 619 4183 685 4248; x_wconf 88' lang='lat' dir='ltr'><strong><em>nisi</em></strong></span> <span class='ocrx_word' id='word_1_611' title='bbox 711 4183 747 4247; x_wconf 91' lang='lat' dir='ltr'><strong><em>in</em></strong></span> <span class='ocrx_word' id='word_1_612' title='bbox 769 4202 907 4263; x_wconf 90' lang='lat' dir='ltr'><strong><em>persona</em></strong></span> <span class='ocrx_word' id='word_1_613' title='bbox 934 4182 1114 4247; x_wconf 86' lang='lat' dir='ltr'><strong><em>mediatoris</em></strong></span> <span class='ocrx_word' id='word_1_614' title='bbox 1138 4182 1273 4262; x_wconf 87' lang='lat' dir='ltr'><strong><em>reperiri</em></strong></span> <span class='ocrx_word' id='word_1_615' title='bbox 1300 4187 1398 4264; x_wconf 82' lang='lat' dir='ltr'><strong><em>queat,</em></strong></span> <span class='ocrx_word' id='word_1_616' title='bbox 1446 4205 1507 4265; x_wconf 92' lang='lat' dir='ltr'><strong><em>per</em></strong></span> <span class='ocrx_word' id='word_1_617' title='bbox 1523 4183 1723 4264; x_wconf 84' lang='lat' dir='ltr'><strong><em>manumfilii</em></strong></span> <span class='ocrx_word' id='word_1_618' title='bbox 1739 4186 1801 4263; x_wconf 89' lang='lat' dir='ltr'><strong><em>sui,</em></strong></span> <span class='ocrx_word' id='word_1_619' title='bbox 1817 4206 1916 4264; x_wconf 89' lang='lat' dir='ltr'><strong><em>penes</em></strong></span> <span class='ocrx_word' id='word_1_620' title='bbox 1932 4207 2020 4267; x_wconf 80' lang='lat' dir='ltr'><strong><em>quern</em></strong></span> <span class='ocrx_word' id='word_1_621' title='bbox 2038 4205 2155 4250; x_wconf 81' lang='lat' dir='ltr'><strong><em>ornnem</em></strong></span> <span class='ocrx_word' id='word_1_622' title='bbox 2172 4186 2307 4265; x_wconf 89' lang='lat' dir='ltr'><strong><em>spiritus</em></strong></span> <span class='ocrx_word' id='word_1_623' title='bbox 2321 4183 2420 4247; x_wconf 87' lang='lat' dir='ltr'><strong><em>sancti</em></strong></span> 
     </span>
     <span class='ocr_line' id='line_1_41' title="bbox 429 4266 2421 4351; baseline -0.005 -14"><span class='ocrx_word' id='word_1_624' title='bbox 429 4290 495 4337; x_wconf 84' lang='lat' dir='ltr'><strong><em>esse</em></strong></span> <span class='ocrx_word' id='word_1_625' title='bbox 520 4273 624 4334; x_wconf 87' lang='lat' dir='ltr'><strong><em>tamen</em></strong></span> <span class='ocrx_word' id='word_1_626' title='bbox 644 4288 705 4334; x_wconf 89' lang='lat' dir='ltr'><strong><em>non</em></strong></span> <span class='ocrx_word' id='word_1_627' title='bbox 726 4267 862 4332; x_wconf 89' lang='lat' dir='ltr'><strong><em>hominis</em></strong></span> <span class='ocrx_word' id='word_1_628' title='bbox 881 4269 935 4333; x_wconf 82' lang='lat' dir='ltr'><strong><em>sut</em></strong></span> <span class='ocrx_word' id='word_1_629' title='bbox 955 4266 1020 4334; x_wconf 86' lang='lat' dir='ltr'><strong><em>Dei</em></strong></span> <span class='ocrx_word' id='word_1_630' title='bbox 1039 4268 1202 4332; x_wconf 86' lang='lat' dir='ltr'><strong><em>iustitiam.</em></strong></span> <span class='ocrx_word' id='word_1_631' title='bbox 1248 4267 1322 4332; x_wconf 88' lang='lat' dir='ltr'><strong><em>Non</em></strong></span> <span class='ocrx_word' id='word_1_632' title='bbox 1343 4267 1399 4333; x_wconf 88' lang='lat' dir='ltr'><strong><em>col·</em></strong></span> <span class='ocrx_word' id='word_1_633' title='bbox 1445 4269 1672 4351; x_wconf 86' lang='lat' dir='ltr'><strong><em>plenitudinem</em></strong></span> <span class='ocrx_word' id='word_1_634' title='bbox 1692 4270 1844 4350; x_wconf 86' lang='lat' dir='ltr'><strong><em>deposuit,</em></strong></span> <span class='ocrx_word' id='word_1_635' title='bbox 1867 4276 1901 4334; x_wconf 89' lang='grc'><strong><em>33</em></strong></span> <span class='ocrx_word' id='word_1_636' title='bbox 1921 4292 1981 4335; x_wconf 92' lang='lat' dir='ltr'><strong><em>sua</em></strong></span> <span class='ocrx_word' id='word_1_637' title='bbox 2003 4270 2195 4336; x_wconf 84' lang='lat' dir='ltr'><strong><em>abnndantia</em></strong></span> <span class='ocrx_word' id='word_1_638' title='bbox 2217 4270 2421 4331; x_wconf 77' lang='lat' dir='ltr'><strong><em>menbrorum</em></strong></span> 
     </span>
     <span class='ocr_line' id='line_1_42' title="bbox 428 4353 2422 4442; baseline -0.002 -24"><span class='ocrx_word' id='word_1_639' title='bbox 428 4356 507 4442; x_wconf 76' lang='lat' dir='ltr'><strong><em>lipal</em></strong></span> <span class='ocrx_word' id='word_1_640' title='bbox 533 4374 614 4419; x_wconf 90' lang='lat' dir='ltr'><strong><em>nunc</em></strong></span> <span class='ocrx_word' id='word_1_641' title='bbox 639 4374 734 4418; x_wconf 89' lang='lat' dir='ltr'><strong><em>suum</em></strong></span> <span class='ocrx_word' id='word_1_642' title='bbox 757 4353 935 4435; x_wconf 85' lang='lat' dir='ltr'><strong><em>funiculum</em></strong></span> <span class='ocrx_word' id='word_1_643' title='bbox 960 4373 1000 4418; x_wconf 79' lang='lat' dir='ltr'><strong><em>en</em></strong></span> <span class='ocrx_word' id='word_1_644' title='bbox 1024 4353 1147 4419; x_wconf 84' lang='lat' dir='ltr'><strong><em>duabus</em></strong></span> <span class='ocrx_word' id='word_1_645' title='bbox 1172 4354 1317 4430; x_wconf 91' lang='lat' dir='ltr'><strong><em>iustitiis,</em></strong></span> <span class='ocrx_word' id='word_1_646' title='bbox 1345 4354 1399 4418; x_wconf 88' lang='lat' dir='ltr'><strong><em>sed</em></strong></span> <span class='ocrx_word' id='word_1_647' title='bbox 1450 4356 1582 4438; x_wconf 85' lang='lat' dir='ltr'><strong><em>inopiae.</em></strong></span> <span class='ocrx_word' id='word_1_648' title='bbox 1595 4356 1776 4421; x_wconf 80' lang='lat' dir='ltr'><strong><em>scrbneriirct.</em></strong></span> <span class='ocrx_word' id='word_1_649' title='bbox 1821 4356 1957 4433; x_wconf 87' lang='lat' dir='ltr'><strong><em>Deirule,</em></strong></span> <span class='ocrx_word' id='word_1_650' title='bbox 1986 4357 2130 4436; x_wconf 72' lang='lat' dir='ltr'><strong><em>aerumnis</em></strong></span> <span class='ocrx_word' id='word_1_651' title='bbox 2151 4375 2188 4418; x_wconf 84' lang='lat' dir='ltr'><strong><em>er</em></strong></span> <span class='ocrx_word' id='word_1_652' title='bbox 2209 4353 2320 4417; x_wconf 79' lang='lat' dir='ltr'><strong><em>omullo</em></strong></span> <span class='ocrx_word' id='word_1_653' title='bbox 2341 4353 2422 4415; x_wconf 89' lang='lat' dir='ltr'><strong><em>dioi-</em></strong></span> 
     </span>
     <span class='ocr_line' id='line_1_43' title="bbox 424 4437 2421 4525; baseline -0.004 -18"><span class='ocrx_word' id='word_1_654' title='bbox 424 4441 521 4525; x_wconf 87' lang='lat' dir='ltr'><strong><em>plane</em></strong></span> <span class='ocrx_word' id='word_1_655' title='bbox 558 4438 752 4521; x_wconf 76' lang='lat' dir='ltr'><strong><em>testificandi</em></strong></span> <span class='ocrx_word' id='word_1_656' title='bbox 785 4439 922 4521; x_wconf 80' lang='lat' dir='ltr'><strong><em>officium</em></strong></span> <span class='ocrx_word' id='word_1_657' title='bbox 951 4439 1063 4504; x_wconf 87' lang='lat' dir='ltr'><strong><em>adimit</em></strong></span> <span class='ocrx_word' id='word_1_658' title='bbox 1093 4439 1248 4504; x_wconf 85' lang='grc'><em>1333333333</em></span> <span class='ocrx_word' id='word_1_659' title='bbox 1282 4437 1400 4504; x_wconf 82' lang='lat' dir='ltr'><strong><em>Christi</em></strong></span> <span class='ocrx_word' id='word_1_660' title='bbox 1451 4441 1562 4506; x_wconf 87' lang='lat' dir='ltr'><strong><em>nitatis</em></strong></span> <span class='ocrx_word' id='word_1_661' title='bbox 1581 4442 1664 4523; x_wconf 88' lang='lat' dir='ltr'><strong><em>fonte</em></strong></span> <span class='ocrx_word' id='word_1_662' title='bbox 1679 4442 1812 4521; x_wconf 88' lang='lat' dir='ltr'><strong><em>prodeat</em></strong></span> <span class='ocrx_word' id='word_1_663' title='bbox 1828 4442 1870 4504; x_wconf 89' lang='lat' dir='ltr'><strong><em>ad</em></strong></span> <span class='ocrx_word' id='word_1_664' title='bbox 1886 4462 1943 4505; x_wconf 89' lang='lat' dir='ltr'><strong><em>nos</em></strong></span> <span class='ocrx_word' id='word_1_665' title='bbox 1964 4442 2095 4516; x_wconf 84' lang='lat' dir='ltr'><strong><em>iustitia,</em></strong></span> <span class='ocrx_word' id='word_1_666' title='bbox 2118 4459 2179 4502; x_wconf 85' lang='grc'><em>3333</em></span> <span class='ocrx_word' id='word_1_667' title='bbox 2198 4443 2299 4500; x_wconf 84' lang='grc'><em>33333333</em></span> <span class='ocrx_word' id='word_1_668' title='bbox 2321 4438 2421 4516; x_wconf 77' lang='lat' dir='ltr'><strong><em>sepui-</em></strong></span> 
     </span>
     <span class='ocr_line' id='line_1_44' title="bbox 428 4524 2422 4607; baseline -0.004 -15"><span class='ocrx_word' id='word_1_669' title='bbox 428 4533 572 4593; x_wconf 84' lang='lat' dir='ltr'><strong><em>naturae.</em></strong></span> <span class='ocrx_word' id='word_1_670' title='bbox 619 4525 738 4606; x_wconf 81' lang='lat' dir='ltr'><strong><em>Operae</em></strong></span> <span class='ocrx_word' id='word_1_671' title='bbox 763 4526 901 4607; x_wconf 86' lang='lat' dir='ltr'><strong><em>pretium</em></strong></span> <span class='ocrx_word' id='word_1_672' title='bbox 929 4528 1032 4589; x_wconf 85' lang='lat' dir='ltr'><strong><em>autem</em></strong></span> <span class='ocrx_word' id='word_1_673' title='bbox 1060 4530 1103 4589; x_wconf 88' lang='lat' dir='ltr'><strong><em>est</em></strong></span> <span class='ocrx_word' id='word_1_674' title='bbox 1129 4530 1227 4590; x_wconf 88' lang='lat' dir='ltr'><strong><em>tencre</em></strong></span> <span class='ocrx_word' id='word_1_675' title='bbox 1255 4545 1318 4605; x_wconf 77' lang='lat' dir='ltr'><strong><em>qua</em></strong></span> <span class='ocrx_word' id='word_1_676' title='bbox 1348 4545 1400 4589; x_wconf 85' lang='lat' dir='ltr'><strong><em>rn-</em></strong></span> <span class='ocrx_word' id='word_1_677' title='bbox 1450 4531 1517 4606; x_wconf 89' lang='lat' dir='ltr'><strong><em>tur,</em></strong></span> <span class='ocrx_word' id='word_1_678' title='bbox 1547 4526 1720 4605; x_wconf 88' lang='lat' dir='ltr'><strong><em>Christum,</em></strong></span> <span class='ocrx_word' id='word_1_679' title='bbox 1749 4529 1804 4606; x_wconf 79' lang='lat' dir='ltr'><strong><em>qui</em></strong></span> <span class='ocrx_word' id='word_1_680' title='bbox 1832 4528 1867 4588; x_wconf 89' lang='lat' dir='ltr'><strong><em>in</em></strong></span> <span class='ocrx_word' id='word_1_681' title='bbox 1890 4545 1980 4589; x_wconf 85' lang='lat' dir='ltr'><strong><em>carne</em></strong></span> <span class='ocrx_word' id='word_1_682' title='bbox 2001 4547 2033 4588; x_wconf 90' lang='lat' dir='ltr'><strong><em>sc</em></strong></span> <span class='ocrx_word' id='word_1_683' title='bbox 2058 4529 2187 4604; x_wconf 89' lang='lat' dir='ltr'><strong><em>propter</em></strong></span> <span class='ocrx_word' id='word_1_684' title='bbox 2209 4543 2265 4586; x_wconf 89' lang='lat' dir='ltr'><strong><em>nos</em></strong></span> <span class='ocrx_word' id='word_1_685' title='bbox 2286 4524 2422 4602; x_wconf 83' lang='lat' dir='ltr'><strong><em>sandifi-</em></strong></span> 
     </span>
     <span class='ocr_line' id='line_1_45' title="bbox 429 4608 2421 4696; baseline -0.005 -17"><span class='ocrx_word' id='word_1_686' title='bbox 429 4613 509 4679; x_wconf 88' lang='lat' dir='ltr'><strong><em>tione</em></strong></span> <span class='ocrx_word' id='word_1_687' title='bbox 531 4616 655 4696; x_wconf 77' lang='lat' dir='ltr'><strong><em>pupnet.</em></strong></span> <span class='ocrx_word' id='word_1_688' title='bbox 699 4610 827 4676; x_wconf 86' lang='lat' dir='ltr'><strong><em>Dicitur</em></strong></span> <span class='ocrx_word' id='word_1_689' title='bbox 852 4612 954 4677; x_wconf 84' lang='lat' dir='ltr'><strong><em>eodern</em></strong></span> <span class='ocrx_word' id='word_1_690' title='bbox 981 4609 1043 4675; x_wconf 77' lang='lat' dir='ltr'><strong><em>heo</em></strong></span> <span class='ocrx_word' id='word_1_691' title='bbox 1067 4608 1212 4675; x_wconf 90' lang='lat' dir='ltr'><strong><em>Christus</em></strong></span> <span class='ocrx_word' id='word_1_692' title='bbox 1237 4610 1341 4692; x_wconf 84' lang='lat' dir='ltr'><strong><em>factus</em></strong></span> <span class='ocrx_word' id='word_1_693' title='bbox 1365 4612 1400 4673; x_wconf 90' lang='lat' dir='ltr'><strong><em>in</em></strong></span> <span class='ocrx_word' id='word_1_694' title='bbox 1451 4614 1543 4691; x_wconf 88' lang='lat' dir='ltr'><strong><em>canit,</em></strong></span> <span class='ocrx_word' id='word_1_695' title='bbox 1566 4614 1732 4677; x_wconf 88' lang='lat' dir='ltr'><strong><em>secundum</em></strong></span> <span class='ocrx_word' id='word_1_696' title='bbox 1749 4612 1891 4675; x_wconf 84' lang='lat' dir='ltr'><strong><em>dioirmm</em></strong></span> <span class='ocrx_word' id='word_1_697' title='bbox 1909 4615 2055 4673; x_wconf 68' lang='lat' dir='ltr'><strong><em>viaturam</em></strong></span> <span class='ocrx_word' id='word_1_698' title='bbox 2072 4610 2158 4671; x_wconf 86' lang='lat' dir='ltr'><strong><em>nobis</em></strong></span> <span class='ocrx_word' id='word_1_699' title='bbox 2175 4608 2331 4672; x_wconf 90' lang='lat' dir='ltr'><strong><em>iustitiam</em></strong></span> <span class='ocrx_word' id='word_1_700' title='bbox 2349 4629 2421 4672; x_wconf 86' lang='lat' dir='ltr'><strong><em>csse.</em></strong></span> 
     </span>
     <span class='ocr_line' id='line_1_46' title="bbox 428 4694 2423 4861; baseline -0.003 -12"><span class='ocrx_word' id='word_1_701' title='bbox 428 4698 758 4849; x_wconf 50' lang='lat' dir='ltr'><strong><em>hffillllatllls</em></strong></span> <span class='ocrx_word' id='word_1_702' title='bbox 768 4695 1085 4847; x_wconf 49' lang='lat' dir='ltr'><strong><em>lutatium</em></strong></span> <span class='ocrx_word' id='word_1_703' title='bbox 1106 4701 1229 4845; x_wconf 52' lang='lat' dir='ltr'><strong><em>Mill</em></strong></span> <span class='ocrx_word' id='word_1_704' title='bbox 1247 4697 1401 4846; x_wconf 62' lang='lat' dir='ltr'><strong><em>etth</em></strong></span> <span class='ocrx_word' id='word_1_705' title='bbox 1452 4694 2423 4861; x_wconf 57' lang='lat' dir='ltr'><strong><em>hht‘thhtltthtttltllt‘tllhttttth</em></strong></span> 
     </span>
     <span class='ocr_line' id='line_1_47' title="bbox 428 4803 2422 4952; baseline -0.003 -20"><span class='ocrx_word' id='word_1_706' title='bbox 428 4806 568 4952; x_wconf 55' lang='lat' dir='ltr'><strong><em>peplum</em></strong></span> <span class='ocrx_word' id='word_1_707' title='bbox 587 4867 650 4932; x_wconf 90' lang='lat' dir='ltr'><strong><em>Dei</em></strong></span> <span class='ocrx_word' id='word_1_708' title='bbox 675 4869 958 4949; x_wconf 79' lang='lat' dir='ltr'><strong><em>filium·aeternam</em></strong></span> <span class='ocrx_word' id='word_1_709' title='bbox 984 4866 1107 4947; x_wconf 69' lang='grc'><em>33331333</em></span> <span class='ocrx_word' id='word_1_710' title='bbox 1130 4803 1244 4947; x_wconf 59' lang='lat' dir='ltr'><strong><em>fnidiln</em></strong></span> <span class='ocrx_word' id='word_1_711' title='bbox 1256 4830 1325 4931; x_wconf 76' lang='lat' dir='ltr'><strong><em>eills</em></strong></span> <span class='ocrx_word' id='word_1_712' title='bbox 1350 4887 1400 4931; x_wconf 79' lang='lat' dir='ltr'><strong><em>sa</em></strong></span> <span class='ocrx_word' id='word_1_713' title='bbox 1446 4869 1553 4949; x_wconf 81' lang='lat' dir='ltr'><strong><em>patris</em></strong></span> <span class='ocrx_word' id='word_1_714' title='bbox 1573 4867 1759 4947; x_wconf 86' lang='lat' dir='ltr'><strong><em>impulisset,</em></strong></span> <span class='ocrx_word' id='word_1_715' title='bbox 1781 4887 1819 4929; x_wconf 86' lang='lat' dir='ltr'><strong><em>ac</em></strong></span> <span class='ocrx_word' id='word_1_716' title='bbox 1840 4867 1905 4946; x_wconf 90' lang='lat' dir='ltr'><strong><em>ipse</em></strong></span> <span class='ocrx_word' id='word_1_717' title='bbox 1926 4866 2049 4945; x_wconf 72' lang='lat' dir='ltr'><strong><em>anilem</em></strong></span> <span class='ocrx_word' id='word_1_718' title='bbox 2071 4867 2221 4929; x_wconf 81' lang='lat' dir='ltr'><strong><em>iniurntis</em></strong></span> <span class='ocrx_word' id='word_1_719' title='bbox 2242 4866 2304 4929; x_wconf 89' lang='lat' dir='ltr'><strong><em>sibi</em></strong></span> <span class='ocrx_word' id='word_1_720' title='bbox 2320 4866 2422 4945; x_wconf 89' lang='lat' dir='ltr'><strong><em>parti-</em></strong></span> 
     </span>
     <span class='ocr_line' id='line_1_48' title="bbox 424 4951 2423 5034; baseline -0.001 -19"><span class='ocrx_word' id='word_1_721' title='bbox 424 4953 590 5034; x_wconf 86' lang='lat' dir='ltr'><strong><em>pientiam,</em></strong></span> <span class='ocrx_word' id='word_1_722' title='bbox 613 4955 665 5017; x_wconf 89' lang='lat' dir='ltr'><strong><em>sed</em></strong></span> <span class='ocrx_word' id='word_1_723' title='bbox 686 4956 809 5019; x_wconf 87' lang='lat' dir='ltr'><strong><em>diuerso</em></strong></span> <span class='ocrx_word' id='word_1_724' title='bbox 827 4953 915 5018; x_wconf 81' lang='lat' dir='ltr'><strong><em>mdo</em></strong></span> <span class='ocrx_word' id='word_1_725' title='bbox 943 4971 1051 5016; x_wconf 84' lang='lat' dir='ltr'><strong><em>nornen</em></strong></span> <span class='ocrx_word' id='word_1_726' title='bbox 1077 4951 1131 5015; x_wconf 89' lang='lat' dir='ltr'><strong><em>hoe</em></strong></span> <span class='ocrx_word' id='word_1_727' title='bbox 1158 4953 1288 5016; x_wconf 82' lang='lat' dir='ltr'><strong><em>attribui</em></strong></span> <span class='ocrx_word' id='word_1_728' title='bbox 1313 4954 1400 5033; x_wconf 89' lang='lat' dir='ltr'><strong><em>apud</em></strong></span> <span class='ocrx_word' id='word_1_729' title='bbox 1451 4956 1509 5018; x_wconf 86' lang='lat' dir='ltr'><strong><em>bns</em></strong></span> <span class='ocrx_word' id='word_1_730' title='bbox 1530 4952 1735 5031; x_wconf 79' lang='lat' dir='ltr'><strong><em>satisfecisset.</em></strong></span> <span class='ocrx_word' id='word_1_731' title='bbox 1782 4951 1867 5015; x_wconf 91' lang='lat' dir='ltr'><strong><em>Num</em></strong></span> <span class='ocrx_word' id='word_1_732' title='bbox 1895 4953 1953 5015; x_wconf 90' lang='lat' dir='ltr'><strong><em>etsi</em></strong></span> <span class='ocrx_word' id='word_1_733' title='bbox 1981 4952 2058 5017; x_wconf 89' lang='lat' dir='ltr'><strong><em>alibi</em></strong></span> <span class='ocrx_word' id='word_1_734' title='bbox 2086 4953 2201 5015; x_wconf 86' lang='lat' dir='ltr'><strong><em>dietum</em></strong></span> <span class='ocrx_word' id='word_1_735' title='bbox 2227 4952 2290 5032; x_wconf 90' lang='lat' dir='ltr'><strong><em>fuit</em></strong></span> <span class='ocrx_word' id='word_1_736' title='bbox 2318 4951 2423 5013; x_wconf 86' lang='lat' dir='ltr'><strong><em>omnio</em></strong></span> 
     </span>
     <span class='ocr_line' id='line_1_49' title="bbox 432 5035 2421 5118; baseline -0.002 -17"><span class='ocrx_word' id='word_1_737' title='bbox 432 5035 588 5113; x_wconf 87' lang='lat' dir='ltr'><strong><em>Paulum,</em></strong></span> <span class='ocrx_word' id='word_1_738' title='bbox 618 5040 693 5118; x_wconf 85' lang='lat' dir='ltr'><strong><em>quia</em></strong></span> <span class='ocrx_word' id='word_1_739' title='bbox 715 5041 749 5102; x_wconf 87' lang='lat' dir='ltr'><strong><em>in</em></strong></span> <span class='ocrx_word' id='word_1_740' title='bbox 771 5042 840 5118; x_wconf 91' lang='lat' dir='ltr'><strong><em>ipsa</em></strong></span> <span class='ocrx_word' id='word_1_741' title='bbox 865 5037 1014 5103; x_wconf 87' lang='lat' dir='ltr'><strong><em>reconditi</em></strong></span> <span class='ocrx_word' id='word_1_742' title='bbox 1040 5041 1112 5101; x_wconf 89' lang='lat' dir='ltr'><strong><em>sunt</em></strong></span> <span class='ocrx_word' id='word_1_743' title='bbox 1133 5057 1236 5102; x_wconf 85' lang='grc'><em>3333333</em></span> <span class='ocrx_word' id='word_1_744' title='bbox 1261 5037 1401 5101; x_wconf 88' lang='lat' dir='ltr'><strong><em>thesauri</em></strong></span> <span class='ocrx_word' id='word_1_745' title='bbox 1455 5038 1573 5103; x_wconf 89' lang='lat' dir='ltr'><strong><em>Christi</em></strong></span> <span class='ocrx_word' id='word_1_746' title='bbox 1597 5037 1698 5115; x_wconf 89' lang='lat' dir='ltr'><strong><em>ipsius</em></strong></span> <span class='ocrx_word' id='word_1_747' title='bbox 1720 5038 1829 5101; x_wconf 89' lang='lat' dir='ltr'><strong><em>merita</em></strong></span> <span class='ocrx_word' id='word_1_748' title='bbox 1853 5037 1951 5117; x_wconf 86' lang='lat' dir='ltr'><strong><em>flucre</em></strong></span> <span class='ocrx_word' id='word_1_749' title='bbox 1978 5057 2015 5100; x_wconf 83' lang='lat' dir='ltr'><strong><em>ec</em></strong></span> <span class='ocrx_word' id='word_1_750' title='bbox 2041 5058 2123 5102; x_wconf 72' lang='lat' dir='ltr'><strong><em>utero</em></strong></span> <span class='ocrx_word' id='word_1_751' title='bbox 2146 5037 2209 5100; x_wconf 90' lang='lat' dir='ltr'><strong><em>Dei</em></strong></span> <span class='ocrx_word' id='word_1_752' title='bbox 2231 5037 2421 5116; x_wconf 73' lang='lat' dir='ltr'><strong><em>beneplacito,</em></strong></span> 
     </span>
     <span class='ocr_line' id='line_1_50' title="bbox 429 5119 2421 5208; baseline -0.004 -19"><span class='ocrx_word' id='word_1_753' title='bbox 429 5121 603 5204; x_wconf 84' lang='lat' dir='ltr'><strong><em>sapientiae</em></strong></span> <span class='ocrx_word' id='word_1_754' title='bbox 630 5128 658 5186; x_wconf 90' lang='lat' dir='ltr'><strong><em>et</em></strong></span> <span class='ocrx_word' id='word_1_755' title='bbox 684 5125 827 5188; x_wconf 88' lang='lat' dir='ltr'><strong><em>scientiae</em></strong></span> <span class='ocrx_word' id='word_1_756' title='bbox 854 5123 937 5208; x_wconf 86' lang='lat' dir='ltr'><strong><em>(Col.</em></strong></span> <span class='ocrx_word' id='word_1_757' title='bbox 957 5127 986 5201; x_wconf 82' lang='lat'><strong><em>2,</em></strong></span> <span class='ocrx_word' id='word_1_758' title='bbox 1012 5119 1055 5204; x_wconf 87' lang='lat'><strong><em>3).</em></strong></span> <span class='ocrx_word' id='word_1_759' title='bbox 1101 5122 1189 5202; x_wconf 78' lang='lat' dir='ltr'><strong><em>Quod</em></strong></span> <span class='ocrx_word' id='word_1_760' title='bbox 1214 5142 1284 5205; x_wconf 81' lang='lat' dir='ltr'><strong><em>erpo</em></strong></span> <span class='ocrx_word' id='word_1_761' title='bbox 1313 5123 1400 5202; x_wconf 86' lang='lat' dir='ltr'><strong><em>apud</em></strong></span> <span class='ocrx_word' id='word_1_762' title='bbox 1452 5122 1533 5187; x_wconf 80' lang='lat' dir='ltr'><strong><em>niliil</em></strong></span> <span class='ocrx_word' id='word_1_763' title='bbox 1552 5121 1606 5186; x_wconf 90' lang='lat' dir='ltr'><strong><em>hoc</em></strong></span> <span class='ocrx_word' id='word_1_764' title='bbox 1627 5126 1728 5184; x_wconf 88' lang='lat' dir='ltr'><strong><em>tamen</em></strong></span> <span class='ocrx_word' id='word_1_765' title='bbox 1749 5123 1793 5187; x_wconf 90' lang='lat' dir='ltr'><strong><em>ad</em></strong></span> <span class='ocrx_word' id='word_1_766' title='bbox 1807 5123 2000 5204; x_wconf 84' lang='lat' dir='ltr'><strong><em>phantasma</em></strong></span> <span class='ocrx_word' id='word_1_767' title='bbox 2021 5145 2080 5203; x_wconf 82' lang='lat' dir='ltr'><strong><em>quo</em></strong></span> <span class='ocrx_word' id='word_1_768' title='bbox 2097 5144 2171 5187; x_wconf 89' lang='lat' dir='ltr'><strong><em>suos</em></strong></span> <span class='ocrx_word' id='word_1_769' title='bbox 2188 5128 2215 5186; x_wconf 91' lang='lat' dir='ltr'><strong><em>et</em></strong></span> <span class='ocrx_word' id='word_1_770' title='bbox 2231 5122 2421 5202; x_wconf 85' lang='lat' dir='ltr'><strong><em>sirnplicium</em></strong></span> 
     </span>
     <span class='ocr_line' id='line_1_51' title="bbox 425 5207 2422 5293; baseline -0.004 -19"><span class='ocrx_word' id='word_1_771' title='bbox 425 5211 550 5293; x_wconf 87' lang='lat' dir='ltr'><strong><em>patrem</em></strong></span> <span class='ocrx_word' id='word_1_772' title='bbox 576 5207 718 5287; x_wconf 85' lang='lat' dir='ltr'><strong><em>hahebat,</em></strong></span> <span class='ocrx_word' id='word_1_773' title='bbox 751 5210 838 5274; x_wconf 88' lang='lat' dir='ltr'><strong><em>nobis</em></strong></span> <span class='ocrx_word' id='word_1_774' title='bbox 870 5208 1094 5290; x_wconf 84' lang='lat' dir='ltr'><strong><em>manifestarit,</em></strong></span> <span class='ocrx_word' id='word_1_775' title='bbox 1130 5212 1157 5271; x_wconf 88' lang='lat' dir='ltr'><strong><em>et</em></strong></span> <span class='ocrx_word' id='word_1_776' title='bbox 1188 5209 1233 5272; x_wconf 85' lang='lat' dir='ltr'><strong><em>ita</em></strong></span> <span class='ocrx_word' id='word_1_777' title='bbox 1265 5228 1325 5271; x_wconf 91' lang='lat' dir='ltr'><strong><em>non</em></strong></span> <span class='ocrx_word' id='word_1_778' title='bbox 1359 5209 1401 5271; x_wconf 91' lang='lat' dir='ltr'><strong><em>ad</em></strong></span> <span class='ocrx_word' id='word_1_779' title='bbox 1452 5207 1553 5283; x_wconf 88' lang='lat' dir='ltr'><strong><em>oculos</em></strong></span> <span class='ocrx_word' id='word_1_780' title='bbox 1583 5208 1719 5289; x_wconf 74' lang='lat' dir='ltr'><strong><em>fascinat</em></strong></span> <span class='ocrx_word' id='word_1_781' title='bbox 1753 5209 1915 5273; x_wconf 84' lang='lat' dir='ltr'><strong><em>Osiandcr.</em></strong></span> <span class='ocrx_word' id='word_1_782' title='bbox 1963 5209 2041 5289; x_wconf 77' lang='lat' dir='ltr'><strong><em>Qrcis</em></strong></span> <span class='ocrx_word' id='word_1_783' title='bbox 2072 5211 2154 5273; x_wconf 90' lang='lat' dir='ltr'><strong><em>enim</em></strong></span> <span class='ocrx_word' id='word_1_784' title='bbox 2186 5208 2323 5288; x_wconf 66' lang='lat' dir='ltr'><strong><em>colmere</em></strong></span> <span class='ocrx_word' id='word_1_785' title='bbox 2349 5225 2422 5286; x_wconf 91' lang='lat' dir='ltr'><strong><em>per-</em></strong></span> 
     </span>
     <span class='ocr_line' id='line_1_52' title="bbox 428 5290 2421 5376; baseline -0.005 -16"><span class='ocrx_word' id='word_1_786' title='bbox 428 5295 594 5360; x_wconf 87' lang='lat' dir='ltr'><strong><em>essentiam</em></strong></span> <span class='ocrx_word' id='word_1_787' title='bbox 623 5293 687 5374; x_wconf 84' lang='lat' dir='ltr'><strong><em>filii</em></strong></span> <span class='ocrx_word' id='word_1_788' title='bbox 713 5293 792 5370; x_wconf 88' lang='lat' dir='ltr'><strong><em>Dei,</em></strong></span> <span class='ocrx_word' id='word_1_789' title='bbox 825 5296 879 5359; x_wconf 88' lang='lat' dir='ltr'><strong><em>sed</em></strong></span> <span class='ocrx_word' id='word_1_790' title='bbox 910 5295 953 5358; x_wconf 91' lang='lat' dir='ltr'><strong><em>od</em></strong></span> <span class='ocrx_word' id='word_1_791' title='bbox 982 5313 1075 5359; x_wconf 89' lang='lat' dir='ltr'><strong><em>usum</em></strong></span> <span class='ocrx_word' id='word_1_792' title='bbox 1101 5298 1241 5364; x_wconf 90' lang='lat' dir='ltr'><strong><em>nostrum</em></strong></span> <span class='ocrx_word' id='word_1_793' title='bbox 1266 5291 1401 5374; x_wconf 82' lang='lat' dir='ltr'><strong><em>refertur</em></strong></span> <span class='ocrx_word' id='word_1_794' title='bbox 1452 5294 1560 5372; x_wconf 82' lang='lat' dir='ltr'><strong><em>mittat,</em></strong></span> <span class='ocrx_word' id='word_1_795' title='bbox 1583 5295 1659 5374; x_wconf 79' lang='lat' dir='ltr'><strong><em>auia</em></strong></span> <span class='ocrx_word' id='word_1_796' title='bbox 1679 5293 1751 5374; x_wconf 87' lang='lat' dir='ltr'><strong><em>fons</em></strong></span> <span class='ocrx_word' id='word_1_797' title='bbox 1771 5301 1798 5357; x_wconf 90' lang='lat' dir='ltr'><strong><em>et</em></strong></span> <span class='ocrx_word' id='word_1_798' title='bbox 1815 5296 2011 5376; x_wconf 70' lang='lat' dir='ltr'><strong><em>prinicipium</em></strong></span> <span class='ocrx_word' id='word_1_799' title='bbox 2032 5296 2170 5360; x_wconf 76' lang='lat' dir='ltr'><strong><em>iustitiae</em></strong></span> <span class='ocrx_word' id='word_1_800' title='bbox 2191 5297 2311 5355; x_wconf 83' lang='grc'><em>3333333</em></span> <span class='ocrx_word' id='word_1_801' title='bbox 2335 5290 2421 5352; x_wconf 75' lang='lat' dir='ltr'><strong><em>lucus</em></strong></span> 
     </span>
     <span class='ocr_line' id='line_1_53' title="bbox 429 5377 2422 5461; baseline -0.002 -18"><span class='ocrx_word' id='word_1_802' title='bbox 429 5381 510 5461; x_wconf 75' lang='lat' dir='ltr'><strong><em>meod</em></strong></span> <span class='ocrx_word' id='word_1_803' title='bbox 534 5380 610 5445; x_wconf 89' lang='lat' dir='ltr'><strong><em>dicit</em></strong></span> <span class='ocrx_word' id='word_1_804' title='bbox 639 5378 777 5457; x_wconf 86' lang='lat' dir='ltr'><strong><em>Paulus,</em></strong></span> <span class='ocrx_word' id='word_1_805' title='bbox 805 5385 832 5443; x_wconf 88' lang='lat' dir='ltr'><strong><em>et</em></strong></span> <span class='ocrx_word' id='word_1_806' title='bbox 858 5380 1012 5444; x_wconf 77' lang='lat' dir='ltr'><strong><em>leonianae</em></strong></span> <span class='ocrx_word' id='word_1_807' title='bbox 1035 5378 1153 5445; x_wconf 85' lang='lat' dir='ltr'><strong><em>Christi</em></strong></span> <span class='ocrx_word' id='word_1_808' title='bbox 1182 5384 1313 5444; x_wconf 87' lang='lat' dir='ltr'><strong><em>naturae</em></strong></span> <span class='ocrx_word' id='word_1_809' title='bbox 1341 5381 1400 5444; x_wconf 88' lang='lat' dir='ltr'><strong><em>rite</em></strong></span> <span class='ocrx_word' id='word_1_810' title='bbox 1452 5384 1511 5459; x_wconf 90' lang='lat' dir='ltr'><strong><em>est,</em></strong></span> <span class='ocrx_word' id='word_1_811' title='bbox 1533 5378 1736 5445; x_wconf 89' lang='lat' dir='ltr'><strong><em>essentialiter</em></strong></span> <span class='ocrx_word' id='word_1_812' title='bbox 1753 5400 1809 5445; x_wconf 89' lang='lat' dir='ltr'><strong><em>nos</em></strong></span> <span class='ocrx_word' id='word_1_813' title='bbox 1829 5401 1894 5445; x_wconf 86' lang='lat' dir='ltr'><strong><em>esse</em></strong></span> <span class='ocrx_word' id='word_1_814' title='bbox 1914 5381 2026 5457; x_wconf 88' lang='lat' dir='ltr'><strong><em>iustos,</em></strong></span> <span class='ocrx_word' id='word_1_815' title='bbox 2055 5379 2264 5443; x_wconf 79' lang='grc'><em>(3333333333</em></span> <span class='ocrx_word' id='word_1_816' title='bbox 2283 5377 2422 5439; x_wconf 78' lang='lat' dir='ltr'><strong><em>institiae</em></strong></span> 
     </span>
     <span class='ocr_line' id='line_1_54' title="bbox 430 5462 2422 5547; baseline -0.002 -19"><span class='ocrx_word' id='word_1_817' title='bbox 430 5470 571 5544; x_wconf 83' lang='lat' dir='ltr'><strong><em>aptatur:</em></strong></span> <span class='ocrx_word' id='word_1_818' title='bbox 602 5466 678 5547; x_wconf 80' lang='lat' dir='ltr'><strong><em>quia</em></strong></span> <span class='ocrx_word' id='word_1_819' title='bbox 704 5466 761 5530; x_wconf 90' lang='lat' dir='ltr'><strong><em>etsi</em></strong></span> <span class='ocrx_word' id='word_1_820' title='bbox 788 5465 844 5529; x_wconf 77' lang='lat' dir='ltr'><strong><em>lun</em></strong></span> <span class='ocrx_word' id='word_1_821' title='bbox 871 5467 904 5528; x_wconf 86' lang='lat' dir='ltr'><strong><em>in</em></strong></span> <span class='ocrx_word' id='word_1_822' title='bbox 936 5464 1065 5530; x_wconf 88' lang='lat' dir='ltr'><strong><em>tenebris</em></strong></span> <span class='ocrx_word' id='word_1_823' title='bbox 1092 5464 1209 5531; x_wconf 86' lang='lat' dir='ltr'><strong><em>lucebat</em></strong></span> <span class='ocrx_word' id='word_1_824' title='bbox 1236 5469 1400 5546; x_wconf 70' lang='grc'><em>3333333333</em></span> <span class='ocrx_word' id='word_1_825' title='bbox 1453 5465 1517 5532; x_wconf 88' lang='lat' dir='ltr'><strong><em>Dei</em></strong></span> <span class='ocrx_word' id='word_1_826' title='bbox 1538 5467 1572 5529; x_wconf 89' lang='lat' dir='ltr'><strong><em>in</em></strong></span> <span class='ocrx_word' id='word_1_827' title='bbox 1592 5462 1679 5530; x_wconf 81' lang='lat' dir='ltr'><strong><em>nobis</em></strong></span> <span class='ocrx_word' id='word_1_828' title='bbox 1699 5465 1861 5530; x_wconf 77' lang='lat' dir='ltr'><strong><em>habitare?</em></strong></span> <span class='ocrx_word' id='word_1_829' title='bbox 1902 5466 1944 5528; x_wconf 90' lang='lat' dir='ltr'><strong><em>In</em></strong></span> <span class='ocrx_word' id='word_1_830' title='bbox 1965 5465 2144 5530; x_wconf 86' lang='lat' dir='ltr'><strong><em>redimenda</em></strong></span> <span class='ocrx_word' id='word_1_831' title='bbox 2165 5462 2298 5538; x_wconf 83' lang='lat' dir='ltr'><strong><em>ccclesia,</em></strong></span> <span class='ocrx_word' id='word_1_832' title='bbox 2321 5462 2422 5541; x_wconf 74' lang='lat' dir='ltr'><strong><em>iurauit</em></strong></span> 
     </span>
     <span class='ocr_line' id='line_1_55' title="bbox 431 5547 2422 5636; baseline -0.003 -22"><span class='ocrx_word' id='word_1_833' title='bbox 431 5568 554 5614; x_wconf 80' lang='lat' dir='ltr'><strong><em>earnem</em></strong></span> <span class='ocrx_word' id='word_1_834' title='bbox 581 5552 734 5630; x_wconf 87' lang='lat' dir='ltr'><strong><em>indueret,</em></strong></span> <span class='ocrx_word' id='word_1_835' title='bbox 767 5556 834 5614; x_wconf 84' lang='grc'><em>3333</em></span> <span class='ocrx_word' id='word_1_836' title='bbox 865 5555 967 5613; x_wconf 85' lang='lat' dir='ltr'><strong><em>tamen</em></strong></span> <span class='ocrx_word' id='word_1_837' title='bbox 999 5551 1055 5614; x_wconf 84' lang='lat' dir='ltr'><strong><em>lun</em></strong></span> <span class='ocrx_word' id='word_1_838' title='bbox 1087 5550 1279 5629; x_wconf 86' lang='lat' dir='ltr'><strong><em>abscondita,</em></strong></span> <span class='ocrx_word' id='word_1_839' title='bbox 1308 5551 1401 5617; x_wconf 75' lang='lat' dir='ltr'><strong><em>demea</em></strong></span> <span class='ocrx_word' id='word_1_840' title='bbox 1455 5550 1581 5617; x_wconf 87' lang='lat' dir='ltr'><strong><em>Iesaias</em></strong></span> <span class='ocrx_word' id='word_1_841' title='bbox 1602 5554 1673 5636; x_wconf 76' lang='lat' dir='ltr'><strong><em>(bh,</em></strong></span> <span class='ocrx_word' id='word_1_842' title='bbox 1701 5552 1769 5634; x_wconf 83' lang='lat'><strong><em>17),</em></strong></span> <span class='ocrx_word' id='word_1_843' title='bbox 1795 5552 1883 5616; x_wconf 87' lang='lat' dir='ltr'><strong><em>Deus</em></strong></span> <span class='ocrx_word' id='word_1_844' title='bbox 1910 5552 2063 5615; x_wconf 87' lang='lat' dir='ltr'><strong><em>iustitiam</em></strong></span> <span class='ocrx_word' id='word_1_845' title='bbox 2085 5547 2305 5613; x_wconf 87' lang='lat' dir='ltr'><strong><em>snam‘induit</em></strong></span> <span class='ocrx_word' id='word_1_846' title='bbox 2329 5548 2422 5628; x_wconf 74' lang='grc'><em>333333</em></span> 
     </span>
    </p>
   </div>
   <div class='ocr_carea' id='block_1_5' title="bbox 425 5633 2423 5744">
    <p class='ocr_par' dir='ltr' id='par_1_6' title="bbox 425 5633 2423 5744">
     <span class='ocr_line' id='line_1_56' title="bbox 425 5633 2423 5744; baseline -0.002 -45"><span class='ocrx_word' id='word_1_847' title='bbox 425 5635 547 5716; x_wconf 89' lang='lat' dir='ltr'><strong><em>prodiit</em></strong></span> <span class='ocrx_word' id='word_1_848' title='bbox 568 5638 651 5702; x_wconf 46' lang='lat' dir='ltr'><strong><em>‘uteru</em></strong></span> <span class='ocrx_word' id='word_1_849' title='bbox 669 5636 868 5744; x_wconf 74' lang='lat' dir='ltr'><strong><em>Christusin</em></strong></span> <span class='ocrx_word' id='word_1_850' title='bbox 888 5639 1001 5698; x_wconf 87' lang='lat' dir='ltr'><strong><em>natma</em></strong></span> <span class='ocrx_word' id='word_1_851' title='bbox 1020 5635 1164 5716; x_wconf 88' lang='lat' dir='ltr'><strong><em>hominis,</em></strong></span> <span class='ocrx_word' id='word_1_852' title='bbox 1188 5637 1233 5702; x_wconf 91' lang='lat' dir='ltr'><strong><em>sol</em></strong></span> <span class='ocrx_word' id='word_1_853' title='bbox 1252 5636 1400 5717; x_wconf 84' lang='lat' dir='ltr'><strong><em>institiae,</em></strong></span> <span class='ocrx_word' id='word_1_854' title='bbox 1453 5638 1591 5704; x_wconf 82' lang='lat' dir='ltr'><strong><em>lorica-m.</em></strong></span> <span class='ocrx_word' id='word_1_855' title='bbox 1635 5635 1690 5700; x_wconf 87' lang='lat' dir='ltr'><strong><em>Au</em></strong></span> <span class='ocrx_word' id='word_1_856' title='bbox 1718 5642 1751 5701; x_wconf 87' lang='lat' dir='ltr'><strong><em>ut</em></strong></span> <span class='ocrx_word' id='word_1_857' title='bbox 1774 5635 1933 5702; x_wconf 84' lang='lat' dir='ltr'><strong><em>Christum</em></strong></span> <span class='ocrx_word' id='word_1_858' title='bbox 1954 5637 2055 5699; x_wconf 82' lang='lat' dir='ltr'><strong><em>amnis</em></strong></span> <span class='ocrx_word' id='word_1_859' title='bbox 2080 5634 2238 5716; x_wconf 81' lang='lat' dir='ltr'><strong><em>spoliaret,</em></strong></span> <span class='ocrx_word' id='word_1_860' title='bbox 2267 5633 2423 5714; x_wconf 76' lang='lat' dir='ltr'><strong><em>quaede-</em></strong></span> 
     </span>
    </p>
   </div>
   <div class='ocr_carea' id='block_1_6' title="bbox 1946 5786 2354 5907">
    <p class='ocr_par' dir='ltr' id='par_1_7' title="bbox 1946 5786 2354 5907">
     <span class='ocr_line' id='line_1_57' title="bbox 1946 5786 2354 5873; baseline 0.01 -68"><span class='ocrx_word' id='word_1_861' title='bbox 1946 5796 1992 5825; x_wconf 83' lang='grc' dir='ltr'><strong><em>ιΙ</em></strong></span> <span class='ocrx_word' id='word_1_862' title='bbox 2092 5786 2160 5843; x_wconf 55' lang='lat'><strong><em>&#39;0&#39;</em></strong></span> <span class='ocrx_word' id='word_1_863' title='bbox 2237 5796 2354 5873; x_wconf 44' lang='grc' dir='ltr'>ιδ...</span> 
     </span>
     <span class='ocr_line' id='line_1_58' title="bbox 2167 5871 2317 5907; baseline 0 -21"><span class='ocrx_word' id='word_1_864' title='bbox 2167 5871 2175 5886; x_wconf 75' lang='grc' dir='ltr'>ι</span> <span class='ocrx_word' id='word_1_865' title='bbox 2283 5872 2317 5907; x_wconf 54' lang='lat'><strong><em>⁸·</em></strong></span> 
     </span>
    </p>
   </div>
   <div class='ocr_carea' id='block_1_7' title="bbox 0 0 2804 6806">
    <p class='ocr_par' dir='ltr' id='par_1_8' title="bbox 0 0 2804 6806">
     <span class='ocr_line' id='line_1_59' title="bbox 0 0 2804 6806; baseline 0 0"><span class='ocrx_word' id='word_1_866' title='bbox 0 0 2804 6806; x_wconf 95' lang='lat' dir='ltr'><strong><em> </em></strong></span> 
     </span>
    </p>
   </div>
  </div>
 </body>
</html>
