<?xml version="1.0" encoding="UTF-8"?>
<!DOCTYPE html PUBLIC "-//W3C//DTD XHTML 1.0 Transitional//EN"
    "http://www.w3.org/TR/xhtml1/DTD/xhtml1-transitional.dtd">
<html xmlns="http://www.w3.org/1999/xhtml" xml:lang="en" lang="en">
 <head>
  <title>
</title>
<meta http-equiv="Content-Type" content="text/html;charset=utf-8" />
  <meta name='ocr-system' content='tesseract 3.04.00' />
  <meta name='ocr-capabilities' content='ocr_page ocr_carea ocr_par ocr_line ocrx_word'/>
</head>
<body>
  <div class='ocr_page' id='page_1' title='image "./ioanniscalvinio10calvgoog/ioanniscalvinio10calvgoog_0419.png"; bbox 0 0 5600 6809; ppageno 0'>
   <div class='ocr_carea' id='block_1_1' title="bbox 383 777 2394 856">
    <p class='ocr_par' dir='ltr' id='par_1_1' title="bbox 383 777 2394 856">
     <span class='ocr_line' id='line_1_1' title="bbox 383 777 2394 856; baseline 0.004 -9"><span class='ocrx_word' id='word_1_1' title='bbox 383 788 445 848; x_wconf 82' lang='grc'>800</span> <span class='ocrx_word' id='word_1_2' title='bbox 689 777 780 846; x_wconf 82' lang='lat' dir='ltr'><strong>LIB.</strong></span> <span class='ocrx_word' id='word_1_3' title='bbox 804 779 865 846; x_wconf 87' lang='lat' dir='ltr'>IV.</span> <span class='ocrx_word' id='word_1_4' title='bbox 911 780 975 844; x_wconf 85' lang='lat' dir='ltr'>DE</span> <span class='ocrx_word' id='word_1_5' title='bbox 997 777 1235 846; x_wconf 75' lang='lat' dir='ltr'><strong>EXTERNIS</strong></span> <span class='ocrx_word' id='word_1_6' title='bbox 1257 780 1424 847; x_wconf 75' lang='lat' dir='ltr'>Munus</span> <span class='ocrx_word' id='word_1_7' title='bbox 1446 782 1511 847; x_wconf 89' lang='lat' dir='ltr'>AD</span> <span class='ocrx_word' id='word_1_8' title='bbox 1535 779 1765 850; x_wconf 72' lang='lat' dir='ltr'><strong>SALUTEM.</strong></span> <span class='ocrx_word' id='word_1_9' title='bbox 1812 785 1911 851; x_wconf 76' lang='lat' dir='ltr'>OAP.</span> <span class='ocrx_word' id='word_1_10' title='bbox 1934 786 1996 851; x_wconf 85' lang='lat' dir='ltr'>IX.</span> <span class='ocrx_word' id='word_1_11' title='bbox 2032 786 2075 853; x_wconf 89' lang='lat' dir='ltr'>X.</span> <span class='ocrx_word' id='word_1_12' title='bbox 2330 796 2394 856; x_wconf 71' lang='lat' dir='ltr'>eto</span> 
     </span>
    </p>
   </div>
   <div class='ocr_carea' id='block_1_2' title="bbox 381 967 2472 2512">
    <p class='ocr_par' dir='ltr' id='par_1_2' title="bbox 381 967 2472 2512">
     <span class='ocr_line' id='line_1_2' title="bbox 381 967 2391 1063; baseline 0.003 -27"><span class='ocrx_word' id='word_1_13' title='bbox 381 994 448 1036; x_wconf 90' lang='lat' dir='ltr'>non</span> <span class='ocrx_word' id='word_1_14' title='bbox 478 972 572 1041; x_wconf 70' lang='lat' dir='ltr'>saitis.</span> <span class='ocrx_word' id='word_1_15' title='bbox 584 971 746 1036; x_wconf 89' lang='lat' dir='ltr'>subtiliter</span> <span class='ocrx_word' id='word_1_16' title='bbox 774 970 970 1035; x_wconf 90' lang='lat' dir='ltr'>discernunt</span> <span class='ocrx_word' id='word_1_17' title='bbox 1015 972 1192 1035; x_wconf 89' lang='lat' dir='ltr'>Praeterea</span> <span class='ocrx_word' id='word_1_18' title='bbox 1220 967 1358 1033; x_wconf 89' lang='lat' dir='ltr'>difficul·</span> <span class='ocrx_word' id='word_1_19' title='bbox 1412 970 1559 1034; x_wconf 87' lang='lat' dir='ltr'>animum</span> <span class='ocrx_word' id='word_1_20' title='bbox 1581 990 1766 1052; x_wconf 88' lang='lat' dir='ltr'>purumque</span> <span class='ocrx_word' id='word_1_21' title='bbox 1789 973 1829 1037; x_wconf 88' lang='lat' dir='ltr'>ab</span> <span class='ocrx_word' id='word_1_22' title='bbox 1851 975 1941 1037; x_wconf 91' lang='lat' dir='ltr'>omni</span> <span class='ocrx_word' id='word_1_23' title='bbox 1958 973 2092 1039; x_wconf 86' lang='lat' dir='ltr'>libidine</span> <span class='ocrx_word' id='word_1_24' title='bbox 2109 976 2201 1041; x_wconf 91' lang='lat' dir='ltr'>Deus</span> <span class='ocrx_word' id='word_1_25' title='bbox 2224 981 2391 1063; x_wconf 70' lang='lat' dir='ltr'>praecipit,</span> 
     </span>
     <span class='ocr_line' id='line_1_3' title="bbox 382 1054 2392 1141; baseline 0.003 -18"><span class='ocrx_word' id='word_1_26' title='bbox 382 1067 484 1123; x_wconf 87' lang='lat' dir='ltr'>tatem</span> <span class='ocrx_word' id='word_1_27' title='bbox 517 1064 616 1141; x_wconf 90' lang='lat' dir='ltr'>auget</span> <span class='ocrx_word' id='word_1_28' title='bbox 642 1057 728 1139; x_wconf 88' lang='lat' dir='ltr'>quod</span> <span class='ocrx_word' id='word_1_29' title='bbox 749 1056 873 1122; x_wconf 89' lang='lat' dir='ltr'>Paulus</span> <span class='ocrx_word' id='word_1_30' title='bbox 906 1055 1124 1120; x_wconf 85' lang='lat' dir='ltr'>obediendum</span> <span class='ocrx_word' id='word_1_31' title='bbox 1151 1076 1221 1120; x_wconf 88' lang='lat' dir='ltr'>esse</span> <span class='ocrx_word' id='word_1_32' title='bbox 1254 1055 1358 1136; x_wconf 88' lang='lat' dir='ltr'>magi·</span> <span class='ocrx_word' id='word_1_33' title='bbox 1411 1054 1469 1119; x_wconf 90' lang='lat' dir='ltr'>sed</span> <span class='ocrx_word' id='word_1_34' title='bbox 1491 1054 1670 1137; x_wconf 81' lang='lat' dir='ltr'>quamlibet</span> <span class='ocrx_word' id='word_1_35' title='bbox 1691 1058 1867 1122; x_wconf 88' lang='lat' dir='ltr'>verborum</span> <span class='ocrx_word' id='word_1_36' title='bbox 1889 1058 2143 1125; x_wconf 88' lang='lat' dir='ltr'>obscoenitatem</span> <span class='ocrx_word' id='word_1_37' title='bbox 2166 1071 2200 1126; x_wconf 90' lang='lat' dir='ltr'>et</span> <span class='ocrx_word' id='word_1_38' title='bbox 2221 1071 2392 1129; x_wconf 80' lang='lat' dir='ltr'><strong>externam</strong></span> 
     </span>
     <span class='ocr_line' id='line_1_4' title="bbox 382 1139 2472 1229; baseline 0.004 -21"><span class='ocrx_word' id='word_1_39' title='bbox 382 1145 499 1209; x_wconf 87' lang='lat' dir='ltr'>stratui</span> <span class='ocrx_word' id='word_1_40' title='bbox 535 1144 707 1225; x_wconf 75' lang='lat' dir='ltr'>praecipit,</span> <span class='ocrx_word' id='word_1_41' title='bbox 748 1165 813 1207; x_wconf 91' lang='lat' dir='ltr'>non</span> <span class='ocrx_word' id='word_1_42' title='bbox 852 1162 976 1225; x_wconf 85' lang='lat' dir='ltr'>poenae</span> <span class='ocrx_word' id='word_1_43' title='bbox 1010 1142 1116 1206; x_wconf 89' lang='lat' dir='ltr'>solum</span> <span class='ocrx_word' id='word_1_44' title='bbox 1155 1148 1260 1216; x_wconf 92' lang='lat' dir='ltr'>metu,</span> <span class='ocrx_word' id='word_1_45' title='bbox 1301 1139 1358 1205; x_wconf 89' lang='lat' dir='ltr'>scd</span> <span class='ocrx_word' id='word_1_46' title='bbox 1411 1140 1580 1206; x_wconf 85' lang='lat' dir='ltr'>lasciviam</span> <span class='ocrx_word' id='word_1_47' title='bbox 1597 1141 1756 1224; x_wconf 87' lang='lat' dir='ltr'>prohibet.</span> <span class='ocrx_word' id='word_1_48' title='bbox 1789 1143 1899 1208; x_wconf 90' lang='lat' dir='ltr'>Huius</span> <span class='ocrx_word' id='word_1_49' title='bbox 1917 1146 1998 1229; x_wconf 88' lang='lat' dir='ltr'>legis</span> <span class='ocrx_word' id='word_1_50' title='bbox 2017 1146 2244 1226; x_wconf 89' lang='lat' dir='ltr'>observationi,</span> <span class='ocrx_word' id='word_1_51' title='bbox 2264 1151 2392 1216; x_wconf 87' lang='lat' dir='ltr'>etiamsi</span> <span class='ocrx_word' id='word_1_52' title='bbox 2469 1219 2472 1227; x_wconf 77' lang='grc'><strong>,</strong></span> 
     </span>
     <span class='ocr_line' id='line_1_5' title="bbox 381 1226 2470 1312; baseline 0.004 -18"><span class='ocrx_word' id='word_1_53' title='bbox 381 1240 514 1312; x_wconf 89' lang='lat' dir='ltr'>propter</span> <span class='ocrx_word' id='word_1_54' title='bbox 536 1230 770 1295; x_wconf 75' lang='lat' dir='ltr'>conscientiam</span> <span class='ocrx_word' id='word_1_55' title='bbox 791 1228 901 1310; x_wconf 88' lang='lat' dir='ltr'>(Rom.</span> <span class='ocrx_word' id='word_1_56' title='bbox 923 1232 971 1303; x_wconf 87' lang='lat'>13,</span> <span class='ocrx_word' id='word_1_57' title='bbox 992 1233 1035 1311; x_wconf 82' lang='lat'>5).</span> <span class='ocrx_word' id='word_1_58' title='bbox 1080 1227 1177 1292; x_wconf 90' lang='lat' dir='ltr'>Unde</span> <span class='ocrx_word' id='word_1_59' title='bbox 1202 1227 1356 1308; x_wconf 89' lang='lat' dir='ltr'>sequitur,</span> <span class='ocrx_word' id='word_1_60' title='bbox 1412 1226 1524 1290; x_wconf 93' lang='lat' dir='ltr'>nullus</span> <span class='ocrx_word' id='word_1_61' title='bbox 1541 1229 1577 1289; x_wconf 94' lang='lat' dir='ltr'>in</span> <span class='ocrx_word' id='word_1_62' title='bbox 1595 1228 1717 1291; x_wconf 91' lang='lat' dir='ltr'>mundo</span> <span class='ocrx_word' id='word_1_63' title='bbox 1739 1228 1836 1292; x_wconf 92' lang='lat' dir='ltr'>homo</span> <span class='ocrx_word' id='word_1_64' title='bbox 1854 1232 1988 1310; x_wconf 86' lang='lat' dir='ltr'>viveret,</span> <span class='ocrx_word' id='word_1_65' title='bbox 2008 1233 2206 1297; x_wconf 91' lang='lat' dir='ltr'>conscientia</span> <span class='ocrx_word' id='word_1_66' title='bbox 2224 1256 2298 1299; x_wconf 90' lang='lat' dir='ltr'>mea</span> <span class='ocrx_word' id='word_1_67' title='bbox 2316 1237 2392 1301; x_wconf 87' lang='lat' dir='ltr'>sub·</span> <span class='ocrx_word' id='word_1_68' title='bbox 2468 1230 2470 1235; x_wconf 40' lang='lat'><strong>¹</strong></span> 
     </span>
     <span class='ocr_line' id='line_1_6' title="bbox 383 1310 2392 1401; baseline 0.005 -23"><span class='ocrx_word' id='word_1_69' title='bbox 383 1316 521 1397; x_wconf 84' lang='lat' dir='ltr'>politicis</span> <span class='ocrx_word' id='word_1_70' title='bbox 539 1337 665 1398; x_wconf 92' lang='lat' dir='ltr'>quoque</span> <span class='ocrx_word' id='word_1_71' title='bbox 683 1314 811 1397; x_wconf 91' lang='lat' dir='ltr'>legibus</span> <span class='ocrx_word' id='word_1_72' title='bbox 828 1313 988 1396; x_wconf 81' lang='lat' dir='ltr'>obstringi</span> <span class='ocrx_word' id='word_1_73' title='bbox 1006 1314 1229 1391; x_wconf 80' lang='lat' dir='ltr'>eonscientiae.</span> <span class='ocrx_word' id='word_1_74' title='bbox 1260 1310 1358 1390; x_wconf 80' lang='lat' dir='ltr'>Quod</span> <span class='ocrx_word' id='word_1_75' title='bbox 1411 1313 1528 1377; x_wconf 87' lang='lat' dir='ltr'>iicitur.</span> <span class='ocrx_word' id='word_1_76' title='bbox 1563 1314 1617 1377; x_wconf 85' lang='lat' dir='ltr'>Ita</span> <span class='ocrx_word' id='word_1_77' title='bbox 1627 1313 1683 1395; x_wconf 90' lang='lat' dir='ltr'>qui</span> <span class='ocrx_word' id='word_1_78' title='bbox 1697 1315 1721 1396; x_wconf 89' lang='lat'>¹)</span> <span class='ocrx_word' id='word_1_79' title='bbox 1744 1335 1779 1378; x_wconf 92' lang='lat' dir='ltr'>se</span> <span class='ocrx_word' id='word_1_80' title='bbox 1790 1316 2047 1399; x_wconf 88' lang='lat' dir='ltr'>intemperanter</span> <span class='ocrx_word' id='word_1_81' title='bbox 2065 1319 2159 1401; x_wconf 89' lang='lat' dir='ltr'>gerit,</span> <span class='ocrx_word' id='word_1_82' title='bbox 2178 1342 2245 1384; x_wconf 92' lang='lat' dir='ltr'>non</span> <span class='ocrx_word' id='word_1_83' title='bbox 2263 1343 2300 1386; x_wconf 91' lang='lat' dir='ltr'>eo</span> <span class='ocrx_word' id='word_1_84' title='bbox 2318 1330 2392 1387; x_wconf 86' lang='lat' dir='ltr'>tan·</span> 
     </span>
     <span class='ocr_line' id='line_1_7' title="bbox 382 1397 2392 1486; baseline 0.003 -20"><span class='ocrx_word' id='word_1_85' title='bbox 382 1404 409 1466; x_wconf 82' lang='lat' dir='ltr'>si</span> <span class='ocrx_word' id='word_1_86' title='bbox 432 1403 478 1464; x_wconf 87' lang='lat' dir='ltr'>ita</span> <span class='ocrx_word' id='word_1_87' title='bbox 500 1411 600 1477; x_wconf 86' lang='lat' dir='ltr'>esset,</span> <span class='ocrx_word' id='word_1_88' title='bbox 629 1400 760 1466; x_wconf 90' lang='lat' dir='ltr'>caderet</span> <span class='ocrx_word' id='word_1_89' title='bbox 782 1399 940 1482; x_wconf 90' lang='lat' dir='ltr'>quidquid</span> <span class='ocrx_word' id='word_1_90' title='bbox 967 1400 1116 1482; x_wconf 92' lang='lat' dir='ltr'>proximo</span> <span class='ocrx_word' id='word_1_91' title='bbox 1140 1399 1245 1480; x_wconf 90' lang='lat' dir='ltr'>capite</span> <span class='ocrx_word' id='word_1_92' title='bbox 1273 1397 1358 1460; x_wconf 88' lang='lat' dir='ltr'>dixi·</span> <span class='ocrx_word' id='word_1_93' title='bbox 1412 1413 1484 1460; x_wconf 90' lang='lat' dir='ltr'>tum</span> <span class='ocrx_word' id='word_1_94' title='bbox 1510 1407 1623 1479; x_wconf 87' lang='lat' dir='ltr'>peccat</span> <span class='ocrx_word' id='word_1_95' title='bbox 1645 1397 1731 1481; x_wconf 91' lang='lat' dir='ltr'>quod</span> <span class='ocrx_word' id='word_1_96' title='bbox 1759 1401 1883 1465; x_wconf 90' lang='lat' dir='ltr'>malum</span> <span class='ocrx_word' id='word_1_97' title='bbox 1905 1404 2092 1484; x_wconf 85' lang='lat' dir='ltr'>exemplum</span> <span class='ocrx_word' id='word_1_98' title='bbox 2120 1407 2254 1486; x_wconf 90' lang='lat' dir='ltr'>praebet</span> <span class='ocrx_word' id='word_1_99' title='bbox 2282 1408 2392 1472; x_wconf 88' lang='lat' dir='ltr'>fratri·</span> 
     </span>
     <span class='ocr_line' id='line_1_8' title="bbox 382 1483 2393 1576; baseline 0.004 -26"><span class='ocrx_word' id='word_1_100' title='bbox 382 1509 469 1559; x_wconf 81' lang='lat' dir='ltr'>mus,</span> <span class='ocrx_word' id='word_1_101' title='bbox 500 1507 537 1550; x_wconf 89' lang='lat' dir='ltr'>ac</span> <span class='ocrx_word' id='word_1_102' title='bbox 566 1488 630 1551; x_wconf 87' lang='lat' dir='ltr'>iam</span> <span class='ocrx_word' id='word_1_103' title='bbox 660 1486 778 1550; x_wconf 78' lang='lat' dir='ltr'>dictiui</span> <span class='ocrx_word' id='word_1_104' title='bbox 801 1506 913 1549; x_wconf 91' lang='lat' dir='ltr'>sumus</span> <span class='ocrx_word' id='word_1_105' title='bbox 937 1485 977 1550; x_wconf 91' lang='lat' dir='ltr'>de</span> <span class='ocrx_word' id='word_1_106' title='bbox 1003 1484 1163 1566; x_wconf 82' lang='lat' dir='ltr'>spirituali</span> <span class='ocrx_word' id='word_1_107' title='bbox 1190 1483 1357 1566; x_wconf 87' lang='lat' dir='ltr'>regimine.</span> <span class='ocrx_word' id='word_1_108' title='bbox 1411 1486 1481 1562; x_wconf 89' lang='lat' dir='ltr'>bus,</span> <span class='ocrx_word' id='word_1_109' title='bbox 1515 1484 1572 1548; x_wconf 88' lang='lat' dir='ltr'>sed</span> <span class='ocrx_word' id='word_1_110' title='bbox 1595 1485 1826 1549; x_wconf 88' lang='lat' dir='ltr'>conscientiam</span> <span class='ocrx_word' id='word_1_111' title='bbox 1855 1496 1949 1552; x_wconf 87' lang='lat' dir='ltr'>reatu</span> <span class='ocrx_word' id='word_1_112' title='bbox 1974 1490 2162 1555; x_wconf 84' lang='lat' dir='ltr'>obstrictam</span> <span class='ocrx_word' id='word_1_113' title='bbox 2186 1492 2284 1557; x_wconf 89' lang='lat' dir='ltr'>habet</span> <span class='ocrx_word' id='word_1_114' title='bbox 2306 1492 2393 1576; x_wconf 91' lang='lat' dir='ltr'>apud</span> 
     </span>
     <span class='ocr_line' id='line_1_9' title="bbox 382 1569 2393 1654; baseline 0.003 -16"><span class='ocrx_word' id='word_1_115' title='bbox 382 1574 430 1638; x_wconf 89' lang='lat' dir='ltr'>Ut</span> <span class='ocrx_word' id='word_1_116' title='bbox 457 1574 510 1638; x_wconf 92' lang='lat' dir='ltr'>hic</span> <span class='ocrx_word' id='word_1_117' title='bbox 538 1571 643 1638; x_wconf 90' lang='lat' dir='ltr'>nodus</span> <span class='ocrx_word' id='word_1_118' title='bbox 671 1571 832 1649; x_wconf 85' lang='lat' dir='ltr'>solvatur,</span> <span class='ocrx_word' id='word_1_119' title='bbox 861 1571 966 1652; x_wconf 92' lang='lat' dir='ltr'>primo</span> <span class='ocrx_word' id='word_1_120' title='bbox 995 1592 1112 1652; x_wconf 87' lang='lat' dir='ltr'>operae</span> <span class='ocrx_word' id='word_1_121' title='bbox 1140 1570 1281 1652; x_wconf 88' lang='lat' dir='ltr'>pretium</span> <span class='ocrx_word' id='word_1_122' title='bbox 1309 1576 1359 1633; x_wconf 89' lang='lat' dir='ltr'>est</span> <span class='ocrx_word' id='word_1_123' title='bbox 1410 1569 1529 1634; x_wconf 89' lang='lat' dir='ltr'>Deum</span> <span class='ocrx_word' id='word_1_124' title='bbox 1563 1571 1640 1635; x_wconf 84' lang='lat' dir='ltr'>Alia</span> <span class='ocrx_word' id='word_1_125' title='bbox 1660 1572 1695 1633; x_wconf 93' lang='lat' dir='ltr'>in</span> <span class='ocrx_word' id='word_1_126' title='bbox 1717 1572 1814 1637; x_wconf 88' lang='lat' dir='ltr'>rebus</span> <span class='ocrx_word' id='word_1_127' title='bbox 1832 1593 1891 1654; x_wconf 90' lang='lat' dir='ltr'>per</span> <span class='ocrx_word' id='word_1_128' title='bbox 1913 1595 1947 1638; x_wconf 92' lang='lat' dir='ltr'>se</span> <span class='ocrx_word' id='word_1_129' title='bbox 1969 1575 2084 1638; x_wconf 92' lang='lat' dir='ltr'>mediis</span> <span class='ocrx_word' id='word_1_130' title='bbox 2107 1585 2157 1640; x_wconf 91' lang='lat' dir='ltr'>est</span> <span class='ocrx_word' id='word_1_131' title='bbox 2178 1578 2271 1643; x_wconf 90' lang='lat' dir='ltr'>ratio.</span> <span class='ocrx_word' id='word_1_132' title='bbox 2306 1581 2393 1645; x_wconf 84' lang='lat' dir='ltr'>Abs·</span> 
     </span>
     <span class='ocr_line' id='line_1_10' title="bbox 381 1654 2391 1745; baseline 0.003 -23"><span class='ocrx_word' id='word_1_133' title='bbox 381 1671 494 1723; x_wconf 88' lang='lat' dir='ltr'>tenere</span> <span class='ocrx_word' id='word_1_134' title='bbox 516 1658 593 1740; x_wconf 90' lang='lat' dir='ltr'>quid</span> <span class='ocrx_word' id='word_1_135' title='bbox 616 1660 658 1721; x_wconf 87' lang='lat' dir='ltr'>sit</span> <span class='ocrx_word' id='word_1_136' title='bbox 679 1658 885 1722; x_wconf 85' lang='lat' dir='ltr'>conscientia.</span> <span class='ocrx_word' id='word_1_137' title='bbox 924 1658 974 1721; x_wconf 85' lang='lat' dir='ltr'>Ac</span> <span class='ocrx_word' id='word_1_138' title='bbox 997 1656 1141 1720; x_wconf 89' lang='lat' dir='ltr'>definitio</span> <span class='ocrx_word' id='word_1_139' title='bbox 1163 1655 1294 1737; x_wconf 91' lang='lat' dir='ltr'>quidem</span> <span class='ocrx_word' id='word_1_140' title='bbox 1317 1676 1359 1718; x_wconf 85' lang='lat' dir='ltr'>ex</span> <span class='ocrx_word' id='word_1_141' title='bbox 1411 1656 1516 1719; x_wconf 91' lang='lat' dir='ltr'>tinere</span> <span class='ocrx_word' id='word_1_142' title='bbox 1545 1658 1632 1720; x_wconf 93' lang='lat' dir='ltr'>cnim</span> <span class='ocrx_word' id='word_1_143' title='bbox 1660 1654 1815 1721; x_wconf 92' lang='lat' dir='ltr'>debemus</span> <span class='ocrx_word' id='word_1_144' title='bbox 1844 1659 1978 1741; x_wconf 90' lang='lat' dir='ltr'>siquod</span> <span class='ocrx_word' id='word_1_145' title='bbox 2002 1661 2391 1745; x_wconf 81' lang='lat' dir='ltr'>pariantoflendiculum,</span> 
     </span>
     <span class='ocr_line' id='line_1_11' title="bbox 381 1740 2392 1829; baseline 0.003 -20"><span class='ocrx_word' id='word_1_146' title='bbox 381 1754 491 1829; x_wconf 83' lang='lat' dir='ltr'>etymo</span> <span class='ocrx_word' id='word_1_147' title='bbox 513 1746 600 1809; x_wconf 88' lang='lat' dir='ltr'>vocis</span> <span class='ocrx_word' id='word_1_148' title='bbox 624 1743 765 1826; x_wconf 88' lang='lat' dir='ltr'>petenda</span> <span class='ocrx_word' id='word_1_149' title='bbox 786 1754 843 1807; x_wconf 92' lang='grc' dir='ltr'>θεῖ.</span> <span class='ocrx_word' id='word_1_150' title='bbox 888 1743 974 1806; x_wconf 89' lang='lat' dir='ltr'>Nam</span> <span class='ocrx_word' id='word_1_151' title='bbox 997 1742 1101 1819; x_wconf 89' lang='lat' dir='ltr'>sicuti,</span> <span class='ocrx_word' id='word_1_152' title='bbox 1125 1762 1228 1824; x_wconf 91' lang='lat' dir='ltr'>quum</span> <span class='ocrx_word' id='word_1_153' title='bbox 1250 1748 1359 1805; x_wconf 90' lang='lat' dir='ltr'>mente</span> <span class='ocrx_word' id='word_1_154' title='bbox 1411 1740 1468 1806; x_wconf 92' lang='lat' dir='ltr'>sed</span> <span class='ocrx_word' id='word_1_155' title='bbox 1496 1740 1599 1804; x_wconf 89' lang='lat' dir='ltr'>libera</span> <span class='ocrx_word' id='word_1_156' title='bbox 1626 1743 1832 1807; x_wconf 89' lang='lat' dir='ltr'>conscientia.</span> <span class='ocrx_word' id='word_1_157' title='bbox 1882 1745 1936 1808; x_wconf 88' lang='lat' dir='ltr'>Ita</span> <span class='ocrx_word' id='word_1_158' title='bbox 1963 1745 2003 1810; x_wconf 90' lang='lat' dir='ltr'>de</span> <span class='ocrx_word' id='word_1_159' title='bbox 2030 1767 2128 1811; x_wconf 89' lang='lat' dir='ltr'>carne</span> <span class='ocrx_word' id='word_1_160' title='bbox 2156 1748 2251 1814; x_wconf 90' lang='lat' dir='ltr'>idolis</span> <span class='ocrx_word' id='word_1_161' title='bbox 2279 1771 2392 1816; x_wconf 93' lang='lat' dir='ltr'>conse·</span> 
     </span>
     <span class='ocr_line' id='line_1_12' title="bbox 381 1826 2393 1916; baseline 0.003 -22"><span class='ocrx_word' id='word_1_162' title='bbox 381 1831 661 1914; x_wconf 84' lang='lat' dir='ltr'>intelligentiaque</span> <span class='ocrx_word' id='word_1_163' title='bbox 691 1829 839 1893; x_wconf 92' lang='lat' dir='ltr'>homines</span> <span class='ocrx_word' id='word_1_164' title='bbox 862 1827 1113 1910; x_wconf 87' lang='lat' dir='ltr'>apprehendunt</span> <span class='ocrx_word' id='word_1_165' title='bbox 1141 1848 1251 1890; x_wconf 90' lang='lat' dir='ltr'>rerum</span> <span class='ocrx_word' id='word_1_166' title='bbox 1274 1827 1357 1890; x_wconf 90' lang='lat' dir='ltr'>noti·</span> <span class='ocrx_word' id='word_1_167' title='bbox 1411 1835 1503 1890; x_wconf 88' lang='lat' dir='ltr'>crata</span> <span class='ocrx_word' id='word_1_168' title='bbox 1524 1827 1651 1892; x_wconf 91' lang='lat' dir='ltr'>Paulus</span> <span class='ocrx_word' id='word_1_169' title='bbox 1678 1826 1821 1909; x_wconf 89' lang='lat' dir='ltr'>loquitur</span> <span class='ocrx_word' id='word_1_170' title='bbox 1844 1830 1876 1911; x_wconf 91' lang='lat' dir='ltr'>(l</span> <span class='ocrx_word' id='word_1_171' title='bbox 1904 1830 1979 1895; x_wconf 85' lang='lat' dir='ltr'>Oor.</span> <span class='ocrx_word' id='word_1_172' title='bbox 2009 1836 2061 1909; x_wconf 88' lang='grc'>10,</span> <span class='ocrx_word' id='word_1_173' title='bbox 2087 1833 2158 1916; x_wconf 83' lang='grc'>28);</span> <span class='ocrx_word' id='word_1_174' title='bbox 2190 1836 2216 1898; x_wconf 83' lang='grc' dir='ltr'>εἰ</span> <span class='ocrx_word' id='word_1_175' title='bbox 2240 1837 2312 1916; x_wconf 93' lang='lat' dir='ltr'>quis</span> <span class='ocrx_word' id='word_1_176' title='bbox 2341 1838 2393 1901; x_wconf 90' lang='lat' dir='ltr'>in-</span> 
     </span>
     <span class='ocr_line' id='line_1_13' title="bbox 381 1911 2392 2002; baseline 0.003 -23"><span class='ocrx_word' id='word_1_177' title='bbox 381 1918 472 1992; x_wconf 89' lang='lat' dir='ltr'>tiam,</span> <span class='ocrx_word' id='word_1_178' title='bbox 495 1938 536 1980; x_wconf 89' lang='lat' dir='ltr'>ex</span> <span class='ocrx_word' id='word_1_179' title='bbox 559 1939 596 1980; x_wconf 93' lang='lat' dir='ltr'>eo</span> <span class='ocrx_word' id='word_1_180' title='bbox 619 1916 772 1981; x_wconf 89' lang='lat' dir='ltr'>dicuntur</span> <span class='ocrx_word' id='word_1_181' title='bbox 790 1915 881 1990; x_wconf 91' lang='lat' dir='ltr'>scire,</span> <span class='ocrx_word' id='word_1_182' title='bbox 905 1911 993 1978; x_wconf 91' lang='lat' dir='ltr'>unde</span> <span class='ocrx_word' id='word_1_183' title='bbox 1011 1926 1044 1977; x_wconf 89' lang='lat' dir='ltr'>et</span> <span class='ocrx_word' id='word_1_184' title='bbox 1062 1914 1216 1978; x_wconf 86' lang='lat' dir='ltr'>scientiae</span> <span class='ocrx_word' id='word_1_185' title='bbox 1239 1934 1359 1977; x_wconf 92' lang='lat' dir='ltr'>nomen</span> <span class='ocrx_word' id='word_1_186' title='bbox 1411 1912 1501 1977; x_wconf 87' lang='lat' dir='ltr'>iiciat</span> <span class='ocrx_word' id='word_1_187' title='bbox 1522 1913 1723 1995; x_wconf 89' lang='lat' dir='ltr'>scrupulum,</span> <span class='ocrx_word' id='word_1_188' title='bbox 1747 1914 1862 1996; x_wconf 89' lang='lat' dir='ltr'>inquit,</span> <span class='ocrx_word' id='word_1_189' title='bbox 1887 1917 1953 1980; x_wconf 90' lang='lat' dir='ltr'>noli</span> <span class='ocrx_word' id='word_1_190' title='bbox 1971 1918 2141 2000; x_wconf 88' lang='lat' dir='ltr'>attingere,</span> <span class='ocrx_word' id='word_1_191' title='bbox 2164 1931 2297 2002; x_wconf 89' lang='lat' dir='ltr'>propter</span> <span class='ocrx_word' id='word_1_192' title='bbox 2315 1944 2392 1987; x_wconf 93' lang='lat' dir='ltr'>con-</span> 
     </span>
     <span class='ocr_line' id='line_1_14' title="bbox 382 1998 2391 2084; baseline 0.003 -19"><span class='ocrx_word' id='word_1_193' title='bbox 382 2002 524 2066; x_wconf 89' lang='lat' dir='ltr'>ducitur:</span> <span class='ocrx_word' id='word_1_194' title='bbox 566 2003 626 2078; x_wconf 90' lang='lat' dir='ltr'>ita,</span> <span class='ocrx_word' id='word_1_195' title='bbox 661 2023 762 2084; x_wconf 88' lang='lat' dir='ltr'>quum</span> <span class='ocrx_word' id='word_1_196' title='bbox 789 2021 922 2065; x_wconf 91' lang='lat' dir='ltr'>sensum</span> <span class='ocrx_word' id='word_1_197' title='bbox 957 1999 1080 2063; x_wconf 87' lang='lat' dir='ltr'>habent</span> <span class='ocrx_word' id='word_1_198' title='bbox 1113 1999 1215 2064; x_wconf 92' lang='lat' dir='ltr'>divini</span> <span class='ocrx_word' id='word_1_199' title='bbox 1248 1998 1359 2063; x_wconf 89' lang='lat' dir='ltr'>iudicii</span> <span class='ocrx_word' id='word_1_200' title='bbox 1411 1999 1598 2078; x_wconf 88' lang='lat' dir='ltr'>scientiam;</span> <span class='ocrx_word' id='word_1_201' title='bbox 1628 1998 1699 2064; x_wconf 93' lang='lat' dir='ltr'>dico</span> <span class='ocrx_word' id='word_1_202' title='bbox 1722 2007 1833 2063; x_wconf 89' lang='lat' dir='ltr'>autem</span> <span class='ocrx_word' id='word_1_203' title='bbox 1854 2004 2099 2082; x_wconf 88' lang='lat' dir='ltr'>conscientiam,</span> <span class='ocrx_word' id='word_1_204' title='bbox 2122 2026 2188 2069; x_wconf 94' lang='lat' dir='ltr'>non</span> <span class='ocrx_word' id='word_1_205' title='bbox 2210 2014 2309 2084; x_wconf 89' lang='lat' dir='ltr'>tuam,</span> <span class='ocrx_word' id='word_1_206' title='bbox 2334 2008 2391 2072; x_wconf 90' lang='lat' dir='ltr'>sed</span> 
     </span>
     <span class='ocr_line' id='line_1_15' title="bbox 381 2083 2390 2172; baseline 0.003 -22"><span class='ocrx_word' id='word_1_207' title='bbox 381 2088 473 2169; x_wconf 88' lang='lat' dir='ltr'>quasi</span> <span class='ocrx_word' id='word_1_208' title='bbox 507 2089 568 2152; x_wconf 86' lang='lat' dir='ltr'>sibi</span> <span class='ocrx_word' id='word_1_209' title='bbox 596 2087 786 2152; x_wconf 87' lang='lat' dir='ltr'>adiunctum</span> <span class='ocrx_word' id='word_1_210' title='bbox 815 2095 944 2163; x_wconf 86' lang='lat' dir='ltr'>testem,</span> <span class='ocrx_word' id='word_1_211' title='bbox 977 2087 1031 2166; x_wconf 89' lang='lat' dir='ltr'>qui</span> <span class='ocrx_word' id='word_1_212' title='bbox 1060 2106 1119 2149; x_wconf 91' lang='lat' dir='ltr'>sua</span> <span class='ocrx_word' id='word_1_213' title='bbox 1145 2093 1277 2167; x_wconf 88' lang='lat' dir='ltr'>peccata</span> <span class='ocrx_word' id='word_1_214' title='bbox 1304 2106 1358 2150; x_wconf 91' lang='lat' dir='ltr'>eos</span> <span class='ocrx_word' id='word_1_215' title='bbox 1411 2083 1553 2149; x_wconf 90' lang='lat' dir='ltr'>alterius.</span> <span class='ocrx_word' id='word_1_216' title='bbox 1599 2086 1756 2150; x_wconf 88' lang='lat' dir='ltr'>Peecaret</span> <span class='ocrx_word' id='word_1_217' title='bbox 1786 2085 1881 2150; x_wconf 92' lang='lat' dir='ltr'>homo</span> <span class='ocrx_word' id='word_1_218' title='bbox 1903 2087 2022 2166; x_wconf 91' lang='lat' dir='ltr'>fidelis,</span> <span class='ocrx_word' id='word_1_219' title='bbox 2051 2091 2107 2171; x_wconf 92' lang='lat' dir='ltr'>qui</span> <span class='ocrx_word' id='word_1_220' title='bbox 2128 2092 2220 2172; x_wconf 89' lang='lat' dir='ltr'>prius</span> <span class='ocrx_word' id='word_1_221' title='bbox 2243 2091 2390 2158; x_wconf 86' lang='lat' dir='ltr'>admoni-</span> 
     </span>
     <span class='ocr_line' id='line_1_16' title="bbox 381 2169 2393 2254; baseline 0.004 -18"><span class='ocrx_word' id='word_1_222' title='bbox 381 2169 542 2238; x_wconf 90' lang='lat' dir='ltr'>occultare</span> <span class='ocrx_word' id='word_1_223' title='bbox 565 2196 631 2237; x_wconf 92' lang='lat' dir='ltr'>non</span> <span class='ocrx_word' id='word_1_224' title='bbox 649 2174 736 2246; x_wconf 88' lang='lat' dir='ltr'>sinit,</span> <span class='ocrx_word' id='word_1_225' title='bbox 760 2173 840 2254; x_wconf 92' lang='lat' dir='ltr'>quin</span> <span class='ocrx_word' id='word_1_226' title='bbox 862 2171 904 2234; x_wconf 88' lang='lat' dir='ltr'>ad</span> <span class='ocrx_word' id='word_1_227' title='bbox 926 2171 1040 2235; x_wconf 90' lang='lat' dir='ltr'>iudicis</span> <span class='ocrx_word' id='word_1_228' title='bbox 1057 2170 1202 2234; x_wconf 84' lang='lat' dir='ltr'>tribunal</span> <span class='ocrx_word' id='word_1_229' title='bbox 1220 2171 1267 2234; x_wconf 91' lang='lat' dir='ltr'>rei</span> <span class='ocrx_word' id='word_1_230' title='bbox 1285 2192 1359 2253; x_wconf 91' lang='lat' dir='ltr'>por·</span> <span class='ocrx_word' id='word_1_231' title='bbox 1411 2182 1466 2234; x_wconf 89' lang='lat' dir='ltr'>tus</span> <span class='ocrx_word' id='word_1_232' title='bbox 1488 2170 1646 2235; x_wconf 90' lang='lat' dir='ltr'>eiusmodi</span> <span class='ocrx_word' id='word_1_233' title='bbox 1674 2192 1806 2235; x_wconf 89' lang='lat' dir='ltr'>carnem</span> <span class='ocrx_word' id='word_1_234' title='bbox 1834 2173 2046 2238; x_wconf 92' lang='lat' dir='ltr'>nihilominus</span> <span class='ocrx_word' id='word_1_235' title='bbox 2073 2176 2191 2240; x_wconf 84' lang='lat' dir='ltr'>ederet</span> <span class='ocrx_word' id='word_1_236' title='bbox 2243 2176 2311 2242; x_wconf 83' lang='lat' dir='ltr'>Sed</span> <span class='ocrx_word' id='word_1_237' title='bbox 2339 2189 2393 2244; x_wconf 89' lang='lat' dir='ltr'>ut·</span> 
     </span>
     <span class='ocr_line' id='line_1_17' title="bbox 381 2257 2390 2341; baseline 0.003 -19"><span class='ocrx_word' id='word_1_238' title='bbox 381 2260 564 2335; x_wconf 86' lang='lat' dir='ltr'>trahantur,</span> <span class='ocrx_word' id='word_1_239' title='bbox 588 2281 702 2323; x_wconf 89' lang='lat' dir='ltr'>sensus</span> <span class='ocrx_word' id='word_1_240' title='bbox 724 2258 778 2322; x_wconf 89' lang='lat' dir='ltr'>ille</span> <span class='ocrx_word' id='word_1_241' title='bbox 799 2266 934 2322; x_wconf 84' lang='lat' dir='ltr'>vocatur</span> <span class='ocrx_word' id='word_1_242' title='bbox 956 2258 1160 2322; x_wconf 88' lang='lat' dir='ltr'>conscicntia.</span> <span class='ocrx_word' id='word_1_243' title='bbox 1190 2257 1253 2320; x_wconf 85' lang='lat' dir='ltr'>Est</span> <span class='ocrx_word' id='word_1_244' title='bbox 1270 2257 1359 2320; x_wconf 91' lang='lat' dir='ltr'>enim</span> <span class='ocrx_word' id='word_1_245' title='bbox 1411 2277 1540 2338; x_wconf 93' lang='lat' dir='ltr'>cunque</span> <span class='ocrx_word' id='word_1_246' title='bbox 1551 2257 1662 2321; x_wconf 82' lang='lat' dir='ltr'>fratris</span> <span class='ocrx_word' id='word_1_247' title='bbox 1683 2267 1834 2339; x_wconf 88' lang='lat' dir='ltr'>respectu</span> <span class='ocrx_word' id='word_1_248' title='bbox 1857 2261 2040 2324; x_wconf 87' lang='lat' dir='ltr'>necessaria</span> <span class='ocrx_word' id='word_1_249' title='bbox 2056 2261 2103 2324; x_wconf 93' lang='lat' dir='ltr'>illi</span> <span class='ocrx_word' id='word_1_250' title='bbox 2122 2263 2166 2326; x_wconf 93' lang='lat' dir='ltr'>sit</span> <span class='ocrx_word' id='word_1_251' title='bbox 2184 2261 2390 2341; x_wconf 87' lang='lat' dir='ltr'>abstinentia,</span> 
     </span>
     <span class='ocr_line' id='line_1_18' title="bbox 381 2341 2391 2432; baseline 0.004 -24"><span class='ocrx_word' id='word_1_252' title='bbox 381 2343 536 2426; x_wconf 86' lang='lat' dir='ltr'>quiddam</span> <span class='ocrx_word' id='word_1_253' title='bbox 559 2346 644 2432; x_wconf 85' lang='lat' dir='ltr'>inter</span> <span class='ocrx_word' id='word_1_254' title='bbox 661 2346 768 2409; x_wconf 91' lang='lat' dir='ltr'>Deum</span> <span class='ocrx_word' id='word_1_255' title='bbox 787 2352 821 2406; x_wconf 89' lang='lat' dir='ltr'>ct</span> <span class='ocrx_word' id='word_1_256' title='bbox 838 2344 1003 2407; x_wconf 90' lang='lat' dir='ltr'>hominem</span> <span class='ocrx_word' id='word_1_257' title='bbox 1021 2341 1180 2406; x_wconf 90' lang='lat' dir='ltr'>medium:</span> <span class='ocrx_word' id='word_1_258' title='bbox 1205 2343 1280 2425; x_wconf 91' lang='lat' dir='ltr'>quia</span> <span class='ocrx_word' id='word_1_259' title='bbox 1300 2342 1358 2405; x_wconf 91' lang='lat' dir='ltr'>ho·</span> <span class='ocrx_word' id='word_1_260' title='bbox 1412 2350 1449 2405; x_wconf 95' lang='lat' dir='ltr'>ut</span> <span class='ocrx_word' id='word_1_261' title='bbox 1466 2363 1486 2404; x_wconf 89' lang='lat' dir='ltr'>a</span> <span class='ocrx_word' id='word_1_262' title='bbox 1503 2343 1574 2406; x_wconf 90' lang='lat' dir='ltr'>Deo</span> <span class='ocrx_word' id='word_1_263' title='bbox 1592 2342 1831 2424; x_wconf 85' lang='lat' dir='ltr'>praescribitur,</span> <span class='ocrx_word' id='word_1_264' title='bbox 1850 2364 1917 2408; x_wconf 91' lang='lat' dir='ltr'>non</span> <span class='ocrx_word' id='word_1_265' title='bbox 1931 2351 2042 2409; x_wconf 88' lang='lat' dir='ltr'>tamen</span> <span class='ocrx_word' id='word_1_266' title='bbox 2059 2348 2275 2412; x_wconf 87' lang='lat' dir='ltr'>conscientiae</span> <span class='ocrx_word' id='word_1_267' title='bbox 2292 2348 2391 2415; x_wconf 89' lang='lat' dir='ltr'>liber·</span> 
     </span>
     <span class='ocr_line' id='line_1_19' title="bbox 381 2427 2391 2512; baseline 0.003 -18"><span class='ocrx_word' id='word_1_268' title='bbox 381 2432 502 2494; x_wconf 90' lang='lat' dir='ltr'>minem</span> <span class='ocrx_word' id='word_1_269' title='bbox 526 2432 737 2512; x_wconf 86' lang='lat' dir='ltr'>uonpatitur</span> <span class='ocrx_word' id='word_1_270' title='bbox 759 2432 848 2493; x_wconf 91' lang='lat' dir='ltr'>inse</span> <span class='ocrx_word' id='word_1_271' title='bbox 871 2431 940 2510; x_wconf 87' lang='lat' dir='ltr'>ipso</span> <span class='ocrx_word' id='word_1_272' title='bbox 963 2430 1166 2510; x_wconf 89' lang='lat' dir='ltr'>supprimere</span> <span class='ocrx_word' id='word_1_273' title='bbox 1192 2427 1276 2509; x_wconf 94' lang='lat' dir='ltr'>quod</span> <span class='ocrx_word' id='word_1_274' title='bbox 1300 2449 1358 2491; x_wconf 91' lang='lat' dir='ltr'>no-</span> <span class='ocrx_word' id='word_1_275' title='bbox 1411 2434 1513 2491; x_wconf 90' lang='lat' dir='ltr'>tatem</span> <span class='ocrx_word' id='word_1_276' title='bbox 1541 2429 1682 2492; x_wconf 88' lang='lat' dir='ltr'>retinere</span> <span class='ocrx_word' id='word_1_277' title='bbox 1705 2427 1833 2492; x_wconf 88' lang='lat' dir='ltr'>desiuit.</span> <span class='ocrx_word' id='word_1_278' title='bbox 1879 2430 2040 2496; x_wconf 87' lang='lat' dir='ltr'>Videmus</span> <span class='ocrx_word' id='word_1_279' title='bbox 2062 2438 2100 2495; x_wconf 94' lang='lat' dir='ltr'>ut</span> <span class='ocrx_word' id='word_1_280' title='bbox 2120 2433 2175 2497; x_wconf 87' lang='lat' dir='ltr'>lex</span> <span class='ocrx_word' id='word_1_281' title='bbox 2197 2435 2260 2497; x_wconf 89' lang='lat' dir='ltr'>ista</span> <span class='ocrx_word' id='word_1_282' title='bbox 2282 2444 2391 2500; x_wconf 84' lang='lat' dir='ltr'>exter·</span> 
     </span>
    </p>
   </div>
   <div class='ocr_carea' id='block_1_3' title="bbox 253 2513 2329 2600">
    <p class='ocr_par' dir='ltr' id='par_1_3' title="bbox 253 2513 2329 2600">
     <span class='ocr_line' id='line_1_20' title="bbox 253 2513 2329 2600; baseline -0.001 -14"><span class='ocrx_word' id='word_1_283' title='bbox 253 2576 269 2586; x_wconf 74' lang='grc'><strong>.</strong></span> <span class='ocrx_word' id='word_1_284' title='bbox 380 2518 444 2594; x_wconf 81' lang='lat' dir='ltr'>vit,</span> <span class='ocrx_word' id='word_1_285' title='bbox 471 2516 527 2581; x_wconf 92' lang='lat' dir='ltr'>sed</span> <span class='ocrx_word' id='word_1_286' title='bbox 550 2537 691 2599; x_wconf 91' lang='lat' dir='ltr'>cousque</span> <span class='ocrx_word' id='word_1_287' title='bbox 720 2517 934 2598; x_wconf 90' lang='lat' dir='ltr'>persequitur,</span> <span class='ocrx_word' id='word_1_288' title='bbox 965 2515 1067 2578; x_wconf 92' lang='lat' dir='ltr'>donec</span> <span class='ocrx_word' id='word_1_289' title='bbox 1089 2513 1129 2577; x_wconf 87' lang='lat' dir='ltr'>ad</span> <span class='ocrx_word' id='word_1_290' title='bbox 1151 2524 1277 2578; x_wconf 87' lang='lat' dir='ltr'>reatum</span> <span class='ocrx_word' id='word_1_291' title='bbox 1300 2514 1357 2578; x_wconf 88' lang='lat' dir='ltr'>ad·</span> <span class='ocrx_word' id='word_1_292' title='bbox 1410 2535 1490 2576; x_wconf 91' lang='lat' dir='ltr'>num</span> <span class='ocrx_word' id='word_1_293' title='bbox 1512 2534 1593 2595; x_wconf 90' lang='lat' dir='ltr'>opus</span> <span class='ocrx_word' id='word_1_294' title='bbox 1615 2513 1721 2596; x_wconf 85' lang='lat' dir='ltr'>ligans</span> <span class='ocrx_word' id='word_1_295' title='bbox 1743 2515 1974 2579; x_wconf 88' lang='lat' dir='ltr'>conscientiam</span> <span class='ocrx_word' id='word_1_296' title='bbox 1997 2517 2138 2582; x_wconf 91' lang='lat' dir='ltr'>solutam</span> <span class='ocrx_word' id='word_1_297' title='bbox 2160 2519 2329 2600; x_wconf 87' lang='lat' dir='ltr'>relinquat.</span> 
     </span>
    </p>
   </div>
   <div class='ocr_carea' id='block_1_4' title="bbox 299 2598 2392 5592">
    <p class='ocr_par' dir='ltr' id='par_1_4' title="bbox 299 2598 2392 5592">
     <span class='ocr_line' id='line_1_21' title="bbox 382 2598 2390 2686; baseline 0.003 -22"><span class='ocrx_word' id='word_1_298' title='bbox 382 2601 486 2667; x_wconf 87' lang='lat' dir='ltr'>ducat.</span> <span class='ocrx_word' id='word_1_299' title='bbox 518 2603 590 2666; x_wconf 91' lang='lat' dir='ltr'>Hoc</span> <span class='ocrx_word' id='word_1_300' title='bbox 612 2613 662 2666; x_wconf 98' lang='grc' dir='ltr'>θεῖ</span> <span class='ocrx_word' id='word_1_301' title='bbox 684 2600 770 2684; x_wconf 94' lang='lat' dir='ltr'>quod</span> <span class='ocrx_word' id='word_1_302' title='bbox 792 2601 946 2684; x_wconf 89' lang='lat' dir='ltr'>iutelligit</span> <span class='ocrx_word' id='word_1_303' title='bbox 963 2601 1088 2665; x_wconf 89' lang='lat' dir='ltr'>Paulus</span> <span class='ocrx_word' id='word_1_304' title='bbox 1108 2600 1217 2683; x_wconf 87' lang='lat' dir='ltr'>(Rom.</span> <span class='ocrx_word' id='word_1_305' title='bbox 1241 2604 1269 2676; x_wconf 90' lang='grc'>2,</span> <span class='ocrx_word' id='word_1_306' title='bbox 1292 2601 1356 2681; x_wconf 76' lang='grc'><strong>15),</strong></span> <span class='ocrx_word' id='word_1_307' title='bbox 1498 2604 1526 2662; x_wconf 83' lang='grc'>5.</span> <span class='ocrx_word' id='word_1_308' title='bbox 1571 2598 1669 2663; x_wconf 91' lang='lat' dir='ltr'>Nunc</span> <span class='ocrx_word' id='word_1_309' title='bbox 1698 2599 1740 2662; x_wconf 81' lang='lat' dir='ltr'>ad</span> <span class='ocrx_word' id='word_1_310' title='bbox 1767 2598 1928 2666; x_wconf 85' lang='lat' dir='ltr'>humanas</span> <span class='ocrx_word' id='word_1_311' title='bbox 1952 2601 2042 2686; x_wconf 91' lang='lat' dir='ltr'>leges</span> <span class='ocrx_word' id='word_1_312' title='bbox 2070 2603 2250 2668; x_wconf 87' lang='lat' dir='ltr'>redeamus.</span> <span class='ocrx_word' id='word_1_313' title='bbox 2296 2603 2335 2670; x_wconf 85' lang='lat' dir='ltr'>Si</span> <span class='ocrx_word' id='word_1_314' title='bbox 2356 2608 2390 2670; x_wconf 93' lang='lat' dir='ltr'>in</span> 
     </span>
     <span class='ocr_line' id='line_1_22' title="bbox 381 2683 2389 2770; baseline 0.002 -18"><span class='ocrx_word' id='word_1_315' title='bbox 381 2710 482 2769; x_wconf 91' lang='lat' dir='ltr'>quum</span> <span class='ocrx_word' id='word_1_316' title='bbox 504 2688 606 2752; x_wconf 86' lang='lat' dir='ltr'>tradit</span> <span class='ocrx_word' id='word_1_317' title='bbox 623 2688 857 2753; x_wconf 89' lang='lat' dir='ltr'>conscientiam</span> <span class='ocrx_word' id='word_1_318' title='bbox 879 2687 975 2750; x_wconf 92' lang='lat' dir='ltr'>simul</span> <span class='ocrx_word' id='word_1_319' title='bbox 995 2687 1142 2750; x_wconf 87' lang='lat' dir='ltr'>attestari</span> <span class='ocrx_word' id='word_1_320' title='bbox 1161 2684 1356 2762; x_wconf 90' lang='lat' dir='ltr'>hominibus,</span> <span class='ocrx_word' id='word_1_321' title='bbox 1412 2685 1500 2748; x_wconf 93' lang='lat' dir='ltr'>hunc</span> <span class='ocrx_word' id='word_1_322' title='bbox 1523 2685 1623 2747; x_wconf 82' lang='lat' dir='ltr'>linem</span> <span class='ocrx_word' id='word_1_323' title='bbox 1644 2683 1730 2748; x_wconf 86' lang='lat' dir='ltr'>latae</span> <span class='ocrx_word' id='word_1_324' title='bbox 1753 2685 1820 2748; x_wconf 91' lang='lat' dir='ltr'>sint</span> <span class='ocrx_word' id='word_1_325' title='bbox 1840 2694 1878 2749; x_wconf 92' lang='lat' dir='ltr'>ut</span> <span class='ocrx_word' id='word_1_326' title='bbox 1901 2687 2094 2770; x_wconf 82' lang='lat' dir='ltr'>religionem</span> <span class='ocrx_word' id='word_1_327' title='bbox 2117 2691 2210 2755; x_wconf 90' lang='lat' dir='ltr'>nobis</span> <span class='ocrx_word' id='word_1_328' title='bbox 2232 2691 2389 2769; x_wconf 76' lang='lat' dir='ltr'>inficiant,</span> 
     </span>
     <span class='ocr_line' id='line_1_23' title="bbox 376 2770 2391 2856; baseline 0.002 -19"><span class='ocrx_word' id='word_1_329' title='bbox 376 2774 435 2838; x_wconf 91' lang='lat' dir='ltr'>ubi</span> <span class='ocrx_word' id='word_1_330' title='bbox 458 2775 671 2856; x_wconf 87' lang='lat' dir='ltr'>cogitationes</span> <span class='ocrx_word' id='word_1_331' title='bbox 694 2794 748 2836; x_wconf 90' lang='lat' dir='ltr'>eos</span> <span class='ocrx_word' id='word_1_332' title='bbox 771 2784 925 2837; x_wconf 85' lang='lat' dir='ltr'>accusant</span> <span class='ocrx_word' id='word_1_333' title='bbox 948 2773 999 2836; x_wconf 89' lang='lat' dir='ltr'>vel</span> <span class='ocrx_word' id='word_1_334' title='bbox 1022 2771 1196 2836; x_wconf 82' lang='lat' dir='ltr'>absolvunt</span> <span class='ocrx_word' id='word_1_335' title='bbox 1218 2772 1253 2834; x_wconf 96' lang='lat' dir='ltr'>in</span> <span class='ocrx_word' id='word_1_336' title='bbox 1274 2770 1357 2834; x_wconf 90' lang='lat' dir='ltr'>iudi·</span> <span class='ocrx_word' id='word_1_337' title='bbox 1412 2770 1504 2852; x_wconf 89' lang='lat' dir='ltr'>quasi</span> <span class='ocrx_word' id='word_1_338' title='bbox 1532 2791 1590 2851; x_wconf 89' lang='lat' dir='ltr'>per</span> <span class='ocrx_word' id='word_1_339' title='bbox 1619 2790 1654 2833; x_wconf 88' lang='lat' dir='ltr'>se</span> <span class='ocrx_word' id='word_1_340' title='bbox 1681 2772 1865 2835; x_wconf 84' lang='lat' dir='ltr'>necessaria</span> <span class='ocrx_word' id='word_1_341' title='bbox 1890 2773 1933 2836; x_wconf 89' lang='lat' dir='ltr'>sit</span> <span class='ocrx_word' id='word_1_342' title='bbox 1955 2795 2069 2838; x_wconf 89' lang='lat' dir='ltr'>earum</span> <span class='ocrx_word' id='word_1_343' title='bbox 2090 2776 2287 2855; x_wconf 88' lang='lat' dir='ltr'>observatio,</span> <span class='ocrx_word' id='word_1_344' title='bbox 2311 2776 2391 2843; x_wconf 91' lang='lat' dir='ltr'>dici·</span> 
     </span>
     <span class='ocr_line' id='line_1_24' title="bbox 299 2855 2392 2946; baseline 0.004 -27"><span class='ocrx_word' id='word_1_345' title='bbox 299 2912 302 2919; x_wconf 78' lang='grc'><strong>.</strong></span> <span class='ocrx_word' id='word_1_346' title='bbox 383 2861 432 2924; x_wconf 94' lang='lat' dir='ltr'>cio</span> <span class='ocrx_word' id='word_1_347' title='bbox 454 2860 527 2923; x_wconf 91' lang='lat' dir='ltr'>Dei.</span> <span class='ocrx_word' id='word_1_348' title='bbox 567 2858 716 2942; x_wconf 81' lang='lat' dir='ltr'>Simplex</span> <span class='ocrx_word' id='word_1_349' title='bbox 743 2859 862 2922; x_wconf 90' lang='lat' dir='ltr'>notitia</span> <span class='ocrx_word' id='word_1_350' title='bbox 888 2859 924 2920; x_wconf 93' lang='lat' dir='ltr'>in</span> <span class='ocrx_word' id='word_1_351' title='bbox 954 2858 1085 2924; x_wconf 86' lang='lat' dir='ltr'>homine</span> <span class='ocrx_word' id='word_1_352' title='bbox 1114 2856 1256 2921; x_wconf 89' lang='lat' dir='ltr'>residere</span> <span class='ocrx_word' id='word_1_353' title='bbox 1284 2877 1358 2938; x_wconf 92' lang='lat' dir='ltr'>pos·</span> <span class='ocrx_word' id='word_1_354' title='bbox 1412 2877 1486 2919; x_wconf 91' lang='lat' dir='ltr'>mus</span> <span class='ocrx_word' id='word_1_355' title='bbox 1507 2855 1724 2921; x_wconf 90' lang='lat' dir='ltr'>conscientiae</span> <span class='ocrx_word' id='word_1_356' title='bbox 1744 2856 1868 2938; x_wconf 90' lang='lat' dir='ltr'>imponi</span> <span class='ocrx_word' id='word_1_357' title='bbox 1890 2857 1976 2940; x_wconf 92' lang='lat' dir='ltr'>quod</span> <span class='ocrx_word' id='word_1_358' title='bbox 1998 2860 2047 2924; x_wconf 87' lang='lat' dir='ltr'>fas</span> <span class='ocrx_word' id='word_1_359' title='bbox 2068 2882 2136 2924; x_wconf 91' lang='lat' dir='ltr'>non</span> <span class='ocrx_word' id='word_1_360' title='bbox 2161 2870 2240 2926; x_wconf 87' lang='lat' dir='ltr'>crat.</span> <span class='ocrx_word' id='word_1_361' title='bbox 2277 2863 2392 2946; x_wconf 92' lang='lat' dir='ltr'>Neque</span> 
     </span>
     <span class='ocr_line' id='line_1_25' title="bbox 382 2940 2391 3030; baseline 0.002 -22"><span class='ocrx_word' id='word_1_362' title='bbox 382 2955 432 3009; x_wconf 91' lang='lat' dir='ltr'>set</span> <span class='ocrx_word' id='word_1_363' title='bbox 459 2945 562 3010; x_wconf 92' lang='lat' dir='ltr'>veluti</span> <span class='ocrx_word' id='word_1_364' title='bbox 590 2945 724 3009; x_wconf 89' lang='lat' dir='ltr'>inclusa.</span> <span class='ocrx_word' id='word_1_365' title='bbox 766 2945 856 3026; x_wconf 80' lang='lat' dir='ltr'>Ergo</span> <span class='ocrx_word' id='word_1_366' title='bbox 879 2965 994 3008; x_wconf 89' lang='lat' dir='ltr'>seusus</span> <span class='ocrx_word' id='word_1_367' title='bbox 1022 2944 1085 3018; x_wconf 87' lang='lat' dir='ltr'>hic,</span> <span class='ocrx_word' id='word_1_368' title='bbox 1109 2943 1163 3024; x_wconf 90' lang='lat' dir='ltr'>qui</span> <span class='ocrx_word' id='word_1_369' title='bbox 1192 2943 1359 3007; x_wconf 92' lang='lat' dir='ltr'>hominem</span> <span class='ocrx_word' id='word_1_370' title='bbox 1412 2941 1597 3006; x_wconf 90' lang='lat' dir='ltr'>enimcum</span> <span class='ocrx_word' id='word_1_371' title='bbox 1619 2940 1819 3018; x_wconf 91' lang='lat' dir='ltr'>hominibus,</span> <span class='ocrx_word' id='word_1_372' title='bbox 1846 2942 1903 3006; x_wconf 90' lang='lat' dir='ltr'>sed</span> <span class='ocrx_word' id='word_1_373' title='bbox 1931 2966 2007 3008; x_wconf 93' lang='lat' dir='ltr'>cum</span> <span class='ocrx_word' id='word_1_374' title='bbox 2034 2967 2100 3009; x_wconf 94' lang='lat' dir='ltr'>uno</span> <span class='ocrx_word' id='word_1_375' title='bbox 2122 2946 2194 3010; x_wconf 91' lang='lat' dir='ltr'>Deo</span> <span class='ocrx_word' id='word_1_376' title='bbox 2221 2951 2391 3030; x_wconf 88' lang='lat' dir='ltr'>negotium</span> 
     </span>
     <span class='ocr_line' id='line_1_26' title="bbox 382 3026 2390 3116; baseline 0.001 -20"><span class='ocrx_word' id='word_1_377' title='bbox 382 3031 468 3096; x_wconf 87' lang='lat' dir='ltr'>sistit</span> <span class='ocrx_word' id='word_1_378' title='bbox 495 3030 537 3094; x_wconf 84' lang='lat' dir='ltr'>ad</span> <span class='ocrx_word' id='word_1_379' title='bbox 560 3031 621 3095; x_wconf 91' lang='lat' dir='ltr'>Dei</span> <span class='ocrx_word' id='word_1_380' title='bbox 651 3030 822 3101; x_wconf 89' lang='lat' dir='ltr'>iudicium,</span> <span class='ocrx_word' id='word_1_381' title='bbox 851 3038 901 3094; x_wconf 91' lang='lat' dir='ltr'>est</span> <span class='ocrx_word' id='word_1_382' title='bbox 923 3030 1014 3111; x_wconf 89' lang='lat' dir='ltr'>quasi</span> <span class='ocrx_word' id='word_1_383' title='bbox 1037 3029 1203 3110; x_wconf 91' lang='lat' dir='ltr'>appositus</span> <span class='ocrx_word' id='word_1_384' title='bbox 1233 3028 1359 3091; x_wconf 92' lang='lat' dir='ltr'>homini</span> <span class='ocrx_word' id='word_1_385' title='bbox 1411 3033 1462 3091; x_wconf 93' lang='lat' dir='ltr'>est</span> <span class='ocrx_word' id='word_1_386' title='bbox 1482 3026 1687 3090; x_wconf 88' lang='lat' dir='ltr'>conscientiis</span> <span class='ocrx_word' id='word_1_387' title='bbox 1710 3028 1840 3091; x_wconf 87' lang='lat' dir='ltr'>nostris.</span> <span class='ocrx_word' id='word_1_388' title='bbox 1886 3027 1960 3107; x_wconf 79' lang='lat' dir='ltr'>Quo</span> <span class='ocrx_word' id='word_1_389' title='bbox 1988 3032 2130 3111; x_wconf 88' lang='lat' dir='ltr'>pertinet</span> <span class='ocrx_word' id='word_1_390' title='bbox 2152 3032 2232 3096; x_wconf 92' lang='lat' dir='ltr'>illud</span> <span class='ocrx_word' id='word_1_391' title='bbox 2255 3033 2390 3116; x_wconf 87' lang='lat' dir='ltr'>vulgare</span> 
     </span>
     <span class='ocr_line' id='line_1_27' title="bbox 381 3111 2390 3198; baseline 0.002 -17"><span class='ocrx_word' id='word_1_392' title='bbox 381 3128 505 3192; x_wconf 87' lang='lat' dir='ltr'>custos,</span> <span class='ocrx_word' id='word_1_393' title='bbox 529 3119 585 3198; x_wconf 91' lang='lat' dir='ltr'>qui</span> <span class='ocrx_word' id='word_1_394' title='bbox 606 3117 717 3180; x_wconf 89' lang='lat' dir='ltr'>omnia</span> <span class='ocrx_word' id='word_1_395' title='bbox 738 3116 808 3180; x_wconf 90' lang='lat' dir='ltr'>eius</span> <span class='ocrx_word' id='word_1_396' title='bbox 837 3136 956 3180; x_wconf 85' lang='lat' dir='ltr'>areana</span> <span class='ocrx_word' id='word_1_397' title='bbox 977 3115 1127 3179; x_wconf 83' lang='lat' dir='ltr'>observet</span> <span class='ocrx_word' id='word_1_398' title='bbox 1149 3135 1186 3178; x_wconf 91' lang='lat' dir='ltr'>ac</span> <span class='ocrx_word' id='word_1_399' title='bbox 1213 3113 1359 3194; x_wconf 86' lang='lat' dir='ltr'>specule—</span> <span class='ocrx_word' id='word_1_400' title='bbox 1412 3111 1584 3176; x_wconf 90' lang='lat' dir='ltr'>discrimen</span> <span class='ocrx_word' id='word_1_401' title='bbox 1603 3113 1712 3175; x_wconf 67' lang='lat' dir='ltr'>*inter</span> <span class='ocrx_word' id='word_1_402' title='bbox 1740 3122 1910 3177; x_wconf 91' lang='lat' dir='ltr'>terrenum</span> <span class='ocrx_word' id='word_1_403' title='bbox 1950 3124 1983 3179; x_wconf 91' lang='lat' dir='ltr'>et</span> <span class='ocrx_word' id='word_1_404' title='bbox 2021 3118 2236 3181; x_wconf 89' lang='lat' dir='ltr'>conscientiae</span> <span class='ocrx_word' id='word_1_405' title='bbox 2272 3121 2390 3186; x_wconf 85' lang='lat' dir='ltr'>forum</span> 
     </span>
     <span class='ocr_line' id='line_1_28' title="bbox 382 3196 2391 3287; baseline 0.002 -22"><span class='ocrx_word' id='word_1_406' title='bbox 382 3215 450 3279; x_wconf 89' lang='lat' dir='ltr'>tur,</span> <span class='ocrx_word' id='word_1_407' title='bbox 479 3224 521 3265; x_wconf 92' lang='lat' dir='ltr'>ne</span> <span class='ocrx_word' id='word_1_408' title='bbox 549 3202 627 3283; x_wconf 86' lang='lat' dir='ltr'>quid</span> <span class='ocrx_word' id='word_1_409' title='bbox 653 3204 689 3265; x_wconf 93' lang='lat' dir='ltr'>in</span> <span class='ocrx_word' id='word_1_410' title='bbox 718 3203 860 3266; x_wconf 88' lang='lat' dir='ltr'>tenebris</span> <span class='ocrx_word' id='word_1_411' title='bbox 882 3201 1046 3283; x_wconf 89' lang='lat' dir='ltr'>sepultum</span> <span class='ocrx_word' id='word_1_412' title='bbox 1074 3208 1211 3263; x_wconf 78' lang='lat' dir='ltr'>nianeat.</span> <span class='ocrx_word' id='word_1_413' title='bbox 1263 3199 1360 3263; x_wconf 90' lang='lat' dir='ltr'>Unde</span> <span class='ocrx_word' id='word_1_414' title='bbox 1412 3196 1525 3277; x_wconf 79' lang='lat' dir='ltr'>Quum</span> <span class='ocrx_word' id='word_1_415' title='bbox 1552 3204 1639 3262; x_wconf 89' lang='lat' dir='ltr'>totus</span> <span class='ocrx_word' id='word_1_416' title='bbox 1672 3196 1760 3262; x_wconf 89' lang='lat' dir='ltr'>orbis</span> <span class='ocrx_word' id='word_1_417' title='bbox 1794 3197 1986 3264; x_wconf 87' lang='lat' dir='ltr'>densissima</span> <span class='ocrx_word' id='word_1_418' title='bbox 2013 3203 2217 3284; x_wconf 88' lang='lat' dir='ltr'>ignorantiae</span> <span class='ocrx_word' id='word_1_419' title='bbox 2251 3204 2391 3287; x_wconf 86' lang='lat' dir='ltr'>caligine</span> 
     </span>
     <span class='ocr_line' id='line_1_29' title="bbox 382 3283 2392 3370; baseline 0.002 -20"><span class='ocrx_word' id='word_1_420' title='bbox 382 3296 416 3350; x_wconf 93' lang='lat' dir='ltr'>et</span> <span class='ocrx_word' id='word_1_421' title='bbox 439 3295 533 3352; x_wconf 88' lang='lat' dir='ltr'>vetus</span> <span class='ocrx_word' id='word_1_422' title='bbox 555 3287 636 3350; x_wconf 89' lang='lat' dir='ltr'>illud</span> <span class='ocrx_word' id='word_1_423' title='bbox 659 3288 880 3369; x_wconf 87' lang='lat' dir='ltr'>proverbium:</span> <span class='ocrx_word' id='word_1_424' title='bbox 911 3286 1110 3352; x_wconf 90' lang='lat' dir='ltr'>conscientia</span> <span class='ocrx_word' id='word_1_425' title='bbox 1138 3284 1227 3348; x_wconf 92' lang='lat' dir='ltr'>mille</span> <span class='ocrx_word' id='word_1_426' title='bbox 1250 3293 1358 3349; x_wconf 87' lang='lat' dir='ltr'>testes.</span> <span class='ocrx_word' id='word_1_427' title='bbox 1411 3283 1585 3347; x_wconf 90' lang='lat' dir='ltr'>obvolutus</span> <span class='ocrx_word' id='word_1_428' title='bbox 1612 3293 1711 3362; x_wconf 88' lang='lat' dir='ltr'>esset,</span> <span class='ocrx_word' id='word_1_429' title='bbox 1745 3283 1827 3348; x_wconf 91' lang='lat' dir='ltr'>haec</span> <span class='ocrx_word' id='word_1_430' title='bbox 1853 3294 1964 3350; x_wconf 87' lang='lat' dir='ltr'>tamen</span> <span class='ocrx_word' id='word_1_431' title='bbox 1993 3288 2113 3370; x_wconf 84' lang='lat' dir='ltr'>exigua</span> <span class='ocrx_word' id='word_1_432' title='bbox 2139 3288 2221 3353; x_wconf 90' lang='lat' dir='ltr'>lucis</span> <span class='ocrx_word' id='word_1_433' title='bbox 2250 3290 2392 3356; x_wconf 86' lang='lat' dir='ltr'>scintilla</span> 
     </span>
     <span class='ocr_line' id='line_1_30' title="bbox 382 3367 2391 3458; baseline 0.002 -22"><span class='ocrx_word' id='word_1_434' title='bbox 382 3371 508 3436; x_wconf 87' lang='lat' dir='ltr'>Eadem</span> <span class='ocrx_word' id='word_1_435' title='bbox 530 3373 658 3440; x_wconf 88' lang='lat' dir='ltr'>ratione</span> <span class='ocrx_word' id='word_1_436' title='bbox 681 3382 714 3436; x_wconf 94' lang='grc' dir='ltr'>θῖ</span> <span class='ocrx_word' id='word_1_437' title='bbox 729 3374 850 3437; x_wconf 90' lang='lat' dir='ltr'>Petrus</span> <span class='ocrx_word' id='word_1_438' title='bbox 869 3373 900 3453; x_wconf 87' lang='lat' dir='ltr'>(l</span> <span class='ocrx_word' id='word_1_439' title='bbox 922 3374 1011 3437; x_wconf 91' lang='lat' dir='ltr'>Petr.</span> <span class='ocrx_word' id='word_1_440' title='bbox 1031 3377 1059 3448; x_wconf 89' lang='lat'>3,</span> <span class='ocrx_word' id='word_1_441' title='bbox 1080 3374 1136 3454; x_wconf 82' lang='lat'>21)</span> <span class='ocrx_word' id='word_1_442' title='bbox 1160 3370 1263 3434; x_wconf 86' lang='lat' dir='ltr'>bonae</span> <span class='ocrx_word' id='word_1_443' title='bbox 1281 3392 1360 3453; x_wconf 86' lang='lat' dir='ltr'>erga</span> <span class='ocrx_word' id='word_1_444' title='bbox 1412 3367 1544 3433; x_wconf 89' lang='lat' dir='ltr'>residua</span> <span class='ocrx_word' id='word_1_445' title='bbox 1570 3368 1706 3447; x_wconf 89' lang='lat' dir='ltr'>mansit,</span> <span class='ocrx_word' id='word_1_446' title='bbox 1736 3377 1775 3432; x_wconf 92' lang='lat' dir='ltr'>ut</span> <span class='ocrx_word' id='word_1_447' title='bbox 1796 3369 1950 3436; x_wconf 88' lang='lat' dir='ltr'>humanis</span> <span class='ocrx_word' id='word_1_448' title='bbox 1972 3373 2122 3438; x_wconf 90' lang='lat' dir='ltr'>omnibus</span> <span class='ocrx_word' id='word_1_449' title='bbox 2143 3371 2272 3439; x_wconf 90' lang='lat' dir='ltr'>iudiciis</span> <span class='ocrx_word' id='word_1_450' title='bbox 2294 3397 2391 3458; x_wconf 91' lang='lat' dir='ltr'>supe·</span> 
     </span>
     <span class='ocr_line' id='line_1_31' title="bbox 382 3453 2392 3542; baseline 0.001 -19"><span class='ocrx_word' id='word_1_451' title='bbox 382 3459 491 3523; x_wconf 92' lang='lat' dir='ltr'>Deum</span> <span class='ocrx_word' id='word_1_452' title='bbox 514 3458 730 3522; x_wconf 90' lang='lat' dir='ltr'>conscientiae</span> <span class='ocrx_word' id='word_1_453' title='bbox 752 3459 1041 3540; x_wconf 86' lang='lat' dir='ltr'>interrogationem</span> <span class='ocrx_word' id='word_1_454' title='bbox 1063 3457 1172 3539; x_wconf 90' lang='lat' dir='ltr'>posuit</span> <span class='ocrx_word' id='word_1_455' title='bbox 1187 3476 1247 3538; x_wconf 89' lang='lat' dir='ltr'>pro</span> <span class='ocrx_word' id='word_1_456' title='bbox 1269 3464 1359 3520; x_wconf 89' lang='lat' dir='ltr'>tran·</span> <span class='ocrx_word' id='word_1_457' title='bbox 1411 3455 1532 3519; x_wconf 90' lang='lat' dir='ltr'>riorcm</span> <span class='ocrx_word' id='word_1_458' title='bbox 1548 3453 1773 3519; x_wconf 91' lang='lat' dir='ltr'>essehominis</span> <span class='ocrx_word' id='word_1_459' title='bbox 1786 3456 2018 3522; x_wconf 87' lang='lat' dir='ltr'>conscientiam</span> <span class='ocrx_word' id='word_1_460' title='bbox 2029 3468 2252 3542; x_wconf 84' lang='lat' dir='ltr'>agnoscerent</span> <span class='ocrx_word' id='word_1_461' title='bbox 2277 3458 2392 3540; x_wconf 80' lang='lat' dir='ltr'>Quan-</span> 
     </span>
     <span class='ocr_line' id='line_1_32' title="bbox 382 3539 2392 3629; baseline 0.002 -22"><span class='ocrx_word' id='word_1_462' title='bbox 382 3544 541 3626; x_wconf 86' lang='lat' dir='ltr'>quillitate</span> <span class='ocrx_word' id='word_1_463' title='bbox 574 3544 690 3619; x_wconf 91' lang='lat' dir='ltr'>animi,</span> <span class='ocrx_word' id='word_1_464' title='bbox 725 3565 827 3625; x_wconf 93' lang='lat' dir='ltr'>quum</span> <span class='ocrx_word' id='word_1_465' title='bbox 856 3544 1001 3626; x_wconf 87' lang='lat' dir='ltr'>persuasi</span> <span class='ocrx_word' id='word_1_466' title='bbox 1031 3541 1071 3606; x_wconf 90' lang='lat' dir='ltr'>de</span> <span class='ocrx_word' id='word_1_467' title='bbox 1098 3541 1226 3607; x_wconf 80' lang='lat' dir='ltr'>Christi</span> <span class='ocrx_word' id='word_1_468' title='bbox 1252 3543 1360 3624; x_wconf 87' lang='lat' dir='ltr'>gratia</span> <span class='ocrx_word' id='word_1_469' title='bbox 1412 3561 1511 3621; x_wconf 84' lang='lat' dir='ltr'>quam</span> <span class='ocrx_word' id='word_1_470' title='bbox 1543 3539 1629 3622; x_wconf 94' lang='lat' dir='ltr'>quod</span> <span class='ocrx_word' id='word_1_471' title='bbox 1660 3562 1726 3605; x_wconf 93' lang='lat' dir='ltr'>uno</span> <span class='ocrx_word' id='word_1_472' title='bbox 1753 3542 1853 3606; x_wconf 89' lang='lat' dir='ltr'>verbo</span> <span class='ocrx_word' id='word_1_473' title='bbox 1879 3543 2082 3621; x_wconf 86' lang='lat' dir='ltr'>fatebantur,</span> <span class='ocrx_word' id='word_1_474' title='bbox 2115 3552 2227 3626; x_wconf 84' lang='lat' dir='ltr'>postea</span> <span class='ocrx_word' id='word_1_475' title='bbox 2252 3569 2288 3610; x_wconf 90' lang='lat' dir='ltr'>re</span> <span class='ocrx_word' id='word_1_476' title='bbox 2320 3548 2392 3629; x_wconf 90' lang='lat' dir='ltr'>ipsa</span> 
     </span>
     <span class='ocr_line' id='line_1_33' title="bbox 382 3625 2391 3713; baseline 0.001 -20"><span class='ocrx_word' id='word_1_477' title='bbox 382 3651 443 3694; x_wconf 89' lang='lat' dir='ltr'>nos</span> <span class='ocrx_word' id='word_1_478' title='bbox 465 3629 628 3713; x_wconf 86' lang='lat' dir='ltr'>intrepide</span> <span class='ocrx_word' id='word_1_479' title='bbox 650 3649 759 3706; x_wconf 85' lang='lat' dir='ltr'>coram</span> <span class='ocrx_word' id='word_1_480' title='bbox 782 3629 853 3694; x_wconf 90' lang='lat' dir='ltr'>Deo</span> <span class='ocrx_word' id='word_1_481' title='bbox 881 3630 1056 3693; x_wconf 85' lang='lat' dir='ltr'>offerimus.</span> <span class='ocrx_word' id='word_1_482' title='bbox 1101 3628 1146 3691; x_wconf 86' lang='lat' dir='ltr'>Et</span> <span class='ocrx_word' id='word_1_483' title='bbox 1175 3641 1268 3692; x_wconf 86' lang='lat' dir='ltr'>auter</span> <span class='ocrx_word' id='word_1_484' title='bbox 1291 3628 1360 3709; x_wconf 91' lang='lat' dir='ltr'>epi·</span> <span class='ocrx_word' id='word_1_485' title='bbox 1412 3625 1666 3690; x_wconf 84' lang='lat' dir='ltr'>labefactabant:</span> <span class='ocrx_word' id='word_1_486' title='bbox 1694 3626 1799 3691; x_wconf 79' lang='lat' dir='ltr'>voluit</span> <span class='ocrx_word' id='word_1_487' title='bbox 1825 3636 1935 3692; x_wconf 88' lang='lat' dir='ltr'>tamen</span> <span class='ocrx_word' id='word_1_488' title='bbox 1961 3628 2054 3694; x_wconf 91' lang='lat' dir='ltr'>Deus</span> <span class='ocrx_word' id='word_1_489' title='bbox 2082 3631 2303 3695; x_wconf 90' lang='lat' dir='ltr'>testimonium</span> <span class='ocrx_word' id='word_1_490' title='bbox 2331 3632 2391 3697; x_wconf 87' lang='lat' dir='ltr'>ali·</span> 
     </span>
     <span class='ocr_line' id='line_1_34' title="bbox 383 3711 2390 3799; baseline 0.001 -19"><span class='ocrx_word' id='word_1_491' title='bbox 383 3717 483 3780; x_wconf 89' lang='lat' dir='ltr'>stolae</span> <span class='ocrx_word' id='word_1_492' title='bbox 515 3714 556 3779; x_wconf 88' lang='lat' dir='ltr'>ad</span> <span class='ocrx_word' id='word_1_493' title='bbox 588 3714 756 3780; x_wconf 89' lang='lat' dir='ltr'>Hebraeos</span> <span class='ocrx_word' id='word_1_494' title='bbox 786 3716 799 3797; x_wconf 87' lang='lat'>(</span> <span class='ocrx_word' id='word_1_495' title='bbox 806 3720 858 3793; x_wconf 87' lang='lat'>10,</span> <span class='ocrx_word' id='word_1_496' title='bbox 881 3716 930 3799; x_wconf 83' lang='grc'>2),</span> <span class='ocrx_word' id='word_1_497' title='bbox 966 3736 1032 3778; x_wconf 94' lang='lat' dir='ltr'>non</span> <span class='ocrx_word' id='word_1_498' title='bbox 1066 3713 1185 3778; x_wconf 85' lang='lat' dir='ltr'>habere</span> <span class='ocrx_word' id='word_1_499' title='bbox 1219 3713 1359 3796; x_wconf 87' lang='lat' dir='ltr'>amplius</span> <span class='ocrx_word' id='word_1_500' title='bbox 1413 3711 1500 3794; x_wconf 93' lang='lat' dir='ltr'>quod</span> <span class='ocrx_word' id='word_1_501' title='bbox 1517 3711 1714 3777; x_wconf 87' lang='lat' dir='ltr'>christianae</span> <span class='ocrx_word' id='word_1_502' title='bbox 1732 3712 1893 3778; x_wconf 88' lang='lat' dir='ltr'>libertatis</span> <span class='ocrx_word' id='word_1_503' title='bbox 1904 3721 1982 3778; x_wconf 91' lang='lat' dir='ltr'>tunc</span> <span class='ocrx_word' id='word_1_504' title='bbox 2000 3736 2127 3797; x_wconf 92' lang='lat' dir='ltr'>quoque</span> <span class='ocrx_word' id='word_1_505' title='bbox 2145 3722 2284 3797; x_wconf 85' lang='lat' dir='ltr'>exstare,</span> <span class='ocrx_word' id='word_1_506' title='bbox 2303 3719 2390 3799; x_wconf 92' lang='lat' dir='ltr'>quod</span> 
     </span>
     <span class='ocr_line' id='line_1_35' title="bbox 382 3798 2391 3883; baseline 0.001 -17"><span class='ocrx_word' id='word_1_507' title='bbox 382 3803 614 3866; x_wconf 87' lang='lat' dir='ltr'>conscientiam</span> <span class='ocrx_word' id='word_1_508' title='bbox 651 3802 788 3882; x_wconf 90' lang='lat' dir='ltr'>peccati,</span> <span class='ocrx_word' id='word_1_509' title='bbox 828 3823 886 3883; x_wconf 93' lang='lat' dir='ltr'>pro</span> <span class='ocrx_word' id='word_1_510' title='bbox 919 3801 1071 3865; x_wconf 85' lang='lat' dir='ltr'>liberatos</span> <span class='ocrx_word' id='word_1_511' title='bbox 1104 3801 1157 3864; x_wconf 86' lang='lat' dir='ltr'>vel</span> <span class='ocrx_word' id='word_1_512' title='bbox 1196 3798 1359 3864; x_wconf 88' lang='lat' dir='ltr'>absolutos</span> <span class='ocrx_word' id='word_1_513' title='bbox 1413 3798 1454 3861; x_wconf 92' lang='lat' dir='ltr'>ab</span> <span class='ocrx_word' id='word_1_514' title='bbox 1476 3798 1647 3861; x_wconf 90' lang='lat' dir='ltr'>hominum</span> <span class='ocrx_word' id='word_1_515' title='bbox 1673 3798 1848 3880; x_wconf 84' lang='lat' dir='ltr'>tyrannide</span> <span class='ocrx_word' id='word_1_516' title='bbox 1874 3801 2087 3866; x_wconf 87' lang='lat' dir='ltr'>conscientias</span> <span class='ocrx_word' id='word_1_517' title='bbox 2110 3802 2275 3866; x_wconf 84' lang='lat' dir='ltr'>eximeret</span> <span class='ocrx_word' id='word_1_518' title='bbox 2322 3802 2391 3868; x_wconf 80' lang='lat' dir='ltr'>Sed</span> 
     </span>
     <span class='ocr_line' id='line_1_36' title="bbox 382 3883 2391 3970; baseline 0.001 -19"><span class='ocrx_word' id='word_1_519' title='bbox 382 3909 460 3963; x_wconf 88' lang='lat' dir='ltr'>esse,</span> <span class='ocrx_word' id='word_1_520' title='bbox 484 3898 521 3950; x_wconf 89' lang='lat' dir='ltr'>ut</span> <span class='ocrx_word' id='word_1_521' title='bbox 540 3896 709 3969; x_wconf 84' lang='lat' dir='ltr'>peccatum</span> <span class='ocrx_word' id='word_1_522' title='bbox 731 3909 796 3952; x_wconf 94' lang='lat' dir='ltr'>non</span> <span class='ocrx_word' id='word_1_523' title='bbox 819 3887 958 3970; x_wconf 85' lang='lat' dir='ltr'>amphus</span> <span class='ocrx_word' id='word_1_524' title='bbox 978 3908 1038 3950; x_wconf 93' lang='lat' dir='ltr'>nos</span> <span class='ocrx_word' id='word_1_525' title='bbox 1061 3897 1187 3969; x_wconf 88' lang='lat' dir='ltr'>arguat.</span> <span class='ocrx_word' id='word_1_526' title='bbox 1413 3884 1561 3947; x_wconf 92' lang='lat' dir='ltr'>nondum</span> <span class='ocrx_word' id='word_1_527' title='bbox 1583 3883 1735 3964; x_wconf 84' lang='lat' dir='ltr'>expedita</span> <span class='ocrx_word' id='word_1_528' title='bbox 1763 3891 1813 3948; x_wconf 92' lang='lat' dir='ltr'>est</span> <span class='ocrx_word' id='word_1_529' title='bbox 1840 3884 1897 3948; x_wconf 90' lang='lat' dir='ltr'>illa</span> <span class='ocrx_word' id='word_1_530' title='bbox 1924 3885 2098 3951; x_wconf 89' lang='lat' dir='ltr'>difficultas</span> <span class='ocrx_word' id='word_1_531' title='bbox 2119 3907 2202 3967; x_wconf 88' lang='lat' dir='ltr'>quae</span> <span class='ocrx_word' id='word_1_532' title='bbox 2231 3909 2273 3951; x_wconf 81' lang='lat' dir='ltr'>ex</span> <span class='ocrx_word' id='word_1_533' title='bbox 2293 3888 2391 3953; x_wconf 89' lang='lat' dir='ltr'>Pauli</span> 
     </span>
     <span class='ocr_line' id='line_1_37' title="bbox 467 3969 2392 4054; baseline 0.002 -18"><span class='ocrx_word' id='word_1_534' title='bbox 467 3981 495 4036; x_wconf 86' lang='grc'>4.</span> <span class='ocrx_word' id='word_1_535' title='bbox 540 3973 657 4054; x_wconf 85' lang='lat' dir='ltr'>Itaque</span> <span class='ocrx_word' id='word_1_536' title='bbox 685 3974 770 4038; x_wconf 89' lang='lat' dir='ltr'>sicut</span> <span class='ocrx_word' id='word_1_537' title='bbox 800 3994 898 4054; x_wconf 88' lang='lat' dir='ltr'>opera</span> <span class='ocrx_word' id='word_1_538' title='bbox 927 3979 1111 4054; x_wconf 90' lang='lat' dir='ltr'>respectum</span> <span class='ocrx_word' id='word_1_539' title='bbox 1139 3970 1181 4035; x_wconf 87' lang='lat' dir='ltr'>ad</span> <span class='ocrx_word' id='word_1_540' title='bbox 1209 3971 1358 4036; x_wconf 90' lang='lat' dir='ltr'>homines</span> <span class='ocrx_word' id='word_1_541' title='bbox 1412 3969 1521 4034; x_wconf 84' lang='lat' dir='ltr'>verbis</span> <span class='ocrx_word' id='word_1_542' title='bbox 1543 3969 1703 4033; x_wconf 92' lang='lat' dir='ltr'>nascitur:</span> <span class='ocrx_word' id='word_1_543' title='bbox 1727 3990 1805 4033; x_wconf 89' lang='lat' dir='ltr'>nam</span> <span class='ocrx_word' id='word_1_544' title='bbox 1828 3970 1856 4035; x_wconf 93' lang='lat' dir='ltr'>si</span> <span class='ocrx_word' id='word_1_545' title='bbox 1879 3972 2078 4053; x_wconf 90' lang='lat' dir='ltr'>principibus</span> <span class='ocrx_word' id='word_1_546' title='bbox 2101 3972 2320 4037; x_wconf 91' lang='lat' dir='ltr'>obediendum</span> <span class='ocrx_word' id='word_1_547' title='bbox 2341 3985 2392 4039; x_wconf 90' lang='lat' dir='ltr'>est</span> 
     </span>
     <span class='ocr_line' id='line_1_38' title="bbox 383 4056 2391 4138; baseline 0.001 -16"><span class='ocrx_word' id='word_1_548' title='bbox 383 4059 517 4136; x_wconf 89' lang='lat' dir='ltr'>habeut,</span> <span class='ocrx_word' id='word_1_549' title='bbox 544 4060 592 4121; x_wconf 88' lang='lat' dir='ltr'>ita</span> <span class='ocrx_word' id='word_1_550' title='bbox 617 4059 814 4123; x_wconf 87' lang='lat' dir='ltr'>conscientia</span> <span class='ocrx_word' id='word_1_551' title='bbox 841 4057 882 4122; x_wconf 86' lang='lat' dir='ltr'>ad</span> <span class='ocrx_word' id='word_1_552' title='bbox 904 4059 1014 4123; x_wconf 92' lang='lat' dir='ltr'>Deum</span> <span class='ocrx_word' id='word_1_553' title='bbox 1042 4059 1194 4121; x_wconf 80' lang='lat' dir='ltr'>refertur:</span> <span class='ocrx_word' id='word_1_554' title='bbox 1223 4069 1261 4120; x_wconf 87' lang='lat' dir='ltr'>ut</span> <span class='ocrx_word' id='word_1_555' title='bbox 1282 4078 1358 4122; x_wconf 91' lang='lat' dir='ltr'>con·</span> <span class='ocrx_word' id='word_1_556' title='bbox 1412 4076 1478 4118; x_wconf 93' lang='lat' dir='ltr'>non</span> <span class='ocrx_word' id='word_1_557' title='bbox 1505 4074 1628 4136; x_wconf 88' lang='lat' dir='ltr'>poenae</span> <span class='ocrx_word' id='word_1_558' title='bbox 1654 4060 1798 4133; x_wconf 86' lang='lat' dir='ltr'>tantum,</span> <span class='ocrx_word' id='word_1_559' title='bbox 1833 4056 1891 4120; x_wconf 90' lang='lat' dir='ltr'>sed</span> <span class='ocrx_word' id='word_1_560' title='bbox 1919 4057 2134 4122; x_wconf 86' lang='lat' dir='ltr'>conscientiae</span> <span class='ocrx_word' id='word_1_561' title='bbox 2167 4079 2281 4138; x_wconf 85' lang='lat' dir='ltr'>causa,</span> <span class='ocrx_word' id='word_1_562' title='bbox 2314 4059 2391 4126; x_wconf 89' lang='lat' dir='ltr'>inde</span> 
     </span>
     <span class='ocr_line' id='line_1_39' title="bbox 381 4138 2391 4226; baseline 0 -18"><span class='ocrx_word' id='word_1_563' title='bbox 381 4145 517 4210; x_wconf 89' lang='lat' dir='ltr'>scientia</span> <span class='ocrx_word' id='word_1_564' title='bbox 549 4145 634 4209; x_wconf 87' lang='lat' dir='ltr'>bona</span> <span class='ocrx_word' id='word_1_565' title='bbox 665 4144 748 4207; x_wconf 91' lang='lat' dir='ltr'>nihil</span> <span class='ocrx_word' id='word_1_566' title='bbox 776 4144 866 4208; x_wconf 87' lang='lat' dir='ltr'>aliud</span> <span class='ocrx_word' id='word_1_567' title='bbox 893 4144 936 4208; x_wconf 92' lang='lat' dir='ltr'>sit</span> <span class='ocrx_word' id='word_1_568' title='bbox 961 4165 1060 4226; x_wconf 90' lang='lat' dir='ltr'>quam</span> <span class='ocrx_word' id='word_1_569' title='bbox 1090 4144 1226 4206; x_wconf 90' lang='lat' dir='ltr'>interior</span> <span class='ocrx_word' id='word_1_570' title='bbox 1253 4141 1358 4226; x_wconf 79' lang='lat' dir='ltr'>cordis</span> <span class='ocrx_word' id='word_1_571' title='bbox 1412 4141 1565 4221; x_wconf 90' lang='lat' dir='ltr'>consequi</span> <span class='ocrx_word' id='word_1_572' title='bbox 1587 4138 1732 4219; x_wconf 89' lang='lat' dir='ltr'>videtur,</span> <span class='ocrx_word' id='word_1_573' title='bbox 1760 4142 1796 4204; x_wconf 92' lang='lat' dir='ltr'>in</span> <span class='ocrx_word' id='word_1_574' title='bbox 1821 4143 2054 4207; x_wconf 87' lang='lat' dir='ltr'>conscientiam</span> <span class='ocrx_word' id='word_1_575' title='bbox 2076 4164 2202 4225; x_wconf 90' lang='lat' dir='ltr'>quoque</span> <span class='ocrx_word' id='word_1_576' title='bbox 2230 4143 2391 4210; x_wconf 87' lang='lat' dir='ltr'>dominari</span> 
     </span>
     <span class='ocr_line' id='line_1_40' title="bbox 303 4224 2391 4313; baseline 0 -18"><span class='ocrx_word' id='word_1_577' title='bbox 303 4233 306 4236; x_wconf 69' lang='grc'>’</span> <span class='ocrx_word' id='word_1_578' title='bbox 380 4231 559 4313; x_wconf 80' lang='lat' dir='ltr'>integritas.</span> <span class='ocrx_word' id='word_1_579' title='bbox 611 4230 652 4293; x_wconf 94' lang='lat' dir='ltr'>In</span> <span class='ocrx_word' id='word_1_580' title='bbox 680 4250 777 4311; x_wconf 91' lang='lat' dir='ltr'>quem</span> <span class='ocrx_word' id='word_1_581' title='bbox 805 4250 939 4295; x_wconf 90' lang='lat' dir='ltr'>sensum</span> <span class='ocrx_word' id='word_1_582' title='bbox 964 4228 1088 4293; x_wconf 89' lang='lat' dir='ltr'>Paulus</span> <span class='ocrx_word' id='word_1_583' title='bbox 1116 4234 1146 4304; x_wconf 72' lang='lat' dir='ltr'>tl</span> <span class='ocrx_word' id='word_1_584' title='bbox 1171 4228 1253 4292; x_wconf 74' lang='lat' dir='ltr'>Tim.</span> <span class='ocrx_word' id='word_1_585' title='bbox 1276 4227 1358 4310; x_wconf 83' lang='lat'>1,5)</span> <span class='ocrx_word' id='word_1_586' title='bbox 1411 4227 1597 4307; x_wconf 91' lang='lat' dir='ltr'>principum</span> <span class='ocrx_word' id='word_1_587' title='bbox 1625 4225 1723 4308; x_wconf 87' lang='lat' dir='ltr'>leges.</span> <span class='ocrx_word' id='word_1_588' title='bbox 1774 4224 1872 4306; x_wconf 78' lang='lat' dir='ltr'>Quod</span> <span class='ocrx_word' id='word_1_589' title='bbox 1899 4228 1928 4292; x_wconf 90' lang='lat' dir='ltr'>si</span> <span class='ocrx_word' id='word_1_590' title='bbox 1949 4249 2063 4292; x_wconf 85' lang='lat' dir='ltr'>verum</span> <span class='ocrx_word' id='word_1_591' title='bbox 2092 4236 2155 4307; x_wconf 89' lang='lat' dir='ltr'>est,</span> <span class='ocrx_word' id='word_1_592' title='bbox 2183 4228 2271 4294; x_wconf 91' lang='lat' dir='ltr'>idem</span> <span class='ocrx_word' id='word_1_593' title='bbox 2295 4230 2391 4296; x_wconf 89' lang='lat' dir='ltr'>etde</span> 
     </span>
     <span class='ocr_line' id='line_1_41' title="bbox 381 4310 2391 4398; baseline -0.001 -17"><span class='ocrx_word' id='word_1_594' title='bbox 381 4316 500 4395; x_wconf 86' lang='lat' dir='ltr'>scribit,</span> <span class='ocrx_word' id='word_1_595' title='bbox 524 4316 798 4397; x_wconf 85' lang='lat' dir='ltr'>complementum</span> <span class='ocrx_word' id='word_1_596' title='bbox 820 4315 903 4398; x_wconf 85' lang='lat' dir='ltr'>logis</span> <span class='ocrx_word' id='word_1_597' title='bbox 923 4336 993 4379; x_wconf 86' lang='lat' dir='ltr'>esse</span> <span class='ocrx_word' id='word_1_598' title='bbox 1011 4314 1190 4390; x_wconf 82' lang='lat' dir='ltr'>caritatem,</span> <span class='ocrx_word' id='word_1_599' title='bbox 1214 4335 1255 4377; x_wconf 87' lang='lat' dir='ltr'>ex</span> <span class='ocrx_word' id='word_1_600' title='bbox 1275 4334 1359 4396; x_wconf 88' lang='lat' dir='ltr'>pura</span> <span class='ocrx_word' id='word_1_601' title='bbox 1411 4311 1634 4376; x_wconf 87' lang='lat' dir='ltr'>ecelesiasticis</span> <span class='ocrx_word' id='word_1_602' title='bbox 1657 4310 1831 4377; x_wconf 89' lang='lat' dir='ltr'>dicendum</span> <span class='ocrx_word' id='word_1_603' title='bbox 1848 4314 1919 4378; x_wconf 85' lang='lat' dir='ltr'>erit</span> <span class='ocrx_word' id='word_1_604' title='bbox 1956 4313 2158 4396; x_wconf 89' lang='lat' dir='ltr'>Respondeo,</span> <span class='ocrx_word' id='word_1_605' title='bbox 2177 4315 2320 4396; x_wconf 92' lang='lat' dir='ltr'>primum</span> <span class='ocrx_word' id='word_1_606' title='bbox 2338 4316 2391 4379; x_wconf 91' lang='lat' dir='ltr'>in·</span> 
     </span>
     <span class='ocr_line' id='line_1_42' title="bbox 381 4397 2391 4483; baseline -0.001 -16"><span class='ocrx_word' id='word_1_607' title='bbox 381 4402 578 4467; x_wconf 87' lang='lat' dir='ltr'>conscientia</span> <span class='ocrx_word' id='word_1_608' title='bbox 604 4409 638 4465; x_wconf 91' lang='lat' dir='ltr'>et</span> <span class='ocrx_word' id='word_1_609' title='bbox 665 4399 729 4464; x_wconf 89' lang='lat' dir='ltr'>fide</span> <span class='ocrx_word' id='word_1_610' title='bbox 756 4423 824 4465; x_wconf 93' lang='lat' dir='ltr'>non</span> <span class='ocrx_word' id='word_1_611' title='bbox 851 4402 934 4464; x_wconf 88' lang='lat' dir='ltr'>ficta.</span> <span class='ocrx_word' id='word_1_612' title='bbox 979 4401 1101 4464; x_wconf 87' lang='lat' dir='ltr'>Postea</span> <span class='ocrx_word' id='word_1_613' title='bbox 1122 4400 1221 4463; x_wconf 91' lang='lat' dir='ltr'>etiam</span> <span class='ocrx_word' id='word_1_614' title='bbox 1244 4398 1358 4462; x_wconf 85' lang='lat' dir='ltr'>codem</span> <span class='ocrx_word' id='word_1_615' title='bbox 1411 4405 1587 4479; x_wconf 89' lang='lat' dir='ltr'>tergenus</span> <span class='ocrx_word' id='word_1_616' title='bbox 1610 4398 1808 4480; x_wconf 89' lang='lat' dir='ltr'>etspecicm</span> <span class='ocrx_word' id='word_1_617' title='bbox 1829 4397 1883 4463; x_wconf 91' lang='lat' dir='ltr'>hic</span> <span class='ocrx_word' id='word_1_618' title='bbox 1900 4419 1972 4463; x_wconf 86' lang='lat' dir='ltr'>esse</span> <span class='ocrx_word' id='word_1_619' title='bbox 1992 4399 2268 4483; x_wconf 87' lang='lat' dir='ltr'>distinguendum.</span> <span class='ocrx_word' id='word_1_620' title='bbox 2303 4400 2391 4465; x_wconf 89' lang='lat' dir='ltr'>Nam</span> 
     </span>
     <span class='ocr_line' id='line_1_43' title="bbox 380 4482 2390 4570; baseline 0.001 -22"><span class='ocrx_word' id='word_1_621' title='bbox 380 4489 484 4569; x_wconf 81' lang='lat' dir='ltr'>eapite</span> <span class='ocrx_word' id='word_1_622' title='bbox 506 4497 666 4570; x_wconf 90' lang='lat' dir='ltr'>quantum</span> <span class='ocrx_word' id='word_1_623' title='bbox 687 4487 728 4550; x_wconf 89' lang='lat' dir='ltr'>ab</span> <span class='ocrx_word' id='word_1_624' title='bbox 748 4488 965 4570; x_wconf 86' lang='lat' dir='ltr'>intelligentia</span> <span class='ocrx_word' id='word_1_625' title='bbox 982 4485 1114 4550; x_wconf 89' lang='lat' dir='ltr'>differat</span> <span class='ocrx_word' id='word_1_626' title='bbox 1135 4484 1285 4562; x_wconf 91' lang='lat' dir='ltr'>ostendit,</span> <span class='ocrx_word' id='word_1_627' title='bbox 1309 4483 1358 4547; x_wconf 91' lang='lat' dir='ltr'>di·</span> <span class='ocrx_word' id='word_1_628' title='bbox 1412 4483 1474 4546; x_wconf 89' lang='lat' dir='ltr'>etsi</span> <span class='ocrx_word' id='word_1_629' title='bbox 1502 4482 1592 4565; x_wconf 87' lang='lat' dir='ltr'>leges</span> <span class='ocrx_word' id='word_1_630' title='bbox 1614 4482 1762 4565; x_wconf 89' lang='lat' dir='ltr'>singulae</span> <span class='ocrx_word' id='word_1_631' title='bbox 1784 4485 2016 4549; x_wconf 85' lang='lat' dir='ltr'>conscientiam</span> <span class='ocrx_word' id='word_1_632' title='bbox 2043 4506 2109 4549; x_wconf 92' lang='lat' dir='ltr'>non</span> <span class='ocrx_word' id='word_1_633' title='bbox 2131 4487 2309 4569; x_wconf 87' lang='lat' dir='ltr'>attingant,</span> <span class='ocrx_word' id='word_1_634' title='bbox 2333 4507 2390 4570; x_wconf 88' lang='lat' dir='ltr'>ge·</span> 
     </span>
     <span class='ocr_line' id='line_1_44' title="bbox 382 4568 2390 4656; baseline 0 -22"><span class='ocrx_word' id='word_1_635' title='bbox 382 4592 459 4635; x_wconf 90' lang='lat' dir='ltr'>cens</span> <span class='ocrx_word' id='word_1_636' title='bbox 480 4573 635 4655; x_wconf 86' lang='lat' dir='ltr'>quosdam</span> <span class='ocrx_word' id='word_1_637' title='bbox 653 4595 673 4636; x_wconf 89' lang='lat' dir='ltr'>a</span> <span class='ocrx_word' id='word_1_638' title='bbox 691 4572 755 4637; x_wconf 86' lang='lat' dir='ltr'>fide</span> <span class='ocrx_word' id='word_1_639' title='bbox 772 4573 980 4656; x_wconf 82' lang='lat' dir='ltr'>naufragium</span> <span class='ocrx_word' id='word_1_640' title='bbox 998 4571 1121 4649; x_wconf 87' lang='lat' dir='ltr'>fecisse,</span> <span class='ocrx_word' id='word_1_641' title='bbox 1143 4571 1218 4652; x_wconf 86' lang='lat' dir='ltr'>quia</span> <span class='ocrx_word' id='word_1_642' title='bbox 1237 4570 1358 4634; x_wconf 88' lang='lat' dir='ltr'>bonam</span> <span class='ocrx_word' id='word_1_643' title='bbox 1412 4568 1515 4632; x_wconf 89' lang='lat' dir='ltr'>nerali</span> <span class='ocrx_word' id='word_1_644' title='bbox 1548 4577 1658 4632; x_wconf 85' lang='lat' dir='ltr'>tamen</span> <span class='ocrx_word' id='word_1_645' title='bbox 1686 4576 1859 4650; x_wconf 88' lang='lat' dir='ltr'>praecepto</span> <span class='ocrx_word' id='word_1_646' title='bbox 1886 4570 1950 4634; x_wconf 91' lang='lat' dir='ltr'>Dei</span> <span class='ocrx_word' id='word_1_647' title='bbox 1978 4578 2143 4648; x_wconf 89' lang='lat' dir='ltr'>tenemur,</span> <span class='ocrx_word' id='word_1_648' title='bbox 2171 4571 2259 4653; x_wconf 93' lang='lat' dir='ltr'>quod</span> <span class='ocrx_word' id='word_1_649' title='bbox 2286 4573 2390 4655; x_wconf 86' lang='lat' dir='ltr'>magi·</span> 
     </span>
     <span class='ocr_line' id='line_1_45' title="bbox 382 4653 2390 4741; baseline 0 -21"><span class='ocrx_word' id='word_1_650' title='bbox 382 4658 610 4722; x_wconf 88' lang='lat' dir='ltr'>conscientiam</span> <span class='ocrx_word' id='word_1_651' title='bbox 629 4658 878 4741; x_wconf 86' lang='lat' dir='ltr'>dereliquerant.</span> <span class='ocrx_word' id='word_1_652' title='bbox 914 4658 978 4721; x_wconf 90' lang='lat' dir='ltr'>His</span> <span class='ocrx_word' id='word_1_653' title='bbox 1001 4658 1090 4722; x_wconf 92' lang='lat' dir='ltr'>enim</span> <span class='ocrx_word' id='word_1_654' title='bbox 1115 4654 1223 4721; x_wconf 86' lang='lat' dir='ltr'>verbis</span> <span class='ocrx_word' id='word_1_655' title='bbox 1244 4655 1358 4720; x_wconf 87' lang='lat' dir='ltr'>vivum</span> <span class='ocrx_word' id='word_1_656' title='bbox 1411 4662 1576 4718; x_wconf 88' lang='lat' dir='ltr'>stratuum</span> <span class='ocrx_word' id='word_1_657' title='bbox 1604 4653 1813 4718; x_wconf 88' lang='lat' dir='ltr'>autoritatem</span> <span class='ocrx_word' id='word_1_658' title='bbox 1842 4656 1936 4720; x_wconf 91' lang='lat' dir='ltr'>nobis</span> <span class='ocrx_word' id='word_1_659' title='bbox 1964 4655 2176 4721; x_wconf 88' lang='lat' dir='ltr'>commendat.</span> <span class='ocrx_word' id='word_1_660' title='bbox 2222 4657 2332 4738; x_wconf 82' lang='lat' dir='ltr'>Atque</span> <span class='ocrx_word' id='word_1_661' title='bbox 2353 4658 2390 4721; x_wconf 91' lang='lat' dir='ltr'>in</span> 
     </span>
     <span class='ocr_line' id='line_1_46' title="bbox 382 4739 2389 4825; baseline 0.001 -21"><span class='ocrx_word' id='word_1_662' title='bbox 382 4762 452 4805; x_wconf 87' lang='lat' dir='ltr'>esse</span> <span class='ocrx_word' id='word_1_663' title='bbox 475 4741 601 4805; x_wconf 92' lang='lat' dir='ltr'>colendi</span> <span class='ocrx_word' id='word_1_664' title='bbox 622 4745 686 4808; x_wconf 93' lang='lat' dir='ltr'>Dei</span> <span class='ocrx_word' id='word_1_665' title='bbox 708 4745 862 4811; x_wconf 80' lang='lat' dir='ltr'>affectum</span> <span class='ocrx_word' id='word_1_666' title='bbox 880 4744 1108 4824; x_wconf 89' lang='lat' dir='ltr'>sincerumque</span> <span class='ocrx_word' id='word_1_667' title='bbox 1125 4742 1178 4824; x_wconf 90' lang='lat' dir='ltr'>pie</span> <span class='ocrx_word' id='word_1_668' title='bbox 1195 4748 1228 4805; x_wconf 92' lang='lat' dir='ltr'>et</span> <span class='ocrx_word' id='word_1_669' title='bbox 1245 4750 1358 4805; x_wconf 86' lang='lat' dir='ltr'>sancte</span> <span class='ocrx_word' id='word_1_670' title='bbox 1412 4739 1473 4805; x_wconf 94' lang='lat' dir='ltr'>hoc</span> <span class='ocrx_word' id='word_1_671' title='bbox 1494 4739 1627 4805; x_wconf 87' lang='lat' dir='ltr'>cardine</span> <span class='ocrx_word' id='word_1_672' title='bbox 1648 4745 1798 4804; x_wconf 83' lang='lat' dir='ltr'>versatur</span> <span class='ocrx_word' id='word_1_673' title='bbox 1819 4740 1915 4804; x_wconf 86' lang='lat' dir='ltr'>Pauli</span> <span class='ocrx_word' id='word_1_674' title='bbox 1944 4740 2120 4823; x_wconf 87' lang='lat' dir='ltr'>disputatio</span> <span class='ocrx_word' id='word_1_675' title='bbox 2142 4742 2252 4825; x_wconf 90' lang='lat' dir='ltr'>(Rom.</span> <span class='ocrx_word' id='word_1_676' title='bbox 2275 4747 2323 4822; x_wconf 89' lang='lat'>13,</span> <span class='ocrx_word' id='word_1_677' title='bbox 2345 4741 2389 4825; x_wconf 87' lang='lat' dir='ltr'>l),</span> 
     </span>
     <span class='ocr_line' id='line_1_47' title="bbox 383 4825 2389 4910; baseline 0.001 -19"><span class='ocrx_word' id='word_1_678' title='bbox 383 4825 516 4891; x_wconf 88' lang='lat' dir='ltr'>vivendi</span> <span class='ocrx_word' id='word_1_679' title='bbox 543 4827 686 4892; x_wconf 84' lang='lat' dir='ltr'>studium</span> <span class='ocrx_word' id='word_1_680' title='bbox 708 4830 838 4897; x_wconf 87' lang='lat' dir='ltr'>indicat.</span> <span class='ocrx_word' id='word_1_681' title='bbox 885 4830 1057 4894; x_wconf 83' lang='lat' dir='ltr'>Interdum</span> <span class='ocrx_word' id='word_1_682' title='bbox 1080 4827 1211 4910; x_wconf 91' lang='lat' dir='ltr'>quidem</span> <span class='ocrx_word' id='word_1_683' title='bbox 1235 4825 1277 4891; x_wconf 87' lang='lat' dir='ltr'>ad</span> <span class='ocrx_word' id='word_1_684' title='bbox 1300 4827 1358 4891; x_wconf 92' lang='lat' dir='ltr'>ho-</span> <span class='ocrx_word' id='word_1_685' title='bbox 1411 4827 1638 4909; x_wconf 85' lang='lat' dir='ltr'>magistratus,</span> <span class='ocrx_word' id='word_1_686' title='bbox 1669 4825 1822 4907; x_wconf 90' lang='lat' dir='ltr'>quoniam</span> <span class='ocrx_word' id='word_1_687' title='bbox 1849 4825 1964 4891; x_wconf 90' lang='lat' dir='ltr'>aDeo</span> <span class='ocrx_word' id='word_1_688' title='bbox 1991 4828 2058 4892; x_wconf 87' lang='lat' dir='ltr'>sint</span> <span class='ocrx_word' id='word_1_689' title='bbox 2079 4827 2237 4906; x_wconf 87' lang='lat' dir='ltr'>ordinati,</span> <span class='ocrx_word' id='word_1_690' title='bbox 2266 4829 2389 4894; x_wconf 90' lang='lat' dir='ltr'>honore</span> 
     </span>
     <span class='ocr_line' id='line_1_48' title="bbox 382 4910 2390 4999; baseline 0.002 -25"><span class='ocrx_word' id='word_1_691' title='bbox 382 4914 487 4975; x_wconf 91' lang='lat' dir='ltr'>mines</span> <span class='ocrx_word' id='word_1_692' title='bbox 516 4931 644 4992; x_wconf 89' lang='lat' dir='ltr'>quoque</span> <span class='ocrx_word' id='word_1_693' title='bbox 676 4917 877 4990; x_wconf 81' lang='lat' dir='ltr'>extenditur,</span> <span class='ocrx_word' id='word_1_694' title='bbox 912 4925 948 4980; x_wconf 91' lang='lat' dir='ltr'>ut</span> <span class='ocrx_word' id='word_1_695' title='bbox 977 4936 1079 4999; x_wconf 93' lang='lat' dir='ltr'>quum</span> <span class='ocrx_word' id='word_1_696' title='bbox 1107 4922 1247 4979; x_wconf 88' lang='lat' dir='ltr'>testatur</span> <span class='ocrx_word' id='word_1_697' title='bbox 1271 4911 1359 4994; x_wconf 85' lang='lat' dir='ltr'>apud</span> <span class='ocrx_word' id='word_1_698' title='bbox 1411 4910 1651 4994; x_wconf 88' lang='lat' dir='ltr'>prosequendos</span> <span class='ocrx_word' id='word_1_699' title='bbox 1673 4931 1752 4975; x_wconf 89' lang='lat' dir='ltr'>esse.</span> <span class='ocrx_word' id='word_1_700' title='bbox 1796 4910 1928 4976; x_wconf 89' lang='lat' dir='ltr'>Interea</span> <span class='ocrx_word' id='word_1_701' title='bbox 1954 4913 2089 4976; x_wconf 90' lang='lat' dir='ltr'>minime</span> <span class='ocrx_word' id='word_1_702' title='bbox 2114 4913 2220 4990; x_wconf 90' lang='lat' dir='ltr'>docet,</span> <span class='ocrx_word' id='word_1_703' title='bbox 2243 4934 2326 4996; x_wconf 88' lang='lat' dir='ltr'>quae</span> <span class='ocrx_word' id='word_1_704' title='bbox 2348 4914 2390 4979; x_wconf 90' lang='lat' dir='ltr'>ah</span> 
     </span>
     <span class='ocr_line' id='line_1_49' title="bbox 382 4996 2391 5083; baseline 0 -21"><span class='ocrx_word' id='word_1_705' title='bbox 382 5000 511 5062; x_wconf 91' lang='lat' dir='ltr'>Lucam</span> <span class='ocrx_word' id='word_1_706' title='bbox 537 4996 625 5078; x_wconf 79' lang='lat' dir='ltr'>(Act.</span> <span class='ocrx_word' id='word_1_707' title='bbox 645 5001 700 5071; x_wconf 84' lang='lat'>24,</span> <span class='ocrx_word' id='word_1_708' title='bbox 727 5001 780 5082; x_wconf 89' lang='grc'>16)</span> <span class='ocrx_word' id='word_1_709' title='bbox 805 5003 892 5066; x_wconf 87' lang='lat' dir='ltr'>idem</span> <span class='ocrx_word' id='word_1_710' title='bbox 913 5003 1053 5081; x_wconf 88' lang='lat' dir='ltr'>Paulus,</span> <span class='ocrx_word' id='word_1_711' title='bbox 1081 5023 1116 5065; x_wconf 90' lang='lat' dir='ltr'>se</span> <span class='ocrx_word' id='word_1_712' title='bbox 1143 5020 1286 5083; x_wconf 90' lang='lat' dir='ltr'>operam·</span> <span class='ocrx_word' id='word_1_713' title='bbox 1303 4998 1358 5062; x_wconf 90' lang='lat' dir='ltr'>de·</span> <span class='ocrx_word' id='word_1_714' title='bbox 1412 4997 1476 5062; x_wconf 89' lang='lat' dir='ltr'>illis</span> <span class='ocrx_word' id='word_1_715' title='bbox 1504 4997 1692 5062; x_wconf 89' lang='lat' dir='ltr'>scribuntur</span> <span class='ocrx_word' id='word_1_716' title='bbox 1714 4996 1816 5077; x_wconf 89' lang='lat' dir='ltr'>leges,</span> <span class='ocrx_word' id='word_1_717' title='bbox 1847 4997 1889 5061; x_wconf 91' lang='lat' dir='ltr'>ad</span> <span class='ocrx_word' id='word_1_718' title='bbox 1910 4998 2099 5062; x_wconf 84' lang='lat' dir='ltr'>interiorem</span> <span class='ocrx_word' id='word_1_719' title='bbox 2121 4999 2249 5063; x_wconf 84' lang='lat' dir='ltr'>animae</span> <span class='ocrx_word' id='word_1_720' title='bbox 2272 5001 2391 5083; x_wconf 90' lang='lat' dir='ltr'>guber·</span> 
     </span>
     <span class='ocr_line' id='line_1_50' title="bbox 384 5081 2392 5170; baseline 0.001 -24"><span class='ocrx_word' id='word_1_721' title='bbox 384 5083 469 5147; x_wconf 89' lang='lat' dir='ltr'>disse</span> <span class='ocrx_word' id='word_1_722' title='bbox 497 5091 534 5145; x_wconf 92' lang='lat' dir='ltr'>ut</span> <span class='ocrx_word' id='word_1_723' title='bbox 561 5081 645 5144; x_wconf 90' lang='lat' dir='ltr'>bona</span> <span class='ocrx_word' id='word_1_724' title='bbox 665 5085 861 5149; x_wconf 89' lang='lat' dir='ltr'>conscientia</span> <span class='ocrx_word' id='word_1_725' title='bbox 887 5088 1071 5151; x_wconf 85' lang='lat' dir='ltr'>ambularet</span> <span class='ocrx_word' id='word_1_726' title='bbox 1092 5109 1171 5170; x_wconf 87' lang='lat' dir='ltr'>erga</span> <span class='ocrx_word' id='word_1_727' title='bbox 1193 5084 1304 5149; x_wconf 91' lang='lat' dir='ltr'>Deum</span> <span class='ocrx_word' id='word_1_728' title='bbox 1326 5092 1359 5149; x_wconf 93' lang='lat' dir='ltr'>et</span> <span class='ocrx_word' id='word_1_729' title='bbox 1411 5085 1578 5149; x_wconf 89' lang='lat' dir='ltr'>nationem</span> <span class='ocrx_word' id='word_1_730' title='bbox 1599 5082 1777 5164; x_wconf 84' lang='lat' dir='ltr'>pertinere:</span> <span class='ocrx_word' id='word_1_731' title='bbox 1800 5103 1902 5164; x_wconf 92' lang='lat' dir='ltr'>quum</span> <span class='ocrx_word' id='word_1_732' title='bbox 1923 5084 2042 5165; x_wconf 90' lang='lat' dir='ltr'>ubique</span> <span class='ocrx_word' id='word_1_733' title='bbox 2064 5093 2098 5148; x_wconf 92' lang='lat' dir='ltr'>et</span> <span class='ocrx_word' id='word_1_734' title='bbox 2115 5085 2179 5148; x_wconf 92' lang='lat' dir='ltr'>Dei</span> <span class='ocrx_word' id='word_1_735' title='bbox 2201 5085 2335 5163; x_wconf 90' lang='lat' dir='ltr'>cultum,</span> <span class='ocrx_word' id='word_1_736' title='bbox 2358 5094 2392 5149; x_wconf 90' lang='lat' dir='ltr'>et</span> 
     </span>
     <span class='ocr_line' id='line_1_51' title="bbox 385 5164 2391 5253; baseline 0.001 -21"><span class='ocrx_word' id='word_1_737' title='bbox 385 5170 540 5233; x_wconf 91' lang='lat' dir='ltr'>homines.</span> <span class='ocrx_word' id='word_1_738' title='bbox 596 5164 664 5231; x_wconf 80' lang='lat' dir='ltr'>Sed</span> <span class='ocrx_word' id='word_1_739' title='bbox 697 5166 758 5231; x_wconf 91' lang='lat' dir='ltr'>hoc</span> <span class='ocrx_word' id='word_1_740' title='bbox 791 5169 864 5232; x_wconf 91' lang='lat' dir='ltr'>ideo</span> <span class='ocrx_word' id='word_1_741' title='bbox 898 5170 1020 5234; x_wconf 89' lang='lat' dir='ltr'>dietum</span> <span class='ocrx_word' id='word_1_742' title='bbox 1053 5180 1103 5236; x_wconf 90' lang='lat' dir='ltr'>est</span> <span class='ocrx_word' id='word_1_743' title='bbox 1136 5169 1222 5253; x_wconf 93' lang='lat' dir='ltr'>quod</span> <span class='ocrx_word' id='word_1_744' title='bbox 1253 5170 1358 5235; x_wconf 85' lang='lat' dir='ltr'>bonae</span> <span class='ocrx_word' id='word_1_745' title='bbox 1412 5169 1617 5252; x_wconf 88' lang='lat' dir='ltr'>spiritualem</span> <span class='ocrx_word' id='word_1_746' title='bbox 1642 5169 1727 5232; x_wconf 90' lang='lat' dir='ltr'>iuste</span> <span class='ocrx_word' id='word_1_747' title='bbox 1756 5168 1887 5232; x_wconf 85' lang='lat' dir='ltr'>vivendi</span> <span class='ocrx_word' id='word_1_748' title='bbox 1922 5169 2072 5252; x_wconf 88' lang='lat' dir='ltr'>regulam</span> <span class='ocrx_word' id='word_1_749' title='bbox 2102 5191 2202 5253; x_wconf 90' lang='lat' dir='ltr'>supra</span> <span class='ocrx_word' id='word_1_750' title='bbox 2228 5169 2391 5253; x_wconf 86' lang='lat' dir='ltr'>quaelibet</span> 
     </span>
     <span class='ocr_line' id='line_1_52' title="bbox 383 5252 2391 5338; baseline -0.001 -18"><span class='ocrx_word' id='word_1_751' title='bbox 383 5253 598 5320; x_wconf 87' lang='lat' dir='ltr'>conscientiae</span> <span class='ocrx_word' id='word_1_752' title='bbox 625 5253 752 5317; x_wconf 83' lang='lat' dir='ltr'>fruetus</span> <span class='ocrx_word' id='word_1_753' title='bbox 779 5252 820 5317; x_wconf 85' lang='lat' dir='ltr'>ad</span> <span class='ocrx_word' id='word_1_754' title='bbox 850 5253 996 5318; x_wconf 89' lang='lat' dir='ltr'>homines</span> <span class='ocrx_word' id='word_1_755' title='bbox 1024 5276 1127 5334; x_wconf 89' lang='lat' dir='ltr'>usque</span> <span class='ocrx_word' id='word_1_756' title='bbox 1154 5267 1294 5319; x_wconf 88' lang='lat' dir='ltr'>manant</span> <span class='ocrx_word' id='word_1_757' title='bbox 1321 5278 1358 5321; x_wconf 91' lang='lat' dir='ltr'>ac</span> <span class='ocrx_word' id='word_1_758' title='bbox 1412 5257 1583 5320; x_wconf 92' lang='lat' dir='ltr'>hominum</span> <span class='ocrx_word' id='word_1_759' title='bbox 1609 5253 1730 5337; x_wconf 86' lang='lat' dir='ltr'>placita</span> <span class='ocrx_word' id='word_1_760' title='bbox 1751 5253 1895 5318; x_wconf 83' lang='lat' dir='ltr'>extollat.</span> <span class='ocrx_word' id='word_1_761' title='bbox 1946 5255 2099 5321; x_wconf 88' lang='lat' dir='ltr'>Alterum</span> <span class='ocrx_word' id='word_1_762' title='bbox 2120 5276 2247 5338; x_wconf 92' lang='lat' dir='ltr'>quoque</span> <span class='ocrx_word' id='word_1_763' title='bbox 2275 5261 2391 5319; x_wconf 82' lang='lat' dir='ltr'>notatu</span> 
     </span>
     <span class='ocr_line' id='line_1_53' title="bbox 383 5337 2392 5425; baseline -0 -19"><span class='ocrx_word' id='word_1_764' title='bbox 383 5341 588 5424; x_wconf 88' lang='lat' dir='ltr'>perveniunt.</span> <span class='ocrx_word' id='word_1_765' title='bbox 637 5338 776 5420; x_wconf 89' lang='lat' dir='ltr'>Proprie</span> <span class='ocrx_word' id='word_1_766' title='bbox 800 5346 908 5402; x_wconf 90' lang='lat' dir='ltr'>autem</span> <span class='ocrx_word' id='word_1_767' title='bbox 929 5337 1091 5419; x_wconf 92' lang='lat' dir='ltr'>loquendo</span> <span class='ocrx_word' id='word_1_768' title='bbox 1120 5339 1227 5402; x_wconf 91' lang='lat' dir='ltr'>solum</span> <span class='ocrx_word' id='word_1_769' title='bbox 1250 5342 1359 5404; x_wconf 88' lang='lat' dir='ltr'>Deum</span> <span class='ocrx_word' id='word_1_770' title='bbox 1412 5340 1549 5425; x_wconf 91' lang='lat' dir='ltr'>dignum</span> <span class='ocrx_word' id='word_1_771' title='bbox 1581 5348 1645 5417; x_wconf 89' lang='lat' dir='ltr'>est,</span> <span class='ocrx_word' id='word_1_772' title='bbox 1680 5340 1766 5423; x_wconf 89' lang='lat' dir='ltr'>quod</span> <span class='ocrx_word' id='word_1_773' title='bbox 1798 5347 1910 5406; x_wconf 87' lang='lat' dir='ltr'>tamen</span> <span class='ocrx_word' id='word_1_774' title='bbox 1938 5362 1979 5405; x_wconf 88' lang='lat' dir='ltr'>ex</span> <span class='ocrx_word' id='word_1_775' title='bbox 2008 5340 2226 5424; x_wconf 89' lang='lat' dir='ltr'>superioribus</span> <span class='ocrx_word' id='word_1_776' title='bbox 2258 5339 2392 5422; x_wconf 84' lang='lat' dir='ltr'>pendet,</span> 
     </span>
     <span class='ocr_line' id='line_1_54' title="bbox 383 5421 1358 5508; baseline -0.004 -17"><span class='ocrx_word' id='word_1_777' title='bbox 383 5428 528 5508; x_wconf 87' lang='lat' dir='ltr'>respicit,</span> <span class='ocrx_word' id='word_1_778' title='bbox 552 5425 676 5489; x_wconf 88' lang='lat' dir='ltr'>utiam</span> <span class='ocrx_word' id='word_1_779' title='bbox 702 5423 778 5488; x_wconf 84' lang='lat' dir='ltr'>dixi.</span> <span class='ocrx_word' id='word_1_780' title='bbox 824 5424 913 5488; x_wconf 91' lang='lat' dir='ltr'>Hinc</span> <span class='ocrx_word' id='word_1_781' title='bbox 941 5424 978 5487; x_wconf 88' lang='lat' dir='ltr'>fit</span> <span class='ocrx_word' id='word_1_782' title='bbox 998 5433 1036 5485; x_wconf 87' lang='lat' dir='ltr'>ut</span> <span class='ocrx_word' id='word_1_783' title='bbox 1056 5421 1259 5503; x_wconf 89' lang='lat' dir='ltr'>obstringere</span> <span class='ocrx_word' id='word_1_784' title='bbox 1281 5444 1358 5487; x_wconf 90' lang='lat' dir='ltr'>eon·</span> 
     </span>
     <span class='ocr_line' id='line_1_55' title="bbox 385 5506 1618 5592; baseline -0.005 -16"><span class='ocrx_word' id='word_1_785' title='bbox 385 5513 552 5577; x_wconf 88' lang='lat' dir='ltr'>scientiam</span> <span class='ocrx_word' id='word_1_786' title='bbox 581 5511 635 5575; x_wconf 89' lang='lat' dir='ltr'>lcx</span> <span class='ocrx_word' id='word_1_787' title='bbox 657 5510 783 5574; x_wconf 87' lang='lat' dir='ltr'>dicatur</span> <span class='ocrx_word' id='word_1_788' title='bbox 805 5531 887 5592; x_wconf 88' lang='lat' dir='ltr'>quae</span> <span class='ocrx_word' id='word_1_789' title='bbox 915 5506 1105 5590; x_wconf 89' lang='lat' dir='ltr'>simpliciter</span> <span class='ocrx_word' id='word_1_790' title='bbox 1132 5506 1299 5569; x_wconf 92' lang='lat' dir='ltr'>hominem</span> <span class='ocrx_word' id='word_1_791' title='bbox 1320 5508 1359 5570; x_wconf 82' lang='lat' dir='ltr'>li‘-</span> <span class='ocrx_word' id='word_1_792' title='bbox 1416 5515 1618 5523; x_wconf 47' lang='lat'>&#39;&#39;⁴‘—</span> 
     </span>
    </p>
   </div>
   <div class='ocr_carea' id='block_1_5' title="bbox 383 5590 2394 5766">
    <p class='ocr_par' dir='ltr' id='par_1_5' title="bbox 383 5590 2394 5766">
     <span class='ocr_line' id='line_1_56' title="bbox 383 5590 2394 5699; baseline -0.002 -11"><span class='ocrx_word' id='word_1_793' title='bbox 383 5606 455 5696; x_wconf 47' lang='grc' dir='ltr'>ἕπῃ</span> <span class='ocrx_word' id='word_1_794' title='bbox 486 5598 555 5662; x_wconf 59' lang='lat' dir='ltr'>Sine</span> <span class='ocrx_word' id='word_1_795' title='bbox 584 5596 754 5695; x_wconf 57' lang='lat' dir='ltr'>homlmlm</span> <span class='ocrx_word' id='word_1_796' title='bbox 785 5597 920 5694; x_wconf 69' lang='lat' dir='ltr'>iutuitu,</span> <span class='ocrx_word' id='word_1_797' title='bbox 949 5594 1000 5659; x_wconf 64' lang='lat' dir='ltr'>vel</span> <span class='ocrx_word' id='word_1_798' title='bbox 1023 5613 1090 5656; x_wconf 67' lang='lat'>⁰⁰¹1</span> <span class='ocrx_word' id='word_1_799' title='bbox 1112 5590 1225 5654; x_wconf 64' lang='lat' dir='ltr'>habita</span> <span class='ocrx_word' id='word_1_800' title='bbox 1247 5598 1380 5656; x_wconf 21' lang='lat' dir='ltr'><strong>eorum*</strong></span> <span class='ocrx_word' id='word_1_801' title='bbox 1402 5677 1407 5684; x_wconf 85' lang='grc'><em>,</em></span> <span class='ocrx_word' id='word_1_802' title='bbox 1485 5628 1512 5688; x_wconf 87' lang='lat' dir='ltr'>l)</span> <span class='ocrx_word' id='word_1_803' title='bbox 1535 5628 1682 5681; x_wconf 75' lang='lat' dir='ltr'>Orar&#39;ttaat:</span> <span class='ocrx_word' id='word_1_804' title='bbox 1707 5631 1949 5696; x_wconf 75' lang='lat' dir='ltr'>qui1607.1617:</span> <span class='ocrx_word' id='word_1_805' title='bbox 1979 5634 2120 5687; x_wconf 78' lang='lat' dir='ltr'>scribunt:</span> <span class='ocrx_word' id='word_1_806' title='bbox 2139 5633 2230 5699; x_wconf 85' lang='lat' dir='ltr'>itaquo</span> <span class='ocrx_word' id='word_1_807' title='bbox 2251 5631 2296 5698; x_wconf 80' lang='lat' dir='ltr'>qui</span> <span class='ocrx_word' id='word_1_808' title='bbox 2316 5627 2394 5684; x_wconf 65' lang='grc'><strong>16114.</strong></span> 
     </span>
     <span class='ocr_line' id='line_1_57' title="bbox 384 5677 2385 5766; baseline -0.006 -18"><span class='ocrx_word' id='word_1_809' title='bbox 384 5691 519 5748; x_wconf 80' lang='lat' dir='ltr'>ratione.</span> <span class='ocrx_word' id='word_1_810' title='bbox 560 5682 714 5764; x_wconf 79' lang='lat' dir='ltr'>Exempli</span> <span class='ocrx_word' id='word_1_811' title='bbox 736 5690 857 5766; x_wconf 78' lang='lat' dir='ltr'>gratia:</span> <span class='ocrx_word' id='word_1_812' title='bbox 880 5703 946 5747; x_wconf 92' lang='lat' dir='ltr'>non</span> <span class='ocrx_word' id='word_1_813' title='bbox 967 5677 1063 5743; x_wconf 92' lang='lat' dir='ltr'>modo</span> <span class='ocrx_word' id='word_1_814' title='bbox 1085 5685 1213 5743; x_wconf 90' lang='lat' dir='ltr'>castum</span> <span class='ocrx_word' id='word_1_815' title='bbox 1229 5696 1361 5759; x_wconf 84' lang='lat' dir='ltr'>servare</span> <span class='ocrx_word' id='word_1_816' title='bbox 1414 5693 1489 5748; x_wconf 72' lang='grc'><strong>1661.</strong></span> <span class='ocrx_word' id='word_1_817' title='bbox 2383 5743 2385 5752; x_wconf 50' lang='grc'>,</span> 
     </span>
    </p>
   </div>
   <div class='ocr_carea' id='block_1_6' title="bbox 2136 5760 2185 5838">
    <p class='ocr_par' dir='ltr' id='par_1_6' title="bbox 2136 5760 2185 5838">
     <span class='ocr_line' id='line_1_58' title="bbox 2136 5760 2185 5838; baseline 0 -25"><span class='ocrx_word' id='word_1_818' title='bbox 2136 5760 2185 5838; x_wconf 71' lang='lat'>55·</span> 
     </span>
    </p>
   </div>
   <div class='ocr_carea' id='block_1_7' title="bbox 0 0 2804 6804">
    <p class='ocr_par' dir='ltr' id='par_1_7' title="bbox 0 0 2804 6804">
     <span class='ocr_line' id='line_1_59' title="bbox 0 0 2804 6804; baseline 0 0"><span class='ocrx_word' id='word_1_819' title='bbox 0 0 2804 6804; x_wconf 95' lang='lat' dir='ltr'> </span> 
     </span>
    </p>
   </div>
  </div>
 </body>
</html>
