5600 6809
395 754 458 813 695
760 808 763 815 ,
1041 743 1307 812 ΙΝΒΤΙΤΠΤΙΟ
1325 746 1432 812 Rau.
1454 743 1635 811 euulsa.
1658 750 1750 812 1559.
2333 750 2396 811 696

394 936 543 1002 fioultate
560 932 730 1001 versetur?
760 933 838 1013 Our,
861 934 928 1000 nisi
948 936 1025 1018 quia
1046 956 1113 999 non
1131 933 1264 999 debuit?
1293 934 1370 997 Non
1422 934 1498 998 dari
1518 935 1749 1013 resipiscentiae
1770 938 1798 997 et
1817 933 1893 1013 fidei
1913 935 2072 1014 spiritum,
2095 933 2175 999 alibi
2195 934 2345 1015 captum,
2367 940 2398 998 et

396 1023 485 1087 enim
505 1021 678 1086 oblivionis
697 1019 779 1084 vitio
801 1020 969 1085 laborabat
991 1020 1126 1103 spiritus
1154 1027 1286 1084 sanatus
1315 1018 1371 1101 qui
1422 1038 1494 1083 mon
1511 1019 1633 1100 aliquid
1649 1020 1846 1098 repetendum
1863 1021 1928 1084 crit.
1962 1019 2035 1083 lam
2053 1021 2133 1099 quod
2148 1021 2309 1099 postulant
2329 1022 2397 1084 aa
2417 1036 2422 1044 “

395 1129 455 1190 per
476 1128 512 1171 os
533 1108 603 1186 eius
625 1105 824 1187 loquebatur.
869 1106 979 1171 Nullis
1001 1127 1078 1189 ergo
1101 1104 1292 1188 ambagibus
1319 1125 1370 1167 re-
1424 1124 1506 1186 nepa
1529 1109 1563 1167 ut
1584 1103 1702 1169 duobus
1722 1105 1823 1168 modis
1843 1105 1962 1185 fabrum
1984 1111 2035 1169 cst.
2070 1105 2156 1169 Nam
2173 1108 2229 1185 pai
2245 1107 2397 1184 minatur,

396 1192 650 1343 trattati
673 1191 874 1342 1Ἣὲ
896 1189 1388 1343 fiiiideidaqdbidb
1424 1189 2399 1359 instrumentiinstrument

397 1365 509 1430 aulum
536 1329 655 1447 (Exodi
681 1299 736 1440 dd,
763 1362 831 1446 ltu:
861 1362 1038 1427 miserebor
1064 1363 1158 1427 euius
1185 1360 1371 1437 miserebor,
1424 1360 1503 1425 alibi
1524 1360 1700 1438 denaniat,
1726 1326 1790 1424 non
1811 1296 2127 1443 usdnan'sdcena
2147 1362 2210 1444 tepe
2229 1367 2264 1424 nt
2284 1383 2399 1442 omum

397 1456 432 1513 et
459 1449 667 1513 miseratione
696 1449 893 1529 complectar
920 1469 1017 1529 quem
1045 1448 1256 1511 miseratione
1283 1466 1372 1511 eom·
1424 1446 1496 1510 liter
1516 1451 1597 1510 uocet
1616 1466 1726 1510 muna.
1760 1446 1804 1509 Et
1821 1446 1877 1526 pai
1895 1445 2035 1510 Paulum
2054 1452 2160 1511 vetans
2178 1450 2213 1512 in
2230 1447 2315 1511 Asia
2332 1470 2399 1512 ner-

398 1534 536 1616 pleotar:
566 1554 604 1597 ao
625 1535 654 1598 si
676 1533 853 1611 diceretur,
875 1535 987 1598 Deum
1008 1553 1074 1597 non
1097 1533 1162 1597 alia
1182 1533 1309 1597 ratione
1331 1531 1373 1594 ad
1425 1533 1496 1595 bam
1516 1532 1632 1613 facere,
1660 1532 1836 1596 etcundem
1858 1554 1879 1595 a
1899 1531 2055 1612 Bitbpnia
2075 1538 2214 1596 annuns
2235 1534 2270 1596 in
2292 1532 2399 1597 Mace-

397 1618 654 1685 miserioordiam
675 1620 809 1694 moveri,
833 1621 896 1683 nisi
918 1619 995 1702 quia
1016 1619 1165 1682 misereri
1186 1618 1275 1685 velit.
1304 1617 1372 1681 Ve·
1425 1618 1554 1683 aonam
1574 1617 1672 1681 trabit
1692 1616 1780 1699 (Aet
1803 1622 1851 1695 16,
1870 1617 1914 1700 6),
1936 1620 1990 1683 sui
2011 1619 2096 1682 iuris
2114 1638 2181 1683 esse
2200 1620 2397 1697 mausum

398 1727 473 1770 rum
492 1726 569 1788 ergo
586 1712 699 1768 manet
715 1704 797 1768 illud
815 1704 1005 1788 Augustini,
1014 1703 1040 1787 ¹)
1063 1704 1204 1788 gratiam
1219 1702 1287 1768 -Dei
1305 1723 1373 1765 non
1425 1702 1605 1767 thesaurum
1635 1702 1717 1766 bunc
1748 1703 1861 1783 quibus
1893 1705 1997 1767 uisum
2025 1708 2069 1768 cst
2096 1704 2287 1768 distribuere.
2334 1703 2399 1768 Per

399 1790 547 1855 invenire
570 1789 743 1872 eligendos,
767 1789 824 1854 sed
845 1791 962 1855 facere.
1427 1787 1567 1853 lesaiam
1589 1788 1633 1872 (8,
1660 1787 1714 1871 16)
1736 1793 1837 1853 tamen
1858 1789 1999 1868 apertius
2020 1790 2207 1854 demonstat
2227 1810 2287 1870 prro
2307 1789 2398 1853 mado

486 1880 514 1939 9.
559 1876 608 1940 Ao
634 1896 676 1938 ne
703 1875 795 1939 illam
828 1876 960 1957 quidem
987 1875 1132 1938 Thomas
1146 1874 1175 1958 2)
1208 1873 1372 1956 argutiam
1425 1874 1527 1938 eiectis
1542 1875 1744 1954 peculiariter
1764 1874 1881 1938 salutis
1895 1877 2121 1954 promissiones
2140 1876 2277 1939 destinet.
2311 1874 2399 1938 Nam

397 1980 577 2037 moramur,
610 1961 861 2043 praescientiam
892 1960 1085 2025 meritorum
1114 1981 1182 2023 non
1211 1980 1253 2023 ex
1279 1965 1373 2039 parte
1426 1959 1463 2023 de
1484 1959 1552 2023 iltis
1572 1965 1700 2035 matura,
1723 1980 1784 2022 non
1805 1964 1908 2023 andem
1929 1960 2139 2042 indifferenter
2159 1961 2196 2024 de
2215 1966 2274 2024 toto
2289 1982 2399 2044 penne

397 2045 528 2128 quidem
551 2053 642 2111 aetus
664 2045 940 2127 praedestinantis
967 2066 1038 2110 esse
1065 2044 1373 2127 praedestinationis
1425 2045 1575 2122 aarum,
1592 2046 1757 2124 praedicat
1777 2044 1838 2108 sibi
1857 2044 1925 2126 fore
1945 2046 2122 2127 discoperies.
2174 2045 2260 2111 Unde
2280 2051 2399 2110 emutat

398 2152 542 2213 oausam3
576 2154 618 2195 ex
650 2140 743 2214 parte
764 2139 886 2196 autem
918 2139 1030 2196 nostra
1062 2129 1297 2214 quodammodo
1327 2129 1373 2193 sia
1420 2151 1588 2210 perperam
1619 2129 1804 2210 quibuslibet
1829 2131 1981 2211 prostitue
2014 2132 2129 2196 salutis
2160 2132 2331 2196 doctrinam
2362 2136 2399 2194 ut

397 2217 509 2282 vocari
537 2237 646 2298 posse;
676 2238 793 2299 nempe
824 2217 1002 2282 seeundum
1024 2216 1258 2298 particularem
1278 2236 1373 2298 prae·
1425 2216 1591 2298 efficaciter
1606 2216 1718 2296 prosit,
1739 2235 1819 2295 quae
1839 2216 1916 2280 sotis
1936 2218 2079 2282 catenae
2097 2216 2179 2296 litiis
2195 2238 2331 2282 seorsum
2350 2237 2398 2279 re-

398 2300 626 2367 destinationis
649 2303 923 2379 aestimationem,
951 2311 990 2367 ut
1015 2324 1115 2384 quum
1143 2301 1261 2365 dieitur
1280 2299 1374 2364 Deus
1420 2303 1528 2382 posita
1548 2321 1613 2366 esse
1633 2301 1755 2365 dicitur.
1789 2301 1857 2366 Hoc
1873 2302 1909 2364 in
1919 2303 2101 2382 macentia
2119 2302 2267 2382 sufficiat
2289 2322 2398 2383 quam

397 2387 643 2470 praedestinare
664 2388 790 2451 homini
812 2389 951 2472 gloriam
972 2409 1013 2452 ex
1035 2388 1177 2465 moritis,
1200 2387 1277 2469 quia
1299 2407 1374 2469 gra·
1426 2388 1475 2451 vis
1494 2387 1679 2470 penmatiter
1699 2406 1802 2451 ornnes
1829 2389 1983 2471 aontpcdct
2008 2408 2067 2453 non
2091 2389 2257 2469 evanpetii,
2285 2407 2397 2452 rarum

398 2473 480 2536 tiam
520 2473 550 2536 ei
587 2473 703 2556 largiri
741 2473 887 2538 decrevit
924 2495 989 2556 qua
1027 2473 1165 2555 gloriam
1198 2481 1372 2536 mereatur.
1426 2479 1527 2537 tamen
1559 2493 1624 2536 esse
1650 2471 1726 2551 fidei
1757 2472 1879 2538 donum
1926 2472 2063 2538 Quam
2097 2475 2240 2556 assignat
2272 2473 2398 2537 Iesaias
2463 2515 2471 2540 i

399 2556 512 2638 Quum
531 2558 620 2621 enim
638 2559 723 2622 nihil
740 2559 777 2621 in
794 2560 951 2624 electione
967 2559 1033 2624 nisi
1051 2580 1176 2623 meram
1193 2558 1374 2622 bonitatem
1410 2558 1492 2642 .(53,
1515 2558 1557 2641 1),
1578 2558 1659 2638 quod
1679 2578 1741 2621 non
1761 2559 1902 2624 ommibus
1915 2559 2050 2640 pandat
2069 2558 2230 2623 bracmum
2250 2558 2322 2624 Dei.
2359 2558 2397 2634 Si

397 2644 481 2708 volit
502 2664 561 2707 nos
579 2645 700 2708 intueri
716 2644 889 2722 Dominus,
912 2645 941 2709 si
962 2645 1035 2726 quis
1056 2644 1132 2726 plus
1153 2642 1277 2725 aliquid
1299 2663 1373 2724 pro·
1425 2646 1538 2709 diceret
1557 2643 1748 2726 annpetium
1768 2644 1903 2728 motiano
1924 2651 2113 2726 etpemersc
2133 2647 2298 2722 mntemni,
2321 2646 2397 2725 quia

399 2728 525 2812 spicere
542 2728 596 2794 hio
615 2731 731 2811 cupiat,
750 2738 962 2813 praepostera
985 2730 1049 2794 erit
1072 2730 1244 2794 affectatio.
1274 2726 1374 2808 Quod
1425 2731 1537 2794 andim
1557 2729 1759 2808 pertinaciter
1784 2729 1877 2794 multi
1902 2735 2070 2810 recusant,
2093 2730 2207 2795 aalma
2235 2730 2316 2810 forte
2346 2730 2397 2793 bic

398 2814 427 2878 si
457 2822 581 2878 certare
608 2814 788 2880 subtilitate
815 2815 927 2894 libeat,
960 2836 1028 2879 non
1062 2816 1154 2880 deest
1184 2835 1248 2897 quo
1274 2815 1373 2878 istam
1424 2816 1505 2880 calm
1531 2817 1569 2880 de
1596 2815 1771 2879 ranioersati
1798 2817 1960 2881 comtissa
2006 2816 2115 2898 Neque
2142 2836 2212 2880 nero
2230 2816 2397 2897 propbetas

398 2899 543 2965 Thomas
561 2901 757 2983 argutiolam
773 2901 995 2966 retundamus.
1018 2901 1094 2983 Ipse
1109 2900 1284 2978 contendit,
1303 2900 1372 2982 glo-
1424 2900 1589 2964 comitium
1610 2905 1656 2964 cst
1676 2905 1843 2966 amaon
1869 2902 2030 2967 bominum
2056 2903 2193 2982 cumam,
2220 2902 2273 2964 ubi
2301 2902 2397 2964 caeci

396 2986 481 3049 riam
509 2985 619 3050 electis
647 2986 881 3069 quodammodo
908 2985 1145 3069 praedestinari
1167 3009 1209 3051 ex
1231 2984 1372 3062 meritis3
1424 2987 1498 3050 tatis
1518 2986 1633 3068 forrtem
1653 3005 1718 3050 csse
1739 2986 1837 3050 tradit
1856 2989 1939 3068 quod
1960 2988 2049 3052 Deus
2068 3008 2130 3050 non
2154 2988 2298 3068 dipndnr
2325 2986 2396 3049 iltis

398 3071 475 3153 quia
502 3073 643 3154 gratiam
671 3072 736 3135 illis
763 3072 986 3152 praedestinat
1016 3071 1107 3137 Deus
1141 3093 1206 3154 qua
1234 3072 1373 3156 gloriam
1424 3070 1584 3136 tractuum
1600 3091 1695 3137 aarum
1705 3072 1897 3153 patefacere3
1917 3078 2040 3138 tantum
2057 3073 2203 3149 admonet,
2225 3073 2301 3152 quia
2315 3071 2396 3151 fides

397 3162 594 3220 mereantur.
640 3155 729 3237 Quid
751 3157 779 3221 si
802 3165 916 3222 contra
943 3158 1120 3239 excipiam,
1147 3157 1372 3240 praedestina·
1424 3157 1582 3239 sinputarc
1609 3157 1724 3220 donum
1750 3163 1807 3235 est,
1835 3163 1963 3224 erumna
1989 3160 2128 3222 doctrina
2154 3178 2248 3222 meres
2274 3158 2397 3238 fristra

394 3241 520 3305 tionem
553 3241 594 3305 ad
628 3244 770 3325 gratiam
798 3243 948 3308 electioni
976 3243 1018 3309 ad
1045 3245 1148 3309 vitam
1177 3245 1370 3321 subservire,
1422 3243 1588 3307 ombuuri.
1622 3242 1709 3307 Scire
1724 3248 1829 3307 amera
1845 3265 1884 3308 en
1900 3244 2072 3309 doctmibus
2088 3246 2161 3308 istis
2180 3243 2271 3307 aelim
2292 3243 2397 3306 solam

394 3347 528 3409 esseque
550 3328 620 3392 eius
641 3328 746 3392 veluti
766 3327 1015 3412 pedissequam?
1050 3329 1192 3412 gratiam
1213 3330 1255 3394 iis
1276 3349 1371 3412 prae-
1418 3329 1612 3412 praedicatio
1636 3328 1723 3408 filios
1748 3328 1813 3393 Dei
1837 3328 1952 3411 faciat,
1984 3349 2029 3394 an
2054 3329 2142 3409 rides.
2188 3328 2273 3394 Certe
2300 3347 2397 3408 quum

394 3411 552 3477 destinari
574 3412 692 3495 quibus
714 3413 838 3496 gloriae
859 3415 1020 3497 possessio
1042 3415 1108 3477 iam
1130 3414 1188 3478 diu
1205 3415 1372 3498 assignata
1422 3417 1541 3482 dicitur
1562 3414 1696 3478 Ioannis
1715 3416 1823 3494 priano
1850 3413 1896 3496 (v.
1923 3416 1993 3496 12).·
2019 3416 2193 3496 annuaque
2212 3415 2341 3479 credant
2361 3415 2397 3477 in

394 3499 451 3576 sit,
478 3498 555 3580 quia
581 3500 616 3562 in
642 3500 909 3564 iustificationem
938 3522 980 3564 ex
1008 3499 1166 3565 electione
1187 3501 1272 3565 filios
1294 3520 1371 3564 suos
1421 3502 1527 3583 fitium
1548 3499 1613 3565 Dei
1637 3501 1846 3582 unigenitum,
1872 3500 1958 3580 filios
1979 3500 2043 3565 Dei
2071 3503 2157 3580 ipsos
2178 3520 2297 3581 quoque
2316 3499 2396 3579 fieri,

395 3582 557 3649 adducere
589 3585 731 3649 Domino
762 3584 916 3667 placeat?
961 3585 1043 3650 Inde
1079 3585 1167 3650 enim
1207 3592 1370 3668 sequetur,
1423 3609 1485 3654 non
1506 3585 1633 3667 confusa
1656 3585 1722 3650 idio
1736 3588 1870 3667 ponitur
1890 3587 2059 3669 wrrpcrie33
2079 3587 2134 3650 sed
2154 3586 2302 3667 specialis
2323 3586 2397 3650 ordo

393 3669 726 3819 graedestinationem
748 3670 870 3753 gloriae
891 3692 1027 3736 eausam
1049 3671 1157 3753 potius
1179 3693 1249 3736 esso
1276 3691 1371 3753 prae-
1423 3675 1519 3739 datur
1544 3671 1702 3752 fiddibus,
1736 3673 1793 3751 aui
1822 3692 1884 3735 non
1915 3692 1954 3736 erc
1981 3671 2202 3754 sanguinibus,
2234 3691 2331 3751 neque
2357 3688 2397 3732 ex

417 3755 620 3835 estinationis
642 3756 776 3839 gratim
800 3777 899 3839 quam
917 3778 935 3822 e
953 3777 1117 3823 converso.
1154 3755 1222 3821 sed
1238 3756 1372 3822 valeant
1423 3761 1577 3825 voluntate
1601 3758 1718 3834 amnis,
1745 3777 1842 3838 neque
1862 3777 1900 3821 ea
1921 3757 2073 3822 adunate
2093 3758 2173 3836 oiri,
2195 3758 2250 3822 scd
2271 3777 2309 3819 ar
2329 3755 2398 3820 Deo

394 3839 476 3906 haee
504 3842 698 3918 certamina,
725 3849 764 3905 ut
792 3850 869 3906 sunt
896 3863 1098 3925 supervacua
1125 3843 1212 3907 inter
1239 3843 1372 3924 eosqui
1423 3845 1492 3911 nati
1512 3847 1593 3908 sunt.
1636 3841 1683 3906 Ac
1700 3842 1789 3924 fidei,
1818 3844 1979 3924 inquiunt,
2005 3849 2134 3908 mutuus
2154 3849 2198 3908 est
2218 3863 2287 3906 cum
2308 3842 2398 3905 uerbo

394 3927 475 3991 satis
495 3925 675 4008 sapientiae
697 3927 759 3992 sibi
781 3928 817 3991 in
834 3927 935 3993 verbo
952 3928 1018 3993 Dei
1036 3950 1107 3993 esse
1125 3928 1254 3993 ducent.
1283 3929 1372 3993 Vere
1424 3948 1597 3996 musanen.
1642 3927 1761 4009 Nempe
1791 3928 1963 4010 mimasque
1994 3935 2039 3994 est
2069 3929 2156 4009 fidas.
2203 3928 2264 3992 Sed
2295 3947 2399 3991 semen

395 4012 484 4076 enim
511 4010 593 4075 illud
623 4012 663 4076 ab
695 4011 912 4079 eeclesiastico
945 4015 1104 4097 scriptore
1137 4015 1215 4078 olim
1249 4014 1372 4078 dietum
1423 4019 1504 4081 inter
1523 4015 1635 4095 spinas
1655 4014 1772 4093 cadmo,
1793 4015 1842 4080 oet
1862 4015 1993 4080 interis
2013 4015 2180 4095 lapidosis,
2202 4034 2315 4078 novum
2336 4033 2399 4076 non

395 4097 471 4160 fuit:
495 4097 551 4178 qui
568 4098 631 4161 Dei
655 4097 847 4163 electionem
869 4101 996 4165 meritis
1020 4101 1199 4183 assignant,
1221 4120 1275 4165 eos
1297 4100 1372 4182 plus
1424 4107 1482 4182 cst‚·
1512 4121 1574 4165 non
1600 4099 1701 4164 sotum
1727 4101 1806 4182 quia
1832 4102 1935 4166 maim
1956 4122 2042 4182 pars
2068 4107 2233 4165 cardumae
2261 4120 2295 4163 re
2324 4100 2399 4247 agg

395 4202 494 4264 quam
517 4191 646 4264 oportet
667 4203 788 4265 sapere.
798 4184 826 4267 ⁸)
1424 4191 1555 4269 apparet
1580 4186 1732 4251 adsumes
1754 4186 1872 4265 Deum
1900 4189 1955 4253 sed
1983 4188 2059 4268 quia
2085 4208 2147 4251 run
2174 4206 2277 4249 omnes
2298 4185 2380 4246 ocu'-
2480 4259 2485 4267 ¹

484 4273 531 4332 10.
581 4268 738 4334 Obiiciunt
764 4270 918 4349 nouandi,
947 4271 1052 4335 Deum
1077 4271 1140 4336 sibi
1164 4273 1231 4352 fore
1252 4277 1373 4337 matra·
1423 4281 1452 4340 et
1480 4272 1612 4338 auribus
1639 4275 1712 4338 saint
1731 4273 1882 4352 praediti.
1929 4274 2084 4355 Qomodo
2110 4273 2210 4354 ipitur
2235 4269 2395 4344 conveniet,

393 4355 481 4418 rium
501 4356 532 4419 si
548 4355 768 4420 uniuersaliter
789 4376 892 4420 mnam
914 4358 956 4421 ad
977 4377 1010 4420 se
1031 4359 1148 4435 incitet,
1164 4377 1285 4437 paucos
1301 4376 1373 4421 nero
1423 4359 1528 4425 Deum
1549 4359 1592 4423 od
1612 4378 1646 4423 se
1666 4378 1774 4422 uocare
1794 4380 1870 4440 qaas
1891 4361 1950 4424 scit
1969 4379 2031 4422 non
2052 4356 2215 4444 camuros?
2257 4354 2399 4431 Respon-

394 4438 501 4504 etectos
523 4441 674 4506 admittat.
711 4440 765 4505 Sic
781 4443 1027 4521 promissionum
1047 4444 1237 4507 universitas
1258 4443 1373 4507 discre-
1423 4446 1495 4510 deat
1518 4465 1581 4526 pro
1609 4465 1657 4508 nie
1685 4443 1893 4526 Atepustinus.
1907 4448 1932 4526 ¹)
1977 4444 2152 4523 Disprdare
2182 4442 2231 4504 nis
2258 4440 2401 4502 mecum?

353 4534 358 4540 ’
394 4525 507 4589 tionem
533 4527 679 4607 specialis
705 4529 846 4608 pratiae,
873 4529 1041 4593 suanam
1069 4548 1134 4606 eos,
1162 4528 1256 4608 utcm-
1282 4534 1372 4610 aare
1423 4532 1541 4596 mirare
1561 4550 1692 4608 mentm
1721 4535 1750 4593 et
1771 4532 1926 4608 nomam,
1950 4526 2139 4593 ovabitudo!
2167 4526 2255 4590 ambo
2276 4545 2399 4588 consen-

393 4610 440 4674 ita
461 4611 629 4692 loquuntur
650 4613 801 4677 nudant
822 4615 954 4694 qnidam
975 4613 1129 4692 homines,
1151 4634 1213 4677 non
1234 4619 1300 4677 tam
1320 4634 1372 4694 op-
1423 4618 1540 4682 tiamne
1561 4617 1597 4680 in
1614 4634 1740 4695 pauore,
1762 4636 1801 4679 ne
1822 4617 1858 4680 in
1879 4635 1982 4679 arare
1997 4632 2174 4693 pereamus.
2208 4611 2301 4675 Adde
2318 4611 2400 4689 quod

389 4697 574 4776 primendae
596 4700 737 4763 oannis
754 4719 860 4777 causa,
883 4720 978 4781 quarn
1000 4705 1034 4763 ut
1054 4700 1200 4779 spinosas
1220 4701 1372 4780 qnaestio
1423 4703 1454 4767 si
1475 4702 1585 4780 electio,
1606 4705 1679 4765 usu
1701 4699 1812 4777 Panto,
1831 4701 1907 4781 fidei
1928 4704 2027 4763 matu
2047 4703 2100 4776 est,
2122 4698 2158 4761 in
2179 4718 2285 4761 eornm
2306 4700 2399 4776 capnt

394 4801 449 4846 nes
469 4789 602 4861 arceant,
624 4805 661 4848 ac
680 4784 822 4864 fraenant
842 4786 1010 4849 mutumm
1030 4785 1245 4849 annositatem.
1286 4784 1373 4848 Lau
1423 4793 1579 4866 retorqueo
1601 4790 1829 4869 armenorium,
1851 4784 1920 4849 ideo
1940 4804 2002 4847 non
2020 4803 2086 4848 esse
2104 4783 2277 4865 peneratcm
2296 4782 2397 4861 rtrum,

376 4865 515 4949 'dabitis
545 4869 702 4948 adaniae,
735 4871 789 4934 sed
820 4871 985 4934 consitium
1010 4871 1138 4933 minime
1158 4869 1372 4951 probandum:
1425 4874 1502 4955 quia
1527 4871 1674 4953 meridie
1698 4875 1744 4934 en
1768 4870 1877 4934 eiectio
1924 4869 2010 4933 Nam
2030 4891 2052 4934 a
2072 4869 2153 4934 serie
2179 4887 2348 4932 causarum
2368 4871 2397 4929 et

398 4950 476 5029 quia
507 4972 667 5032 nunqnam
699 4955 886 5020 accusabilis
917 4960 961 5020 est
988 4955 1206 5036 tmpioersatio.
1251 4955 1373 5020 Eorum
1425 4960 1584 5040 effecturum
1598 4956 1693 5037 facile
1709 4955 2041 5038 utinamutinam
2059 4954 2183 5019 Paulus
2204 4953 2304 5038 (Eph.
2319 4957 2345 5030 l,
2360 4951 2394 5034 3)

397 5054 468 5098 uero
500 5038 555 5115 qui
583 5041 761 5116 prouronce
792 5041 959 5118 iruultant,
991 5040 1088 5105 nimis
1118 5045 1196 5104 certe
1220 5042 1373 5120 putidum
1425 5064 1481 5108 nas
1506 5062 1572 5107 esse
1598 5041 1726 5122 refertos
1753 5042 1838 5105 omni
1864 5040 2066 5106 benedicturo
2091 5041 2269 5123 minutati,
2302 5037 2396 5103 acuti

397 5119 560 5200 cacitmm,
587 5123 633 5187 oet
654 5125 750 5189 nimis
766 5127 935 5205 pudendus
955 5146 1050 5190 arar.
1098 5125 1252 5207 Quomodo
1273 5127 1373 5206 scrip
1424 5149 1482 5194 nos
1506 5128 1635 5212 eteperat
1660 5125 1751 5192 Deus
1777 5132 1848 5191 ante
1873 5127 1986 5192 mundi
2011 5129 2207 5204 creationum,
2239 5127 2307 5190 ideo
2334 5142 2396 5186 non

397 5211 471 5271 tura
498 5206 572 5271 baec
597 5209 659 5272 duo
686 5211 837 5290 nucitiet,
868 5217 995 5276 catana
1010 5212 1246 5292 praedicatione
1265 5213 1373 5276 uocari
1425 5214 1566 5281 omnibus
1586 5232 1652 5279 esse
1672 5232 1846 5278 mmmunm
1866 5213 1924 5278 bas
1946 5213 2084 5293 diuitias,
2106 5214 2184 5294 quia
2204 5211 2291 5293 enan
2307 5208 2396 5274 Deus

397 5312 501 5359 mines
521 5295 566 5360 ad
580 5294 802 5374 poenitentiam
822 5301 850 5361 et
868 5297 972 5378 fider,
994 5317 1090 5379 nepte
1110 5302 1212 5364 mann
1231 5297 1372 5363 omnbus
1425 5306 1547 5366 mnam
1563 5319 1641 5381 qnos
1657 5298 1760 5383 notuit.
1793 5298 1880 5364 Haec
1896 5300 1978 5364 ratio
1994 5304 2039 5364 est
2055 5318 2111 5364 eur
2127 5297 2206 5363 albi
2226 5297 2304 5380 (Tit
2320 5292 2395 5376 1,1)

1422 5386 1517 5468 fidem
1536 5387 1698 5453 dedorunt
1713 5386 1905 5465 commendet,
1927 5406 1965 5449 ne
1981 5386 2148 5467 quamam
2161 5387 2290 5465 putetur
2304 5380 2397 5461 tidem

398 5467 500 5474 ---.
512 5470 602 5476 -...--

449 5559 614 5652 '1)a0ns1.
633 5586 660 5637 a
679 5587 772 5638 ioan.
791 5585 833 5639 ee.
853 5589 903 5657 sp.
924 5587 975 5642 roe
992 5590 1077 5658 (ree).
1155 5590 1185 5658 a)
1203 5591 1234 5644 a
1253 5590 1275 5644 1.
1295 5591 1370 5644 sint.
1424 5563 1628 5571 '‘-

400 5649 489 5704 Traot.
500 5651 541 5706 25.
553 5661 656 5723 quaest.
675 5653 717 5707 23.
758 5652 788 5720 3)
799 5656 925 5709 Ambrae.
946 5658 979 5711 de
992 5660 1089 5712 Vocat.
1108 5666 1180 5728 gent.
1199 5661 1260 5714 libr.
1279 5661 1302 5714 1.
1313 5659 1370 5714 αἰ
1493 5658 1523 5725 1)
1540 5658 1657 5728 August.
1674 5659 1708 5711 de
1726 5660 1800 5710 verb.
1820 5661 1917 5726 Apost.
1936 5658 2021 5712 Serm.
2041 5657 2082 5710 11.
